3780 5538
375 497 435 560 3³8
899 493 1121 550 ονιακασνε

375 657 433 724 δέν
459 657 635 742 ἐνεργῆσαι
661 651 840 744 δυνάμενοι
867 654 954 726 κατὰ
982 662 1042 746 τῆς
1068 661 1177 745 ψυχῆς
1203 652 1321 738 αύτοῦ,
1349 649 1435 743 ἤπερ
1457 660 1490 728 οἱ
1512 662 1679 748 αἰσθητοὶ,

374 759 451 842 περὶ
478 743 529 823 ῶν
554 749 684 835 πάντες
711 755 741 824 ολ
764 751 1028 843 ἐντυγχάνοντες
1050 752 1136 844 αύτῇ
1158 763 1200 844 τῇ
1223 762 1335 843 γραφῇ
1357 752 1584 846 ἐξειλήφαμεν.
1628 765 1679 840 τίς

375 847 408 923 δ’
431 845 545 934 οῦτως
575 851 771 942 ἐκπεφεῦγει
802 860 865 924 τοῦ
893 862 1138 944 κεχειρωμένον
1167 852 1234 926 ῦπῦ
1266 862 1316 944 τῷ
1342 851 1448 944 Ἰησοῦ
1474 862 1525 945 τῷ
1552 861 1680 946 σωτῆρι

375 947 472 1042 ἡμῶν
497 949 625 1040 κήτους
647 949 711 1040 τὴν
733 959 886 1041 γαστέρα,
909 951 1023 1025 πάντα
1046 952 1109 1026 τὸν
1131 952 1263 1044 φυγάδα
1285 961 1348 1026 τοῦ
1369 961 1453 1026 θεοῦ
1474 962 1679 1026 καταπίνον-

341 1065 357 1118 5
374 1077 443 1136 τος,
466 1047 514 1133 ῶς
534 1046 649 1134 Ἰωνᾶς
668 1050 859 1140 χωρητικός
880 1050 1055 1143 γινόμενος
1077 1052 1125 1138 ῶς
1146 1048 1240 1143 άγιος
1262 1050 1358 1142 άγίου
1379 1053 1589 1144 πνεύματος·

456 1169 548 1236 XVII
572 1180 597 1236 1.
637 1164 684 1238 Ού
710 1167 910 1257 θαυμαστὸν
939 1175 974 1240 δέ
1007 1176 1035 1242 εί
1065 1177 1126 1258 μὲν
1156 1177 1259 1242 πᾶσιν
1295 1166 1421 1260 ὁμοίως
1454 1189 1526 1253 τοὶς
1557 1169 1679 1258 λαμβά-

373 1288 499 1350 νουσιν,
523 1261 565 1336 ίν’
588 1259 820 1350 ούτωςιείπω,
852 1265 895 1339 τά
920 1270 1081 1358 ποιητικὰ
1108 1277 1182 1341 τῶν
1212 1269 1384 1341 τοιούτων
1410 1277 1515 1342 σκιῶν
1540 1271 1680 1360 σῶματα

373 1358 395 1452 ἦ
425 1359 524 1454 ὁμοία
553 1361 595 1436 ού
624 1371 754 1437 δίδοται
785 1366 873 1446 σκιὰ,
907 1376 972 1438 τισὶ
1003 1365 1034 1440 δ’
1058 1363 1183 1456 ὁμοίως
1209 1375 1338 1442 δίδοται
1366 1367 1449 1440 σκιά.
1489 1377 1594 1442 τοῦτο
1615 1369 1679 1458 γὰρ

374 1481 447 1546 τοῖς
472 1472 648 1553 θεωροῦσι
675 1463 718 1537 τὰ
745 1466 940 1556 γνωμονικά
962 1465 1183 1557 προβλήματα
1207 1477 1263 1539 καί
1285 1467 1349 1540 τὸν
1370 1477 1444 1539 τῶν
1466 1477 1572 1540 σκιῶν
1594 1467 1680 1558 πρὸς

323 1581 357 1636 10
373 1560 415 1634 τὸ
442 1572 600 1651 φωτίζον
627 1572 722 1655 σῶμα
749 1562 853 1654 λόγον
879 1575 997 1654 σαφῶς
1018 1574 1223 1656 παρίσταται
1245 1577 1429 1656 συμβαῖνον
1449 1567 1613 1640 καὶκατὰ
1636 1568 1679 1640 τά

373 1661 532 1753 σῶματα·
555 1672 622 1736 τισί
649 1670 731 1754 γοῦν
758 1659 870 1736 άσκιοί
897 1671 979 1736 εἰσιν
1005 1671 1037 1738 σί
1059 1666 1231 1756 γνώμονες
1251 1673 1360 1756 καιρῷ
1383 1697 1460 1751 τινι,
1484 1669 1612 1754 ἑτέροις
1634 1674 1678 1744 δὲ.

374 1757 416 1832 ἵν’
438 1756 553 1845 ούτως
576 1767 669 1848 είπω,
692 1763 885 1853 βραχύσκιοι
906 1772 961 1836 καί
984 1767 1109 1854 ἑτέροις
1130 1760 1209 1854 παρ’
1225 1765 1359 1852 ἑτέρους
1379 1766 1678 1856 μακροσκιῶτεροι.

352 1857 416 1958 Ιοῦ
435 1867 518 1952 μέγα
541 1869 660 1934 τοίνυν
682 1869 724 1946 εί,
751 1869 813 1954 τῆς
834 1870 1031 1953 προθέσεως
1054 1871 1116 1937 τοῦ
1138 1871 1356 1953 δωρουμένου
1377 1864 1419 1937 τὰ
1441 1863 1680 1956 προηγούμενα

372 1965 588 2052 χαριζομένης
621 1959 710 2033 κατά
740 1991 836 2046 τινας
862 1959 1042 2053 ἀναλογίας
1068 1961 1283 2054 ἀπορρήτους
1309 1972 1365 2035 καί
1391 1963 1553 2054 μυστικάς
1578 1961 1678 2053 άρμο-

324 2079 356 2133 15
374 2056 506 2148 ζύντως
533 2079 606 2144 τοῖς
628 2059 833 2150 λαμβάνουσι
862 2069 917 2132 καὶ
944 2081 1016 2146 τοῖς
1036 2061 1185 2152 χρόνοις,
1213 2057 1271 2134 ὅτε
1293 2067 1425 2138 δίδοται
1447 2062 1489 2134 τά
1511 2064 1679 2155 προηγού

373 2187 471 2249 μενα,
500 2155 558 2230 ὁτὲ
584 2168 646 2250 μὲν
673 2156 749 2233 ούδ’
772 2155 863 2244 ὅλως
889 2166 922 2234 αί
949 2170 1036 2233 σκιαὶ
1062 2181 1135 2245 τοῖς
1157 2158 1381 2250 λαμβάνουσιν
1403 2162 1545 2234 ἕπονται
1564 2159 1622 2235 ῦτέ
1644 2169 1679 2236 δὲ

374 2254 416 2330 ού
440 2255 584 2331 πάντων
614 2259 700 2332 ἀλλὰ
727 2255 855 2348 ὀλίγων
881 2256 939 2332 ὁτὲ
965 2267 1000 2332 δὲ
1027 2257 1189 2343 ἐλάττους
1216 2269 1380 2351 συγκρίσει
1407 2265 1547 2351 ἑτέρων,
1573 2259 1680 2352 μειζό-

374 2387 447 2430 νων
468 2354 584 2442 άλλοις
606 2363 925 2431 ἐπακολουθουσῶν.
962 2354 1077 2449 ῶσπερ
1099 2351 1163 2431 οῦν
1184 2357 1248 2430 τὸν
1270 2367 1438 2449 ζητοῦντα
1459 2361 1521 2446 τὰς
1540 2359 1680 2452 ἡλιακὰς

374 2454 514 2542 άκττνας
540 2453 625 2530 ούτε
650 2465 805 2548 παροῦσα
827 2455 909 2531 οῦτε
930 2457 1061 2532 ἀποῦσα
1083 2455 1104 2548 ἠ
1126 2465 1199 2530 τῶν
1221 2457 1390 2546 σωμάτων
1411 2460 1487 2532 σκιὰ
1510 2458 1678 2551 εῦφραίνει

323 2551 395 2645 2οἢ
418 2566 525 2642 λυπεῖ,
548 2559 671 2646 ἔχοντα
697 2557 738 2628 τὸ
760 2555 1040 2646 ἀναγκαιότατον,
1062 2556 1148 2628 ἐπάν
1168 2565 1427 2648 πεφωτισμένος
1448 2556 1527 2650 ἢτοι
1549 2564 1679 2650 ἐστερη-

307 2662 474 2746 151μένος
501 2684 521 2743 η
552 2663 614 2747 τῆς
640 2663 733 2740 σκιᾶς
760 2650 781 2747 ἢ
806 2666 926 2728 πλεῖον
950 2667 954 2740 Ι
978 2651 998 2746 ἢ
1026 2661 1171 2729 ἔλαττον
1197 2661 1253 2746 έχη
1282 2663 1342 2748 τῆς
1364 2665 1471 2743 σκιᾶς·
1501 2655 1615 2744 οῦτως
1636 2654 1680 2732 ἂν

372 2763 464 2845 παρῇ
492 2753 571 2847 ἡμίν
598 2755 641 2828 τὰ
667 2755 876 2846 πνευματικά
897 2763 952 2828 καί
976 2757 1208 2846 φωτιζῶμεθα
1229 2754 1296 2828 ύπὸ
1319 2764 1382 2830 τοῦ
1402 2765 1488 2831 θεοῦ
1507 2757 1593 2848 πρὸς
1615 2758 1680 2849 τὴν

374 2863 527 2946 παντελῆ
552 2862 673 2947 κτῆσιν
694 2865 768 2928 τῶν
789 2853 968 2946 άληθινῶν
989 2853 1142 2946 άγαθῶν,
1164 2852 1205 2926 ού
1225 2856 1512 2948 μικρολογήσομαι
1531 2865 1608 2948 περί
1630 2855 1679 2931 εῦ-

374 2961 492 3038 τελοῦς
513 2953 715 3046 πράγματος
736 2962 800 3026 τοῦ
820 2954 907 3026 κατὰ
929 2954 994 3046 τὴν
1015 2953 1120 3027 σκιάν.
1156 2953 1270 3027 πάντα
1291 2955 1354 3044 γὰρ
1376 2957 1419 3028 τά
1441 2954 1539 3030 ῦλικά
1560 2965 1614 3029 καὶ
1636 2957 1679 3030 τά

322 3069 356 3125 25
374 3055 557 3144 σωματικά,
589 3051 691 3127 ῦπσῑά
721 3083 807 3126 ποτε
842 3049 885 3126 άν
913 3052 1073 3144 τυγχάνη,
1104 3061 1198 3154 σκιάς
1229 3051 1399 3146 άμενηνσῦ
1428 3065 1484 3127 καὶ
1514 3053 1679 3144 άδρανοῦς

374 3159 439 3244 ἔχει
465 3151 586 3244 λόγον,
613 3151 769 3243 ούδαμῶς
797 3152 963 3243 δυνάμενα
987 3153 1264 3243 παραβάλλεσθαι
1289 3153 1375 3243 πρὸς
1402 3155 1463 3239 τὰς
1490 3165 1679 3246 σωτηρίους

373 3260 438 3326 τοῦΙ
457 3261 542 3327 θεοῦ
563 3262 638 3326 τῶν
661 3248 753 3326 ὅλων
773 3261 830 3324 καί
848 3249 943 3342 άγίας
957 3250 1093 3342 δωρεάς.
1129 3263 1211 3324 ποία
1226 3253 1288 3344 γάρ
1303 3253 1470 3344 σύγκρισις
1485 3261 1679 3344 σωματικοῦ

458 3424 478 3481 5
500 3422 564 3494 vgl.
582 3423 654 3478 Hiob
674 3426 697 3488 3,
715 3425 740 3480 8.
767 3421 838 3477 ίοοε
855 3425 879 3490 2,
898 3427 920 3477 1.
939 3425 964 3480 2.
983 3427 1013 3477 11
1038 3423 1092 3476 und
1110 3423 1253 3492 On'genes‚
1272 3423 1375 3477 Comm.
1393 3424 1422 3477 in
1438 3423 1500 3478 Joh.
1519 3426 1531 3478 1
1551 3427 1581 3480 17
1605 3429 1678 3493 [tom.

370 3511 384 3563 I
401 3527 427 3580 p.
445 3511 478 3565 36
508 3509 550 3563 ed.
568 3508 686 3570 Lomm„
705 3508 781 3572 120,
800 3508 900 3576 29sqq.
924 3507 966 3562 ed.
989 3507 1113 3574 Brooke).
1143 3508 1183 3562 De
1205 3509 1289 3579 princ.
1308 3507 1346 3560 IV
1369 3511 1385 3562 5
1407 3512 1483 3571 (bom.
1500 3509 1564 3563 XXI
1586 3527 1611 3580 p.
1628 3509 1679 3564 492

372 3594 414 3649 ed.
431 3593 557 3659 Lomm.).
578 3623 611 3632 —
634 3593 653 3648 θ
677 3591 739 3661 vgl.
757 3591 841 3658 Plin.,
860 3591 922 3646 Nat.
941 3591 1003 3646 hiat.
1021 3593 1047 3644 II
1066 3593 1098 3646 72
1110 3593 1231 3662 (van-76
1244 3593 1304 3663 (78).
1327 3623 1359 3632 -
1383 3592 1421 3648 22
1439 3591 1502 3662 vgl.
1520 3593 1603 3648 Hebr.
1621 3593 1645 3657 6,
1661 3598 1679 3646 4

372 3678 539 3748 (501119).

456 3814 475 3869 2
498 3812 540 3878 τίς
557 3806 584 3867 δ’
604 3801 704 3880 ούτως]
723 3813 767 3877 τίς
783 3805 812 3866 δ’
831 3807 881 3880 σδχ
899 3799 991 3875 οῦτως
1007 3812 1085 3866 Βοαίι
1104 3811 1158 3879 (bei
1176 3812 1328 3869 Βε1.Ι225
1346 3817 1426 3868 Anm.
1445 3814 1472 3881 ε)
1488 3814 1492 3880 Ι
1508 3813 1527 3868 8
1546 3809 1679 3883 ἐκπεφεύ-

371 3896 424 3968 γει]
443 3891 600 3966 ἐκπέφευγε
618 3895 700 3966 Angl.
719 3897 753 3965 (a.
771 3913 795 3950 a.
814 3893 855 3965 Ο.)
878 3897 884 3962 Ι
906 3896 925 3950 5
950 3891 1005 3964 μέν
1026 3896 1149 3950 schreibe
1171 3897 1217 3951 ich
1239 3899 1291 3952 mit
1308 3897 1388 3966 Angl.
1407 3897 1461 3966 (bei
1480 3897 1539 3952 Del.
1558 3898 1678 3964 191912).

371 3975 410 4050 μὴ
427 3980 558 4050 TAusgg.
583 3981 588 4047 Ι
611 3987 700 4035 πᾶσιν
723 3971 833 4047 ὁμοίως
854 3979 925 4050 τοῖς]
947 3986 1020 4036 πᾶσι
1047 3988 1108 4046 τοῖς
1135 3973 1244 4050 ὁμοίως
1265 3983 1329 4036 lieet
1352 3981 1434 4052 Angl.
1453 3987 1488 4050 Ιιι.
1500 4001 1524 4037 α
1537 3980 1579 4053 Ο.)
1602 3982 1680 4036 nieht

371 4067 442 4120 ohne
454 4064 756 4119 Wahrscheinliohkeit
771 4067 775 4133 Ι
791 4066 808 4121 8
826 4056 843 4134 ἢ
863 4059 952 4132 ὁμοία
970 4065 1094 4119 schreibe
1109 4065 1154 4118 ich
1171 4066 1224 4120 miss
1241 4069 1320 4123 Bent.
1337 4085 1363 4122 u.
1377 4067 1437 4121 Del.
1455 4067 1477 4134 (I
1488 4067 1538 4120 225
1551 4067 1631 4118 Anm.
1641 4064 1679 4126 51.

372 4143 481 4218 ὁμοίως
498 4149 582 4218 ΑιιςΙ.
600 4149 635 4218 (a.
649 4167 674 4204 κ
687 4149 739 4220 0.),
756 4143 773 4219 ἢ
792 4141 899 4218 ὅμοιον
915 4149 1045 4219 TAusgg.
1061 4151 1065 4218 Ι
1081 4141 1199 4220 ὁμοίως]
1219 4143 1294 4216 ὅλως
1312 4145 1347 4206 ού
1368 4151 1445 4206 Βειιί.
1465 4167 1491 4204 u.
1509 4149 1569 4204 Del.
1587 4149 1610 4218 (I
1629 4149 1679 4205 225

371 4239 451 4289 Δοια.
470 4235 498 4303 b)
523 4237 527 4300 Ι
554 4235 593 4290 10
614 4237 664 4290 καί
681 4227 755 4290 κατὰ
772 4231 807 4289 τὰ
827 4228 958 4304 στύματα]
977 4225 1051 4288 κατὰ
1069 4225 1103 4287 τά
1121 4235 1247 4303 κλίματα
1265 4235 1349 4304 Angl.
1368 4240 1402 4302 Ιει
1416 4252 1439 4288 ια
1453 4233 1494 4302 Ο.)
1514 4235 1518 4302 Ι
1539 4234 1577 4290 14
1599 4251 1678 4303 χαρι-

372 4317 493 4390 ζομένης
509 4317 622 4374 TLond.
632 4317 826 4391 χαριζομένου
838 4316 952 4372 Ox.Del.
968 4320 973 4387 Ι
989 4318 1028 4375 15
1048 4312 1174 4384 αῦδόλως
1184 4317 1269 4372 Lond.
1285 4321 1289 4386 Ι
1306 4320 1342 4375 15
1363 4311 1435 4372 σίλλά
1447 4319 1470 4372 Τ
1483 4311 1543 4372 ἀλλ’
1557 4319 1675 4387 Ausgg:

373 4404 411 4458 19
429 4409 487 4458 τῶν
506 4398 658 4474 σωμάτων]
676 4409 730 4460 τοῦ
749 4397 885 4470 σώματος
910 4403 989 4457 Βεσί
1011 4401 1066 4472 (bei
1089 4402 1148 4457 Del.
1166 4403 1179 4458 I
1202 4404 1252 4458 225
1270 4406 1351 4457 Διιτσ.
1369 4401 1393 4470 ί)
1418 4403 1422 4470 Ι
1444 4401 1484 4458 20
1501 4399 1678 4472 πεφωτισμέ-

371 4505 421 4552 νσς
440 4480 503 4556 ἦτοι
526 4483 725 4559 ἐστερημένος]
743 4485 962 4556 πεφωτισμένος
980 4473 1039 4556 (η’),
1056 4480 1106 4543 sl?
1124 4484 1314 4559 ἐστερημένος
1330 4485 1405 4541 lesen
1422 4485 1500 4540 Βεαίι
1510 4485 1569 4540 Del.
1589 4487 1679 4556 (1225

371 4573 451 4626 Anm.
470 4571 498 4640 g)
516 4573 599 4642 Angl.
617 4574 652 4642 (ε,
671 4589 695 4626 α
713 4570 754 4640 Ο.)
773 4571 845 4626 ohne
863 4570 966 4636 (ἱστοῦ,
985 4571 1021 4626 σε
1038 4571 1088 4626 ἁτε
1106 4571 1246 4626 τετωίεείε
1266 4559 1284 4640 ᾖ
1301 4571 1394 4625 ίιίαίετ
1411 4565 1602 4642 ἐστερημένος
1619 4587 1677 4627 νοτ·

371 4655 483 4710 handen
499 4658 536 4710 ist
550 4659 555 4726 Ι
570 4657 610 4714 25
628 4657 707 4726 ποτε]
725 4653 791 4712 ποτ’
807 4655 893 4712 Lond.
