3704 5516
343 507 403 569 208
881 505 1106 560 ΩΡΙΓΕΝΟΥΣ

343 661 638 754 βουλευόμενοι,
671 664 723 749 ῶς
753 664 949 738 οὐδέποτε
980 663 1113 754 ὀρθῶς
1144 673 1308 757 ἔχοντος
1338 665 1433 740 οὔτε
1463 675 1536 739 τοῦ
1566 665 1652 738 άδι-

343 782 427 834 κεῑν
453 759 549 835 οὔτε
575 770 647 836 τοῦ
672 762 905 838 άνταδικεῑν
928 763 1022 839 οὔτε
1043 775 1175 852 κακῶς
1196 765 1403 856 πάσχοντα
1425 763 1650 856 άμόνεσθαι

344 857 598 952 άντιδρῶντα
624 873 769 949 κακῶς·
800 861 820 955 ἢ
851 863 1069 952 ἀφίστασαι
1094 875 1158 938 καὶ
1184 865 1229 940 οὐ
1254 887 1467 952 κοινωνεῖς
1490 873 1558 957 τῆς
1579 863 1648 955 άρ-

340 969 428 1052 γῆς·
457 969 543 1052 ἐμοὶ
564 969 634 1066 μὲν
656 965 727 1055 γάρ
749 973 813 1036 καὶ
835 965 957 1038 πάλαι
980 961 1110 1050 οὕτως
1131 975 1195 1038 καί
1215 975 1287 1038 νῦν
1304 970 1362 1040 ἔτι
1380 973 1515 1040 δοκεῑί·
1543 963 1648 1036 Πλά-

308 1078 440 1134 5τωνι
462 1071 531 1153 μὲν
554 1067 626 1135 οὑν
649 1057 778 1148 οὕτως
802 1073 806 1152 Ι
830 1061 980 1156 ἤρεσεν,
1007 1060 1054 1157 ἢν
1082 1073 1121 1138 δὲ
1146 1077 1211 1139 καὶ
1233 1065 1412 1158 πρόσθεν
1435 1071 1495 1139 ’ἑτι
1516 1075 1648 1148 θείοις
1668 1089 1723 1142 736
1838 1079 1839 1140 3

342 1159 507 1252 άνδράοι
535 1169 760 1254 δεδογμένα.
803 1160 903 1237 άλλὰ
932 1174 1060 1239 τῶνδε
1088 1175 1158 1256 μὲν
1186 1174 1275 1258 πέρι
1304 1176 1369 1238 καί
1395 1175 1479 1239 τῶν
1501 1163 1645 1237 ἄλλων.

343 1258 413 1336 όσα
442 1272 808 1353 παραφθείρουσιν,
843 1261 1012 1352 ἀρκείτω
1056 1267 1103 1338 τά
1143 1273 1347 1357 εἰρημένα·
1375 1275 1441 1338 καί
1471 1261 1552 1356 ότῳ
1582 1273 1645 1352 φί-

342 1375 412 1436 λον
435 1369 498 1435 ἐπὶ
519 1359 661 1433 πλεῖόν
682 1395 720 1436 τι
743 1361 877 1436 αὐτῶν
900 1376 1044 1454 ζητείν,
1068 1371 1225 1439 τίσεται.

423 1469 500 1534 LIX.
533 1461 624 1551 Πρὸς
650 1470 755 1535 τοῦτο
777 1463 817 1553 δὴ
839 1473 894 1534 καὶ
916 1464 1001 1552 πρὸς
1023 1464 1146 1550 πάντα,
1170 1461 1231 1540 ὅσα
1252 1473 1505 1558 ἐκοινοποίησεν
1527 1462 1647 1538 dm·
1667 1475 1720 1530 Ph
1736 1479 1777 1540 513,
1791 1481 1815 1530 11

291 1573 324 1628 10
341 1586 412 1647 σος,
446 1562 491 1653 μὴ
522 1569 680 1651 δυνηθεὶς
709 1559 825 1635 αὐτῶν
856 1561 1055 1652 ἀντιβλέψαι
1087 1573 1129 1654 τῇ
1156 1562 1363 1656 άληθότητι,
1391 1564 1534 1654 φάσκων
1559 1561 1647 1636 αὐτὰ

340 1671 396 1734 καὶ
417 1659 497 1751 παρ’
511 1657 671 1751 Ἕλλησιν
698 1669 896 1752 εἰρῆσθαι,
920 1672 1062 1735 τοιαῦτα
1083 1673 1234 1738 λεκτέον·
1263 1663 1489 1757 εἶ’ῶφέλιμόν
1511 1671 1581 1738 ἐστι
1604 1665 1646 1736 τὸ

340 1761 446 1852 δόγμα
474 1769 530 1833 καί
559 1761 600 1834 τὸ
629 1761 777 1851 βούλημα
807 1759 912 1834 αὐτοῦ
940 1760 1041 1852 ὑγιὲς,
1069 1769 1224 1854 είρητοι
1253 1771 1287 1837 δὲ
1306 1759 1443 1854 Ἕλλησι
1465 1770 1526 1852 μὲν
1553 1764 1646 1852 παρὰ

340 1860 525 1934 Πλάτωνι
548 1857 568 1948 ἧ
590 1889 660 1931 τινι
682 1870 756 1933 τῶν
778 1859 948 1952 Ἑλλήνων
970 1872 1120 1951 σοφῶν,
1142 1860 1313 1948 Ἰουδαίοις
1335 1870 1371 1936 δε
1392 1866 1487 1954 παρὰ
1507 1871 1649 1936 Μωῦσει

339 1961 361 2052 ἦ
383 1991 451 2034 τινι
473 1969 546 2033 τῶν
568 1969 769 2052 προφητῶν,
794 1969 1010 2048 Χριστιανοίς
1031 1967 1067 2032 δὲ·
1090 1967 1157 2050 (ἐν)
1181 1981 1252 2047 τοῖς
1278 1960 1518 2054 άναγραφεῑσιν
1538 1960 1647 2053 Ἰησοῦ

290 2071 322 2124 15
339 2061 454 2152 λόγοις
476 2056 496 2152 ἢ
519 2067 728 2149 λελεγμένοις
747 2059 839 2150 παρά
861 2090 930 2132 τινι
953 2070 1026 2134 τῶν
1044 2057 1249 2133 ἀποστόλων
1266 2059 1383 2134 αὐτοῦ·
1407 2061 1448 2136 οδ
1466 2069 1646 2150 νομιστέον

339 2171 601 2252 κατηγορεῖσθαι
629 2159 670 2232 τὸ
702 2156 883 2250 λεγόμενον
908 2160 1001 2250 παρὰ
1023 2157 1190 2244 Ἰουδαίοις
1212 2157 1233 2251 ἢ
1255 2162 1345 2250 παρὰ
1368 2169 1585 2253 Χριστιανοις
1606 2165 1645 2230 ἐκ

340 2268 404 2332 τοῦ
424 2269 479 2332 καὶ
501 2256 581 2346 παρ’
596 2253 752 2348 Ἕλλησιν
775 2257 859 2331 αὐτὰ
882 2266 1078 2351 εἰρῆσθαι,
1100 2269 1156 2332 καὶ
1177 2259 1321 2351 μάλιστα
1344 2261 1403 2334 ἐὰν
1424 2258 1644 2349 άποδεικνόη-

340 2389 396 2432 ται
423 2361 466 2432 τά
487 2357 657 2432 Ἰουδαίων
682 2359 890 2448 πρεσβύτερα
917 2366 990 2432 τῶν
1010 2357 1223 2450 Ἑλληνικῶν.
1266 2359 1343 2432 οὐδὲ
1364 2359 1470 2434 πάλιν
1491 2358 1558 2432 άπὸ
1582 2367 1645 2432 τοῦ

339 2457 486 2543 κάλλους
513 2466 573 2549 τῆς
593 2455 786 2548 Ἑλληνικῆς
813 2457 967 2547 φράσεως
993 2459 1174 2550 λεγόμενον
1200 2459 1242 2532 τὸ
1269 2458 1353 2532 αὐτὸ
1375 2460 1517 2544 πάντως
1538 2480 1645 2548 κρειτ-

289 2564 323 2620 20
340 2588 405 2631 τον
426 2561 510 2630 είναι
532 2565 711 2640 νομιστέον
733 2565 796 2630 τοῦ
818 2555 1052 2647 εὐτελέστερον
1074 2557 1369 2648 άπαγγελλομένου
1385 2569 1441 2632 καὶ
1459 2557 1644 2634 άπλουστέ-

341 2687 414 2746 ραις
440 2665 545 2745 λέξεσι
571 2657 663 2746 παρὰ
684 2656 854 2742 Ἰουδαίοις
880 2653 900 2749 ἢ
924 2667 1154 2748 Χριστιανοῐς·
1183 2669 1295 2732 καίτοι
1321 2689 1358 2750 γε
1379 2658 1400 2751 ἡ
1421 2661 1544 2752 πρῶτη
1567 2655 1645 2732 Ἰου-

340 2762 448 2827 δαίων
469 2763 566 2844 λέξις,
595 2749 615 2844 ᾗ
647 2760 677 2830 οί
699 2765 875 2848 προφῆται
896 2757 1096 2848 χρησάμενοι
1117 2768 1400 2832 καταλελοίπασιν
1422 2757 1502 2850 ἡμῖν
1524 2767 1644 2845 βιβλία.

338 2853 498 2946 Ἐβραίων
533 2863 701 2948 διαλέκτῳ
736 2865 790 2928 καί
824 2867 913 2947 σοφῇ
944 2865 1097 2930 συνθέσει
1125 2867 1198 2930 τῶν
1228 2864 1265 2930 ἐν
1296 2867 1338 2948 τῇ
1368 2865 1536 2949 διαλέκτῳ
1568 2855 1643 2930 κατ’

339 2961 486 3041 ἐκείνους
508 2955 762 3046 ἀναγέγραπται.
876 3005 878 3010 ,

255 3069 321 3124 1gssv
422 3061 450 3126 εί
476 3065 511 3130 δὲ
531 3056 594 3146 χρὴ
615 3065 671 3128 καὶ
694 3058 758 3148 τὴν
781 3065 854 3130 τῶν
876 3057 1055 3147 δογμάτων
1073 3067 1077 3144 Ι
1097 3055 1300 3148 ταυτότητα,
1322 3053 1386 3130 κάν
1408 3059 1600 3150 παράδοξος
1623 3055 1644 3132 ό

339 3153 439 3245 λόγος
470 3159 553 3227 είναι
584 3161 682 3246 δοκῇ,
713 3163 816 3244 δεῖξαι
845 3163 982 3245 βέλτιον
1014 3165 1224 3249 εἰρημένην
1254 3157 1345 3248 παρὰ
1377 3176 1448 3242 τοῖς
1475 3156 1644 3231 Ἰουδαίων

337 3253 531 3345 προφήταις
559 3251 580 3345 ἢ
609 3275 682 3339 τοις
711 3254 825 3345 λόγοις
848 3265 1077 3344 Χριστιανῶν,
1112 3253 1207 3329 οὕτω
1236 3255 1300 3328 τὸν
1329 3253 1432 3344 λόγον
1463 3281 1643 3330 κατασκευ-

340 3361 460 3426 αστέον
489 3351 557 3426 άπό
588 3383 681 3439 τινος
709 3362 774 3428 τοῦ
802 3366 878 3444 περί
910 3357 971 3440 τὰς
1000 3357 1130 3446 τροφάς
1156 3365 1212 3428 καὶ
1239 3355 1302 3446 τὴν
1329 3365 1504 3428 σκευασίαν
1524 3354 1644 3428 αὐτῶν

337 3461 612 3544 παραδείγματος.
654 3457 742 3528 ἔστω
770 3485 804 3527 τι
832 3453 978 3545 δγιεινόν
1006 3465 1123 3546 βρῶμα
1152 3463 1205 3527 καί
1233 3455 1344 3544 ἰσχύος
1371 3475 1442 3538 τοῖς
1470 3461 1644 3528 ἐσθίουσιν

287 3571 321 3628 30
337 3553 572 3644 έμποιητικὸν.
601 3561 705 3627 τοῦτο
733 3561 768 3626 δὲ
790 3551 905 3639 οὕτως
925 3564 986 3648 μὲν
1007 3561 1192 3627 σκευασθὲν
1213 3561 1268 3626 καὶ
1291 3561 1437 3627 τοιοῖσδε
1460 3553 1643 3646 ἡδύσμασιν

337 3648 486 3740 άρτυθὲν
504 3661 777 3742 λαμβανέτωσανΙ
789 3655 849 3745 οὐχ
871 3661 903 3727 σί
924 3657 969 3746 μὴ
990 3654 1223 3746 μανθάνοντες
1245 3651 1397 3746 άγροικοι
1415 3663 1470 3726 καί
1489 3661 1526 3728 έν
1543 3655 1642 3726 έπαό-

421 3823 439 3877 8
464 3817 632 3893 α’φίοτασαι]
660 3819 882 3895 α’φίοταοθαιΑ
908 3831 912 3894 Ι
937 3827 956 3883 4
980 3819 1071 3891 σίτοις
1092 3831 1117 3881 A
1136 3817 1211 3884 οὕτω
1237 3826 1317 3880 Plato
1331 3829 1433 3894 Aungg.
1457 3829 1461 3894 Ι
1483 3825 1501 3881 8
1525 3821 1641 3894 εἴσεται]

335 3903 460 3964 είοέοται
472 3913 497 3962 A
512 3911 516 3974 Ι
532 3909 551 3964 θ
571 3903 651 3980 Πρὸς
667 3915 755 3966 τοῦτο
775 3911 817 3964 bis
835 3912 860 3964 S.
874 3913 922 3966 211
941 3913 968 3968 Z.
982 3915 1014 3966 15
1032 3909 1168 3979 εἰρημένα
1181 3935 1214 3954 =
1228 3909 1392 3974 PhilokaliA,
1411 3911 1476 3980 Cap.
1490 3909 1540 3966 XV
1557 3912 1639 3966 8-11

336 3995 371 4064 (p.
390 3994 597 4062 76‚17-79,‘21
617 3993 658 4047 ed.
677 3993 776 4063 Rob.)1
797 3991 1020 4067 ἐκοινωποίησεν
1037 4000 1062 4050 A
1081 3997 1085 4062 Ι
1102 3996 1140 4052 12
1164 3987 1254 4066 ίιγειὲς
1272 3995 1341 4062 ΡαίΙ
1358 3995 1396 4050 18
1414 3987 1442 4064 ἢ]
1462 3993 1489 4050 εί
1505 3995 1557 4050 Ριιί
1576 3999 1580 4060 Ι
1600 3987 1641 4048 ἑλ-

334 4071 428 4148 λὴνων
446 4079 672 4147 AC⁰⁰“·Ausgg.
691 4075 847 4148 ἑλληνικῶν
864 4080 1032 4136 PatBDEH
1056 4083 1060 4149 Ι
1083 4083 1185 4150 μινῦσῆ
1209 4083 1339 4150 AAusgg.
1362 4085 1447 4148 μωσῆ
1472 4079 1568 4136 BRob.
1584 4097 1641 4144 μοι·

337 4169 383 4219 σεῖ
398 4163 563 4218 ΡαίΟὓΕΗ
578 4165 582 4232 Ι
600 4163 637 4219 14
656 4159 715 4230 (ἐν)
737 4163 802 4232 stige
820 4165 863 4217 ioh
882 4166 933 4220 mit
950 4165 1128 4222 Πολυίδου.
1147 4183 1195 4220 εοε
1213 4165 1240 4218 Φ
1258 4165 1302 4219 ein
1318 4167 1322 4230 1
1339 4165 1377 4221 15
1397 4158 1422 4234 ἥ]
1442 4185 1459 4235 η
1479 4163 1566 4234 τοίίἰς
1582 4180 1641 4217 aus·

334 4247 496 4316 gebrochen‚
516 4249 586 4302 doch
598 4247 713 4318 Spiritus
731 4265 757 4302 u.
770 4251 873 4302 Acuent
890 4251 1023 4318 erhalten,
1041 4255 1065 4305 A
1081 4253 1085 4320 Ι
1102 4251 1140 4308 16
1160 4245 1184 4320 ἢ]
1203 4251 1252 4304 καί
1270 4249 1394 4318 Pat124
1412 4245 1548 4318 ἐκείνους]
1567 4243 1641 4302 &bio

335 4333 386 4386 auf
400 4333 453 4387 den
471 4332 586 4403 spititus
604 4332 807 4402 ausgebrochen
825 4336 850 4389 A
874 4337 878 4400 Ι
903 4335 942 4392 26
966 4337 1044 4406 δοκῇ]
1063 4335 1154 4390 λιὶυθετ
1170 4353 1189 4390 κ
1207 4352 1259 4388 nur
1276 4335 1320 4388 ein
1338 4334 1571 4389 Buehstabemest
1587 4331 1641 4384 mit

336 4417 495 4472 Circumflex
518 4417 636 4472 damber
659 4419 797 4482 arbaston,
815 4421 897 4475 δοκεῖ
910 4421 976 4475 oder
993 4423 1085 4488 δοκοῖ,
1109 4420 1175 4474 aber
1197 4419 1274 4474 nicht
1295 4421 1365 4488 δοκῇ
1383 4419 1432 4474 hat
1449 4415 1639 4489 ursprfinglich

335 4502 529 4570 δεςεείευδευ.
547 4505 570 4558 A
595 4505 598 4570 Ι
622 4503 659 4560 27
688 4499 788 4574 λόγοις
805 4505 941 4574 AAusgg.
960 4505 1068 4575 λογίοις
1086 4505 1190 4562 woh.
1214 4507 1218 4573 Ι
1243 4505 1282 4560 29
1309 4497 1434 4574 ὑγιεινόν
1452 4501 1566 4564 woh..
1585 4501 1639 4569 vgl.

335 4591 418 4640 unten
437 4587 462 4640 S.
480 4589 530 4642 209
549 4588 575 4642 Z.
594 4589 619 4650 9,
636 4581 766 4657 ίιγιαῖνον
784 4591 915 4659 AAusgg.
939 4591 943 4658 Ι
967 4589 1006 4646 30
1025 4581 1116 4654 οὕτως
1133 4589 1189 4644 ΛΦ
1207 4579 1283 4645 οὕτω
1303 4587 1481 4657 Αυιςςλίοίι.
1498 4589 1502 4656 Ι
1522 4589 1557 4643 81
1571 4603 1639 4656 μου

334 4663 475 4735 θείνοντες
491 4674 621 4740 AAusgg.
639 4669 783 4739 μαθόντες
802 4673 900 4728 oliab.
