3704 5516
350 499 410 564 218
888 493 1113 548 ανιεειιουε

350 660 455 726 πᾶσα
481 658 520 740 ἐξ
541 657 697 728 ἐκείνου
717 651 899 744 πρόνοια·
928 659 957 726 εί
977 653 1023 746 μή
1044 651 1111 745 α”ρα
1133 661 1189 726 καὶ
1213 654 1256 725 τὰ
1278 647 1353 724 κατ’
1375 651 1656 744 ἐπακολούθησιν

352 760 425 824 τῶν
446 758 483 824 έκ
504 759 697 842 προνοίας
718 763 817 828 θεοῦ
838 761 930 846 λέγοι
952 785 1004 840 τις
1026 757 1111 826 είναι
1133 759 1169 826 ἐκ
1191 759 1384 842 προνοίας
1405 757 1510 822 θεοῦ.

433 849 658 940 ύποφαίνεται
681 861 716 926 δὲ
742 861 807 926 καὶ
829 847 849 927 6
870 885 909 926 τι
930 883 1002 943 περ
1024 846 1111 942 όνή
1134 858 1283 937 ἐντοῖς
1305 865 1430 936 ολοις,
1453 856 1533 923 είτε
1554 859 1656 923 θεοῦ
1826 935 1827 940 ¹

350 953 469 1041 ἐργον
510 947 579 1024 εἴτ’
615 949 794 1042 ἀγγέλων
832 957 915 1026 είτε
953 951 1089 1026 ἄλλων
1128 949 1333 1043 δαιμόνων
1372 955 1453 1022 είτε
1491 945 1654 1042 ήριόων,

316 1049 481 1132 επόυτα
515 1055 640 1122 ταῦτα
675 1053 753 1141 έχει
789 1049 992 1142 νόμονκ
945 1057 992 1124 ἐκ
1026 1058 1099 1126 τοῦ
1130 1060 1320 1144 μεγίστου
1354 1055 1469 1134 θεοῦ,
1505 1057 1561 1121 καὶ
1589 1047 1655 1121 οῦκ

350 1146 479 1240 ἀληθῆ
510 1177 545 1240 γε
576 1146 697 1240 λόγον
726 1148 962 1240 ἀποφαίνεται.
1004 1151 1082 1225 οῦδὲ
1115 1152 1178 1244 γὰρ
1209 1152 1252 1224 τὰ
1281 1155 1549 1240 παρανομοῦντα
1574 1145 1654 1220 ἑπό-

348 1277 430 1340 μενα
461 1245 567 1340 νόμῳ
595 1257 646 1342 τῷ
673 1247 740 1322 ἀπὸ
768 1261 959 1342 μεγίστου
984 1258 1082 1324 θεοῦ
1106 1271 1300 1374 παρανομεῖ.
1318 1257 1548 1339 Ιπαρανομεῖν
1573 1244 1652 1320 δὲ’
1631 1279 1652 1320 ο
1679 1269 1732 1324 743

350 1345 449 1440 λόγος
475 1321 640 1420 δείκνυσιύ
664 1346 706 1420 ού
731 1347 841 1440 μόνον
866 1349 1075 1440 ἀνθρώπους
1101 1350 1253 1440 φαύλους
1278 1347 1365 1424 ἀλλὰ
1388 1355 1444 1420 καὶ
1467 1349 1547 1432 τούς
1569 1347 1654 1436 φαύ-
1827 1349 1828 1426 ζ

351 1457 429 1532 λους
449 1453 640 1534 δαίμονας
660 1457 716 1520 καλ
739 1450 819 1535 τούς
840 1451 992 1539 φαύλους
1013 1447 1214 1575 ἀγγέλους
1827 1453 1828 1462 ’

301 1559 333 1614 10
431 1551 538 1618 LXIX.
577 1545 731 1632 Φαύλους
753 1555 788 1622 δὲ
815 1557 1005 1641 δαίμονας
1033 1548 1074 1623 ού
1093 1547 1194 1639 μόνοι
1216 1554 1355 1639 λέγομεν
1377 1543 1468 1638 ἡμεῖς
1489 1545 1575 1620 ἇλλὰ
1596 1555 1654 1618 καί

316 1643 467 1734 σχεδὸν
489 1643 625 1728 πάντες,
649 1642 723 1720 ὅσοι
750 1654 941 1740 δαίμονας
963 1657 1117 1722 τιθέασιν
1139 1651 1232 1722 είναι.
1274 1645 1316 1720 ού
1336 1645 1468 1720 πάντα
1489 1638 1553 1718 οῦν
1574 1651 1652 1736 ἔχει

350 1741 546 1836 νόμονέκ
525 1752 648 1818 κτοῦ
677 1756 868 1868 μεγίστου
897 1757 1003 1822 θεοῦ.
1047 1743 1108 1822 ὅσα
1134 1751 1197 1839 γὰρ
1223 1777 1293 1837 παρ
1294 1743 1460 1819 ’ίδίαν’
1440 1754 1652 1834 απροσεξίαν

348 1838 511 1916 κακίαν”
492 1871 512 1934 η
532 1841 747 1936 πονηρίαν“
727 1877 746 1936 η
781 1843 923 1938 ἄγνοιαν
953 1855 1028 1921 τῶν
1056 1854 1188 1934 καλοῦν,
1219 1845 1447 1920 ἇποπέπτωκε
1469 1851 1532 1916 τοῦ
1554 1853 1653 1917 θείου

350 1939 484 2066 νόμου,
516 1941 578 2016 ούκ
609 1948 685 2035 έγει
716 1945 779 2020 τόν
806 1945 932 2038 νόμον
958 1955 1032 2020 τοῦ
1054 1954 1155 2020 θεοῦ
1178 1945 1264 2032 όλλ’,
1286 1951 1341 2020 ινα
1363 1941 1521 2033 ὀνομάσω
1542 1951 1652 2033 καινῷ

300 2057 331 2110 15
349 2037 491 2166 ὀνόματι
513 2051 569 2116 καὶ
584 2053 641 2166 τῷ
662 2045 749 2120 κατὰ
771 2045 836 2138 τήν
857 2047 1001 2138 γραφὴν,
1023 2045 1087 2119 τὸν
1108 2045 1246 2134 νόμον
1260 2050 1366 2134 ἔχει,
1368 2051 1440 2135 ,τῆς
1461 2039 1653 2132 ἇμαρτίας.’

348 2145 434 2215 κατὰ
465 2151 527 2234 μὲν
556 2136 620 2218 οῦν
649 2146 730 2230 τοῦς
751 2147 901 2232 πολλούς
923 2154 998 2220 τῶν
1019 2153 1194 2220 τιθέντων
1216 2149 1299 2219 εἶναι
1327 2152 1517 2236 δαίμονας
1542 2146 1652 2214 καλοί

349 2248 475 2330 φαῦλοι
483 2251 680 2364 ,δαίμονες
702 2239 765 2316 οῦκ
786 2245 977 2334 έχουσι
941 2275 1004 2319 τον
1026 2243 1094 2318 ἀπὸ
1117 2252 1191 2319 τοῦ
1212 2251 1313 2318 θεοῦ
1336 2243 1461 2333 νόμον
1482 2239 1568 2316 ἄλλό
1590 2270 1652 2314 πα-

348 2349 546 2432 ρανομοῦσι·
574 2343 662 2415 κατὰ
681 2339 757 2414 δέ
738 2351 823 2433 ημᾶς
842 2344 970 2430 πάντες
991 2342 1217 2435 δαίμονες’
1197 2342 1428 2426 αποπεσόντες
1450 2349 1512 2433 τῆς
1533 2347 1587 2414 έπλ
1609 2340 1651 2413 τὸ

348 2439 481 2533 ἀγαθὸν
513 2438 605 2521 όδοῦ,
636 2439 808 2532 πρότερον
834 2441 899 2516 ούκ
926 2441 1025 2530 ὄντες
1051 2452 1248 2534 δαίμονες·
1277 2451 1334 2515 καὶ
1354 2445 1447 2514 ἔστιν
1469 2443 1557 2525 είδος
1579 2447 1652 2512 τῶν

298 2559 332 2614 20
348 2542 564 2616 ἐκπεσόντων
586 2548 682 2614 θεοῦ
705 2541 746 2614 τὸ
767 2551 840 2616 τῶν
862 2541 1075 2636 δαιμόνων.
1111 2543 1228 2634 διόπερ
1251 2539 1297 2616 ού
1315 2541 1388 2632 χρή
1411 2539 1652 2630 θεραπεύειν

350 2649 539 2732 δαίμονας
560 2637 671 2726 όστις
692 2649 796 2728 σέβει
816 2645 923 2716 θεόν.

432 2747 592 2830 δηλοῦται
623 2747 658 2813 δὲ
686 2741 728 2814 τὰ
757 2750 832 2832 περὶ
861 2743 943 2826 τοῦς
974 2749 1166 2830 δαίμονας
1195 2749 1251 2815 καὶ
1280 2747 1318 2814 έκ
1347 2749 1422 2814 τῶν
1447 2738 1653 2814 καλούντων

349 2847 539 2930 δαίμονας
565 2845 620 2914 ἐπὶ
651 2860 723 2925 τοῖς
753 2837 1016 2932 ὀνομαζομένοις
1043 2851 1198 2933 φίλτροις
1224 2839 1445 2934 ἢμισήθροις
1467 2837 1488 2930 ἢ
1510 2845 1564 2912 έπλ
1585 2869 1652 2910 κω-

349 2941 460 3016 λύσεσι
489 2939 647 3031 πρόξεων
675 2936 695 3030 ἢ
728 2937 846 3014 ἄλλων
877 2941 1047 3015 τοιούτων
1076 2951 1218 3033 μυρίων·
1254 2937 1339 3031 ὅπερ
1368 2947 1526 3014 ποιοῦσιν
1550 2943 1582 3012 οἱ
1608 2935 1651 3010 δι’

297 3057 329 3109 95
347 3047 495 3132 ἐπῳδῶν
514 3047 571 3112 καὶ
591 3050 803 3132 μαγγανειιῦν
823 3039 1059 3132 μεμαθηκότες
1079 3053 1195 3115 καλεῖν
1215 3049 1270 3114 καὶ
1292 3038 1477 3132 ἐπάγεσθαι
1492 3045 1653 3128 δαίμονας

346 3138 444 3232 ἐφ’όί
475 3139 666 3228 βούλονται.
708 3138 825 3230 διόπερ
859 3137 1051 3232 ήπόντων
1078 3139 1280 3231 δαιμόνων
1303 3147 1466 3230 θεραπεία
1488 3135 1652 3224 ἀλλοτρία

347 3240 444 3334 ήμῶν
465 3247 546 3326 έστι,
568 3249 642 3314 τῶν
664 3237 866 3330 σεβόντων
889 3239 961 3313 τόν
982 3244 1037 3312 ἐπὶ
1058 3247 1140 3314 πᾶσι
1163 3238 1269 3314 θεόν.
1304 3248 1359 3312 καὶ
1382 3247 1547 3330 θεραπεία
1568 3243 1651 3308 δαι-

345 3339 479 3434 μόνων
501 3347 592 3414 ἐστίν
606 3337 627 3431 ἡ
641 3349 804 3430 θεραπεία
826 3347 909 3412 τῶν
931 3348 1163 3430 νομιζομένων
1184 3349 1305 3414 θεῶν·
1330 3337 1494 3426 ,,πόντες“
1512 3337 1574 3428 γὰρ
1592 3341 1651 3422 ,ολ

346 3448 436 3513 θεοὶ
466 3449 539 3513 τῶν
568 3445 702 3513 ἐθνῶν
734 3436 944 3528 δαιμόνια.“
989 3447 1095 3532 δῆλον
1124 3448 1241 3512 δὲκαὶ
1268 3447 1372 3513 τοῦτο
1395 3445 1432 3512 ἐκ
1454 3445 1517 3510 τοῦ
1539 3443 1585 3520 είς
1606 3435 1652 3508 τὰ

296 3557 331 3612 30
347 3548 516 3614 δοκοῦντα
537 3543 748 3632 ένεργέστερα
771 3547 844 3611 τοῖιν
866 3547 1097 3632 νομιζομένων
1114 3545 1218 3630 ἱερῶν
1231 3547 1442 3622 κατακλίσεις
1456 3543 1652 3626 περιέργους

347 3647 520 3733 γεγονέναι
549 3649 604 3712 καὶ
633 3639 720 3712 κατὰ
752 3637 812 3724 τὰς
842 3635 944 3728 ἀρχὰς
974 3646 1036 3730 τῆς
1065 3638 1225 3729 ἱδρύσεως
1253 3647 1326 3712 τῶν
1352 3643 1495 3710 τοιῶνδε
1517 3633 1652 3723 ξοάνων

346 3749 402 3814 καὶ
434 3748 531 3825 νεῶν,
562 3733 699 3824 ύστιυας
728 3746 938 3824 κατακλίσεις
969 3745 1000 3810 οί
1031 3747 1074 3829 τῇ
1106 3748 1179 3812 τιῦν
1209 3735 1412 3826 δαιμόνων
1443 3735 1497 3808 διὰ
1526 3763 1651 3824 μαγγα·

433 3913 448 3970 λ
469 3910 530 3980 vgl.
550 3911 574 3966 11
593 3911 665 3966 Ρείι.
682 3912 706 3974 2,
724 3915 748 3968 4.
771 3909 857 3964 Judas
874 3913 899 3966 6.
917 3939 950 3948 -
970 3911 1007 3966 15
1026 3908 1090 3980 vgl.
1109 3909 1186 3964 Rom.
1203 3910 1228 3972 8,
1246 3911 1270 3963 2.
1289 3939 1322 3948 -
1339 3907 1379 3964 28
1397 3907 1470 3962 Ρωλ.
1487 3909 1528 3968 95,
1546 3909 1570 3962 5.

432 4063 470 4118 λθ
492 4067 551 4117 τῶν
567 4063 665 4116 καλῶν
682 4059 817 4132 ΑΗσ.8ρ.
840 4065 894 4116 τοῦ
914 4062 1007 4114 καλοῦ
1024 4059 1118 4115 PDel.
1139 4059 1144 4128 Ι
1164 4053 1374 4115 οίτιοπέπτωκεν
1392 4061 1494 4128 Αοεςρ.
1514 4059 1519 4126 Ι
1539 4057 1576 4112 λλ
1596 4059 1652 4111 τοῦ

347 4157 380 4208 <
398 4147 532 4216 MAusgg.
557 4151 562 4216 Ι
585 4145 625 4202 22
651 4140 818 4200 καλούντων
838 4143 974 4212 δαίμονας
996 4145 1020 4198 A
1030 4143 1080 4199 flu.
1091 4143 1136 4215 Sp.
1153 4139 1321 4198 καλούντων
1339 4135 1444 4208 αύτούς
1460 4143 1482 4196 Ρ
1492 4141 1559 4208 nel„
1577 4141 1649 4196 doeh

348 4233 402 4302 vgl.
415 4251 438 4286 τ.
451 4231 480 4286 Β.
493 4235 578 4286 ουίεο
594 4231 619 4286 8.
631 4231 682 4286 219
694 4231 720 4284 Z.
733 4233 749 4284 2
765 4233 769 4296 Ι
785 4229 823 4286 28
839 4225 1031 4298 μισήθροιςΑ
1048 4223 1203 4298 μιοήτροις
1214 4229 1244 4294 Ρ,
1258 4227 1301 4282 M’
1313 4245 1358 4282 am
1370 4225 1458 4292 Rand,
1475 4227 1626 4296 JolAungg.
1644 4227 1649 4292 1

348 4315 387 4372 24
404 4310 446 4386 δι’]
464 4337 474 4370 ι
492 4315 520 4370 in
539 4315 682 4372 eumezur
699 4317 724 4369 A
739 4317 743 4382 Ι
759 4315 799 4370 θθ
816 4313 998 4378 κατακλίσεις
1019 4331 1068 4368 aue
1085 4306 1159 4369 κατὰ
1176 4309 1291 4382 κλήσεις
1312 4327 1380 4368 οσττ.
1398 4315 1423 4367 A
1439 4305 1650 4381 κατακήλήσεις

349 4403 411 4456 Ιίειῖ
430 4403 476 4456 Βο.
495 4400 593 4470 (Notae
610 4419 635 4472 p.
653 4400 726 4468 461),
743 4393 953 4469 κατακήλήσεις
969 4397 1036 4452 oder
1052 4392 1243 4466 κατακλήσεις
1259 4396 1319 4452 Del.
1337 4397 1359 4464 (Ι
1377 4397 1428 4451 743
1446 4399 1526 4452 Anm.
1544 4395 1572 4463 d)
1587 4397 1591 4462 1
1607 4393 1647 4451 ⁸2

347 4483 527 4552 κατακλίσεις
544 4503 593 4541 σοι
610 4477 799 4554 κατακλήσεις
815 4499 882 4538 corr.
899 4487 925 4538 A
942 4477 1151 4552 κατακηλήοεις
1166 4481 1232 4535 lieet
1249 4481 1297 4536 Bo.
1315 4480 1413 4550 (Notae
1431 4498 1456 4552 p.
1473 4481 1542 4548 404),
1559 4496 1649 4535 κατα-

348 4569 479 4642 κήλήοεις
500 4571 566 4624 oder
587 4564 778 4638 κατακλήσεις
800 4569 858 4624 Del.
877 4569 899 4636 (1
919 4571 968 4624 743
986 4571 1066 4622 Anm.
1084 4565 1112 4630 d)
1136 4567 1141 4633 1
1164 4565 1208 4636 τή]
1232 4572 1248 4634 ή
1271 4565 1300 4618 in
1319 4563 1461 4620 Οοπεοίοτ
1479 4567 1502 4620 A
1528 4567 1533 4630 Ι
1557 4563 1650 4618 λιλαίεο

348 4659 531 4725 μαγγανειολν
548 4655 590 4708 ein
610 4654 720 4708 Βυοίιτί.
738 4653 888 4706 ουεταδὶετί
906 4657 937 4706 A.
