3772 5526
649 481 749 534 ΚΑΤΑ
766 479 928 536 ΚΕΛΣΟΥ
947 481 972 538 V
994 481 1036 536 38.
1053 483 1095 538 39.
1375 505 1385 516 ·
1475 491 1515 553 43

208 646 311 711 νειῶν
344 636 404 729 οῦχ
433 636 501 712 ῦπὸ
531 637 821 732 ἀγαλματοποιῶν
849 639 967 731 μόνων
992 640 1300 730 κατασκευάζεσθαι
1325 641 1408 727 θεός
1429 640 1516 716 ἀλλὰ

208 747 263 809 καὶ
288 735 356 860 ῦπό
382 737 501 829 μάγων
527 749 584 812 καὶ
606 749 795 830 φαρμακοῦν
820 750 876 813 καί
898 750 972 813 τῶν
992 746 1139 832 ἐπῳδαῖς
1160 739 1277 814 αὐτῶν
1299 749 1517 832 κηλουμένων

209 845 390 928 δαιμονων.

291 960 434 1026 XXXIX.
470 955 544 1045 Χρὴ
571 943 635 1027 οῦν
661 967 774 1046 ζητεῖν
796 955 837 1028 τὸ
860 951 1079 1078 δρμοζόντως
1101 963 1153 1048 τῷ
1177 965 1304 1048 λογικῷ
1325 954 1425 1029 καί(
1404 965 1516 1079 ημέρῳ

176 1054 290 1143 σζῴῳ
320 1061 377 1125 καὶ
407 1061 653 1145 λελογισμένως
680 1053 795 1128 πάντα
825 1054 1018 1146 πράττοντι
1047 1054 1185 1146 βρωτόν
1214 1066 1271 1129 καὶ
1300 1056 1341 1130 οῦ
1370 1055 1516 1148 βρωτόν,

210 1160 265 1223 καὶ
293 1152 338 1243 μὴ
368 1153 455 1226 κατὰ
487 1150 729 1244 όποκλὴρωσιν
759 1151 940 1240 σέβειν”
921 1171 981 1239 οϊς
1012 1150 1032 1245 ἢ
1064 1150 1226 1245 αίγας”
1205 1186 1227 1278 η
1258 1157 1319 1242 τὰς
1350 1165 1518 1246 θηλείας

209 1259 310 1374 βοῦς.
351 1260 406 1324 καί
441 1253 579 1326 τούτων
609 1259 671 1344 μέν
705 1251 923 1344 ἀπέχεσθαι
957 1261 1110 1344 μέτριον,
1141 1255 1232 1326 πολῦ
1261 1259 1324 1347 γὰρ
1353 1254 1518 1346 χρήσιμον

209 1349 277 1423 ἀπὸ
308 1351 447 1425 τούτων
478 1361 553 1425 τῶν
582 1353 684 1444 ζῴων
715 1350 915 1444 ἀνθρώποις
939 1362 1081 1444 γίνεται·
1110 1353 1151 1425 τὸ
1174 1359 1286 1426 δὲκαὶ
1316 1361 1519 1445 κροκοδεί-

210 1463 291 1523 λων
314 1458 502 1540 φείδεσθαι,
528 1460 584 1524 καί
610 1455 696 1524 είναι
722 1455 832 1542 ίερσῦς
856 1451 982 1537 αὐτοὺς
1008 1450 1070 1524 οῦκ
1092 1455 1168 1524 οῖδα
1190 1461 1285 1537 τίνος
1305 1463 1518 1544 μυθολογου-

161 1568 193 1622 10
209 1558 312 1640 μένου
340 1558 438 1636 θεοῦ,
469 1561 545 1635 πῶς
574 1551 635 1624 οῦκ
666 1556 736 1624 ἔστι
765 1551 909 1624 πάντων
939 1549 1189 1642 η’λιθιοότατον;
1218 1551 1351 1642 σφόδρα
1378 1553 1440 1644 γὰρ
1466 1557 1519 1642 έμ-

210 1648 413 1739 βροντὴτων
443 1655 515 1722 ἐστὶ
545 1650 586 1723 τό
617 1656 793 1738 φείδεσθαι
815 1652 915 1741 ζῴων
938 1648 979 1722 οῦ
1001 1658 1214 1740 φειδομένων
1234 1659 1290 1722 καὶ
1311 1657 1519 1742 περιέπειν

212 1756 283 1838 ζῷα
319 1747 527 1839 ἀνθρώπους
562 1751 855 1840 καταθοινοόμενα.
902 1747 990 1821 ἄλλα
1024 1757 1142 1839 Κέλσῳ
1179 1747 1356 1841 ἀρέσκουσι
1390 1759 1451 1841 μέν
1487 1755 1519 1822 οί

211 1846 299 1919 κατά
327 1877 405 1920 τινα
438 1846 591 1937 πάτρια
620 1855 907 1936 κροκοδείλους
938 1855 1126 1932 σέβοντες
1156 1857 1212 1920 καὶ
1238 1857 1517 1938 περιέποντες,

212 1955 268 2017 καὶ
302 1943 409 2030 οὐδεὶς
444 1944 545 2034 λόγος
579 1944 654 2019 κατ’
685 1953 826 2019 ἐκείνων
860 1943 956 2036 αὐτῷ
988 1954 1186 2035 γέγραπται·
1224 1957 1345 2034 φεκτοὶ
1380 1943 1413 2018 δ’
1436 1951 1519 2020 εἶναι

163 2062 195 2114 15
214 2051 395 2132 φαίνονται
432 2053 686 2135 Χριστιανοὶ,
722 2045 787 2136 τὴν
816 2053 937 2118 κακίαν
970 2045 1254 2134 βδελύσσεσθαι
1286 2043 1519 2135 διδασκόμενοι

213 2152 269 2215 καί
296 2145 339 2216 τὰ
359 2141 427 2216 ἇπό
449 2149 609 2228 κακίας”
593 2173 672 2236 εργα
694 2150 931 2232 ἐκτρέπεσθαι,
954 2144 1019 2234 τὴν
1045 2141 1120 2216 δΗ
1099 2145 1225 2235 αρετίγν
1247 2153 1377 2230 σέβειν
1394 2152 1450 2216 καί
1472 2175 1519 2216 τι·

212 2250 279 2333 μᾶν
309 2241 357 2326 είς
385 2241 453 2315 ῦπό
482 2249 546 2315 τοῦ
573 2251 659 2316 θεοῦ
686 2249 911 2366 γεγενημένην
936 2251 993 2314 καὶ
1022 2235 1128 2316 οὖσαν
1154 2247 1229 2316 υίὸν
1255 2251 1348 2317 θεοῦ.
1391 2241 1432 2316 οῦ
1458 2246 1521 2334 γὰρ

213 2343 304 2430 παρὰ
325 2342 367 2414 τό
388 2339 584 2431 θηλυκὸν”
565 2371 672 2433 ονομα
693 2350 748 2414 καὶ
773 2351 816 2432 τῇ
838 2339 934 2434 οῦσίᾳ
956 2340 1127 2464 θηλειαν
1148 2350 1328 2432 νομιστέον
1351 2343 1494 2416 εἶναι
1458 2373 1523 2433 την

213 2447 337 2530 σοφίαν
358 2448 414 2512 καί
436 2440 501 2530 τὴν
521 2435 793 2564 δικαιοσύνην,ο
773 2471 859 2531 απερ
885 2416 966 2512 κόθ’
988 2437 1073 2531 ἡμᾶς
1095 2437 1228 2513 ἐστινι
1209 2472 1228 2514 ο
1250 2441 1322 2526 υίὸς
1343 2450 1407 2514 τοῦ
1429 2449 1521 2526 θεοῦ,

163 2557 197 2610 20
216 2572 263 2625 ως
297 2536 317 2612 δ
350 2538 487 2631 γνήσιος
516 2537 624 2612 αῦτοῦ
659 2542 817 2632 μαθητὴς
847 2547 1033 2630 παρέστησε
1064 2546 1174 2629 λέγων
1204 2549 1281 2631 περὶ
1308 2539 1429 2614 αὐτοῦ·
1464 2537 1522 2628 ,ὃς

214 2637 359 2730 έγενὴθη
390 2649 493 2727 σοφία
523 2636 601 2730 ἡμῖν
627 2637 695 2712 ἀπό
721 2647 807 2712 θεοῦ
832 2639 1025 2730 δικαιοσύνη
1046 2668 1084 2712 τε
1104 2636 1203 2710 καί“
1182 2639 1342 2730 αγιασμός
1362 2638 1461 2712 καὶ’
1440 2671 1522 2713 απο-

216 2738 410 2828 λῦτρωσιςίί
452 2733 516 2811 κόν
543 2738 702 2830 δεύτερον
730 2731 793 2812 οῦν
820 2747 971 2860 λέγωμεν
997 2738 1091 2824 θεὸν,
1117 2743 1267 2812 ἴστωσαν
1290 2734 1345 2813 ότι
1367 2740 1431 2813 τόν
1453 2739 1523 2812 δεῦ-

215 2867 316 2928 τερον
342 2836 427 2910 θεὸν
454 2835 518 2910 οῦκ
543 2835 628 2910 ἄλλο
654 2871 689 2912 τι
715 2847 854 2930 λέγομεν
881 2832 901 2928 ἢ
924 2837 989 2927 τὴν
1010 2838 1226 2929 περιεκτικὴν
1246 2849 1368 2912 πασῶν
1389 2837 1524 2928 όρετῶν

215 2935 340 3028 ἄρετὴν
361 2943 417 3009 καὶ
439 2935 502 3008 τόν
523 2939 738 3027 περιεκτικόν
758 2935 890 3020 παντὸς
912 2934 1115 3009 οὑτινοσοῦν
1137 2935 1241 3028 λόγου
1261 2947 1334 3010 τοῖιν
1355 2939 1443 3011 κατὰ
1463 2938 1523 3026 φύ-

165 3050 198 3104 25
216 3062 269 3109 σιν
305 3046 361 3108 καί
396 3044 661 3127 προηγουμένως
693 3043 926 3128 γεγενημένων
954 3045 1010 3107 καί
1039 3039 1084 3118 εἰς
1111 3035 1273 3127 χρήσιμον
1304 3045 1368 3110 τοῦ
1394 3036 1524 3120 παντὸς

217 3135 334 3228 λόγον·
372 3131 490 3210 όντινα
527 3144 570 3224 τῇ
605 3132 710 3225 Ἰησοῦ
736 3135 880 3226 μάλιστα
907 3138 999 3227 παρὰ
1029 3144 1142 3208 πᾶσαν
1168 3137 1280 3227 ψυχὴν
1311 3144 1401 3226 ψυχῇ
1428 3133 1524 3226 ρόκει-

218 3245 330 3308 ῶσθαι
351 3243 408 3307 καί
430 3232 586 3326 ἦνῶσθαί
608 3263 728 3324 φαμεν,
754 3233 863 3325 μόνου
885 3243 1022 3319 τελείως
1043 3242 1192 3325 χωρῆσαι
1214 3241 1440 3326 δεδυνημένου
1461 3235 1525 3324 τὴν

306 3476 343 3531 11
363 3473 425 3544 Vgl.
444 3473 516 3528 oben
536 3473 559 3525 v
577 3475 618 3540 25,
636 3473 661 3528 ε.
680 3473 713 3528 26
731 3471 757 3528 z.
777 3458 868 3527 18.-
887 3474 927 3529 εο
944 3475 957 3527 1
975 3473 1039 3528 xor.
1059 3476 1081 3537 1,
1100 3475 1141 3530 ευ.

304 3693 322 3747 2
347 3685 442 3746 αὐτῶν
463 3691 573 3762 Sp.Del.
591 3692 628 3744 im
648 3691 729 3756 Τεεί,
748 3686 846 3757 αὐτοῖς
861 3692 911 3746 Hb.
931 3709 976 3744 am
995 3690 1087 3756 θεοῦ,
1112 3683 1210 3754 αὐτοῖς
1226 3689 1283 3742 und
1302 3683 1402 3754 αίταῑς
1418 3689 1462 3760 Sp.
1481 3707 1525 3744 am

218 3777 309 3840 Rand;
324 3771 423 3842 αίταῖς
434 3775 514 3832 ΔΗδ.
527 3776 565 3830 im
577 3777 645 3830 Text
660 3780 664 3844 Ι
679 3774 873 3845 κηλουμένων]
887 3775 1075 3844 καλουμένων
1088 3775 1161 3845 Vsp.
1175 3774 1213 3827 im
1224 3773 1300 3838 Text,
1313 3772 1364 3828 Ηδ.
1377 3791 1422 3828 am
1434 3772 1525 3836 Rand;

219 3859 406 3929 καλουμένων
423 3860 481 3914 und
496 3858 683 3930 κηλουμένων
704 3859 748 3930 Sp.
764 3878 810 3913 am
832 3859 911 3914 Rand
931 3861 974 3928 Ιθ
1001 3855 1154 3928 δαιμόνων]
1176 3859 1314 3925 δαίμονας
1331 3857 1374 3928 Sp.
1393 3857 1430 3912 im
1449 3858 1525 3924 Text,

219 3939 363 4013 δαιμόνων
380 3944 423 4015 Sp.
442 3963 487 3999 am
505 3944 586 3998 Rand
609 3946 614 4010 Ι
637 3945 657 4000 4
675 3936 720 4014 τό]
738 3945 766 4000 τί
786 3947 926 4000 vermuten
947 3944 995 3998 Bo.
1013 3943 1110 4010 (Notae
1128 3963 1153 4014 p.
1172 3943 1231 4011 391)
1249 3961 1276 3998 u.
1295 3942 1378 3997 Guiet
1395 3942 1450 4011 (bei
1468 3941 1527 3996 Del.

220 4031 301 4084 1608
317 4031 398 4082 Anm.
417 4030 442 4094 α)
461 4029 533 4084 ohne
551 4029 646 4083 Grund
670 4031 674 4098 Ι
698 4031 717 4085 θ
740 4020 857 4098 θῆλείας
875 4028 923 4098 [so]
941 4029 967 4082 A
986 4031 990 4096 Ι
1011 4028 1050 4083 18
1072 4030 1199 4096 θηλεῖαν,
1224 4027 1295 4082 doch
1313 4027 1400 4080 Τίασαν
1417 4025 1485 4080 tiber
1503 4045 1527 4094 η,

221 4117 263 4182 ΑΙ
280 4114 318 4170 21
338 4109 476 4183 ἐγεννήθη
493 4116 518 4167 A
532 4114 537 4182 Ι
553 4113 635 4169 2211.
653 4130 698 4167 am
710 4114 790 4167 Rand
809 4117 862 4167 von‘
880 4116 904 4166 A
921 4113 994 4168 steht
1011 4112 1056 4167 ein
1073 4111 1212 4178 Scholion,
1230 4112 1279 4166 δεε
1298 4127 1352 4164 von
1369 4109 1526 4164 demselben

220 4197 363 4252 Schreiber
380 4199 516 4266 herrfihrt,
538 4198 586 4252 der
608 4198 653 4251 dio
675 4197 746 4251 oben
768 4197 793 4252 V
811 4199 852 4264 12,
870 4197 895 4252 S.
908 4201 941 4253 14
959 4197 985 4252 Ζ.
1003 4199 1027 4260 3,
1050 4197 1107 4250 und
1125 4197 1149 4248 V
1168 4197 1208 4262 16,
1227 4195 1252 4252 S.
1266 4197 1299 4252 18
1321 4195 1347 4248 Z.
1362 4199 1386 4258 1,
1405 4194 1527 4249 στασίω-

221 4287 265 4337 ten
286 4283 450 4337 Πανδαρέου
476 4282 655 4352 gesohn'eben
677 4282 729 4335 hat
754 4283 819 4351 (vgl.
837 4282 945 4336 meino
972 4280 1278 4348 ,lIextfiberliefenmc‘
1300 4279 1324 4333 S.
1343 4281 1376 4334 42
1393 4282 1475 4333 Anm.
1494 4281 1528 4344 1),

221 4367 277 4421 und
294 4383 323 4421 εο
341 4367 440 4422 lautet:
459 4363 488 4422 δι
507 4363 536 4422 οἳ
554 4373 605 4435 τῆς
623 4373 675 4436 σῆς
693 4366 806 4435 σοφίας.
842 4362 977 4434 οἰόμενος
998 4358 1056 4438 γὰρ
1081 4361 1170 4437 ἑτέρω
1194 4357 1409 4430 ἄνασκευδζειν,
1443 4355 1529 4427 αὐτὸς

221 4456 271 4521 τῆς
289 4445 497 4521 αντοάληθείας
515 4447 743 4522 έκπέπτωκ<ας>·
763 4445 794 4504 έν
813 4441 855 4515 οῖς
876 4444 931 4552 γὰρ
954 4453 994 4504 τῶ
1012 4450 1116 4504 κελοίω
1135 4443 1273 4505 α’ντίκειαε
1291 4450 1337 4503 δια
1354 4441 1407 4517 τὴν
1423 4450 1528 4503 πολλα·

221 4533 312 4599 θείαν,
331 4528 451 4606 ϊσχυρός
472 4533 504 4591 έν
522 4530 592 4604 αὐτῆ
610 4530 775 4608 κεκράτησε.
813 4528 864 4590 τόν
882 4526 1072 4606 δμοοό<αιον>
1092 4527 1148 4606 γὰρ
1166 4553 1207 4589 τω
1227 4553 1279 4602 πρι
1297 4527 1437 4603 δίέτεμε<ς
1439 4532 1452 4604 >
1471 4527 1526 4587 δεί-

221 4641 308 4694 τερον
325 4616 481 4690 ὀνομάσας.
