3790 5526
634 507 734 562 ΚΑΤΑ
760 509 916 564 ΚΕΛΣΟΥ
940 509 979 566 vl
1000 511 1041 566 53.
1059 511 1100 564 54.
1118 511 1159 564 55.
1491 475 1548 574 225

244 666 431 758 φάσκουσιν
458 671 550 758 ἔργα
576 672 659 742 εἶναι
682 677 756 742 τοῦ
777 675 832 743 ἐπὶ
852 678 934 744 πᾶσι
956 679 1054 744 θεοῦ
1075 679 1129 742 καί
1152 669 1269 744 τόνδε
1294 667 1365 741 τόν
1386 664 1548 758 κόσμον,

245 775 352 842 οἴεται
388 766 591 843 ἀκολουθεῖν
628 779 704 859 περὶ
735 776 798 842 τοῦ
834 770 906 844 τόν
939 769 1036 842 θεόν
1063 770 1107 842 τά
1136 770 1235 843 κακά
1270 775 1548 860 πεποιηκέναι,

245 866 430 943 ἀκολουθεῖ
451 863 533 942 ὅσον
560 867 612 958 ἐφ’
636 871 687 954 οίς
709 877 795 960 λέγει
816 876 873 942 καί
896 868 1006 955 αῦτός.
1049 876 1138 943 εἴποι
1160 870 1222 962 γάρ
1244 867 1285 942 άν
1308 899 1359 953 τις
1380 867 1466 956 πρὸς
1487 867 1550 939 τὸν

246 976 390 1041 Κέλσον·
419 972 451 1039 εί
481 967 606 1041 αῦτοῦ
640 966 747 1042 ταῦτ’
780 973 889 1042 ἔστιν
919 973 1024 1061 ἔργα,
1059 977 1145 1054 πῶς
1174 978 1244 1060 μὲν
1274 967 1374 1040 κακὰ
1406 964 1424 1040 ό
1455 966 1550 1051 θεὸς

210 1074 391 1154 5ἐποίει;
416 1075 500 1150 πῶς
527 1075 566 1140 δὲ
591 1078 751 1142 πείθειν
777 1077 840 1140 καί
872 1081 1085 1142 νουθετεῖν
1111 1067 1316 1154 ἀδυνατεῖ;
1341 1075 1439 1140 κακία
1469 1062 1551 1158 δέἡ

245 1177 383 1260 μεγίστη
407 1173 444 1241 ἐν
466 1165 580 1259 λόγοις
601 1173 702 1255 ἐστίν,
726 1165 785 1242 ότε
806 1175 939 1259 ἐγκαλεῖ
958 1201 1010 1254 τις
1031 1189 1104 1253 τοῖς
1126 1167 1334 1260 ἓτεροδόξοις
1355 1175 1430 1255 περί
1445 1194 1552 1238 τινων

246 1265 430 1359 δογμάτων
452 1266 500 1352 σός
523 1266 583 1358 οῦχ
603 1267 719 1358 ῦγιῶν,
741 1276 862 1360 πολλῶ
884 1267 1055 1360 πρότερον
1078 1266 1179 1352 αῦτὸς
1202 1274 1290 1359 ἔχων
1305 1267 1347 1340 τὰ
1362 1265 1552 1358 ἐγκλήματα

246 1371 284 1439 ἐν
305 1387 377 1452 τοῖς
399 1372 497 1451 ἰδίοις
520 1365 687 1458 δόγμασιν.

299 1517 302 1522 ·
330 1489 412 1555 LIV.
446 1480 583 1577 ’Ἱδωμεν
606 1477 668 1556 οῦν
691 1481 782 1574 ἡμεῖς
805 1484 858 1556 διά
885 1492 1034 1574 βραχέων
1062 1486 1104 1558 τά
1130 1492 1207 1575 περὶ
1234 1482 1460 1574 ἀγαθῶνκαὶ
1488 1512 1553 1552 κα-

197 1603 231 1658 10
247 1591 344 1669 κῶν,
368 1589 442 1656 τῶν
463 1586 549 1655 κατὰ
574 1585 635 1668 τάς
656 1591 752 1668 θείας
774 1584 913 1674 γραφὰς,
935 1593 990 1656 καὶ
1017 1593 1095 1656 τίνα
1117 1581 1195 1675 ἡμῖν
1222 1589 1361 1658 λεκτέον
1383 1581 1469 1671 πρὸς
1498 1579 1552 1654 τό·

247 1689 333 1767 πῶς
353 1689 423 1770 μὲν
445 1683 545 1754 κακά
561 1679 612 1773 <ό>
628 1683 722 1768 θεὸς
742 1687 887 1768 ἐποίει,
909 1691 994 1768 πῶς
1017 1691 1057 1757 δὲ
1078 1692 1318 1756 πείθεινκαί
1339 1693 1553 1754 νουθετεῖν

247 1780 452 1866 ἀδυνατεῖ;
478 1791 601 1872 κυρίως
628 1782 667 1872 δὴ
694 1783 781 1854 κατὰ
809 1783 869 1866 τὰς
899 1792 994 1866 θείας
1022 1783 1151 1874 γραφάς
1179 1780 1290 1872 ἀγαθά
1318 1788 1400 1854 εἰσιν
1427 1785 1461 1852 αἱ
1483 1775 1554 1868 ἀρε-

248 1889 303 1954 ταὶ
334 1887 391 1952 καί
423 1886 456 1953 αί
477 1881 565 1953 κατά
587 1881 714 1964 ταύτας
735 1880 881 1970 πράξεις,
910 1876 1025 1972 ῶσπερ
1054 1891 1181 1972 κυρίως
1209 1881 1308 1953 κακά
1345 1881 1388 1953 τά
1418 1885 1554 1952 ἐναντία

249 1981 395 2063 τούτοις.
440 1977 720 2072 ἀρκεσθησόμεθα
742 1987 777 2052 δέ
799 1985 853 2052 ἐπὶ
880 1989 944 2053 τοῦ
964 1978 1138 2071 παρόντος
1164 1986 1270 2068 λέξεσι
1298 2000 1369 2065 ταῖς
1395 1977 1464 2053 ἀπὸ
1491 1985 1555 2052 τοῦ

199 2098 231 2151 15
249 2087 453 2170 τριακοστοῦ
475 2087 593 2168 τρίτου
615 2087 759 2170 ψαλμοῦ,
789 2087 893 2152 τοῦτο
919 2078 1139 2170 παριστάσαις
1160 2075 1286 2164 οῦτως·
1317 2085 1370 2168 ,,οί
1400 2086 1435 2151 δέ
1464 2085 1555 2170 ἐκζη-

250 2186 395 2262 τοῦντες
411 2179 474 2252 τόν
489 2177 607 2267 κόριον
626 2176 687 2252 οῦκ
704 2177 1006 2269 ἐλαττωθήσονται
1020 2179 1152 2263 παντὸς
1164 2177 1302 2268 ἀγαθοῦ.
1332 2186 1429 2252 δεῦτε
1444 2185 1555 2256 τέκνα.

250 2276 417 2352 ἀκούσατέ
447 2307 521 2369 μου,
554 2275 663 2366 φόβον
693 2285 810 2368 κυρίου
840 2277 963 2366 διδάξω
993 2277 1085 2368 ὑμᾶς.
1122 2287 1175 2363 τίς
1205 2284 1297 2351 ἐστιν
1328 2274 1555 2367 ἀνθρωποςό

250 2385 365 2451 θέλων
392 2377 493 2468 ζωὴν,
520 2375 664 2466 ἀγαπῶν
694 2375 815 2468 ἡμέρας
846 2382 929 2451 ἰδεῖν
960 2376 1104 2468 ἀγαθάς;
1136 2385 1270 2450 παῦσον
1304 2378 1368 2469 τὴν
1399 2377 1556 2468 γλῶσσάν

251 2503 312 2550 σου
334 2474 402 2550 ἀπό
424 2486 563 2562 κακοῦ,
585 2487 641 2549 καί
661 2485 752 2568 χείλη
775 2503 836 2549 σου
858 2485 921 2550 τοῦ
942 2478 986 2570 μὴ
1010 2485 1150 2568 λαλῆσαι
1173 2478 1283 2550 δόλον.
1317 2480 1473 2550 ἐκκλινον
1487 2474 1555 2550 ἀπό

199 2595 234 2651 20
250 2585 377 2650 κακοῦ
400 2584 455 2649 καί
476 2585 621 2665 ποίησον
641 2574 803 2666 ἀγαθόν.“
834 2577 874 2649 τό
898 2578 959 2668 γάρ
975 2581 1151 2664 ,ἐκκλινον
1172 2575 1241 2650 ἀπὸ
1262 2585 1387 2650 κακοῦ
1408 2585 1462 2649 καὶ
1482 2585 1556 2650 ποί-

251 2702 336 2768 ησον
357 2675 512 2768 ἀγαθὸν(
534 2671 615 2748 οῦτε
633 2685 709 2766 περὶ
729 2685 804 2749 τῶν
823 2683 1029 2767 σωματικῶν
1049 2683 1180 2765 λέγεται
1199 2674 1342 2766 ἀγαθῶν
1362 2671 1382 2766 ἢ
1404 2683 1555 2761 κακῶν,

252 2771 365 2861 οῦτως
391 2773 653 2867 ὀνομαζομένων
678 2775 770 2867 παρά
798 2803 895 2863 τισιν,
923 2774 1003 2849 οῦτε
1028 2785 1106 2866 περὶ
1133 2784 1206 2849 τῶν
1233 2775 1339 2862 ἐκτός,
1367 2775 1453 2850 ἀλλά
1480 2784 1557 2866 περὶ

252 2883 327 2949 τῶν
354 2876 441 2948 κατὰ
468 2876 579 2966 ψυχὴν
604 2873 747 2965 ἀγαθῶν
773 2872 794 2966 ἢ
818 2884 965 2949 κακῶν·
996 2882 1132 2965 ἐπείπερ
1163 2872 1182 2948 ό
1213 2881 1367 2960 ἐκκλίνας
1396 2881 1456 2966 μὲν
1488 2873 1556 2948 ἀπὸ

252 2983 326 3048 τῶν
353 2970 467 3058 οὕτως
500 2983 636 3047 κακῶν
666 2975 810 3066 ποιήσας
841 2983 877 3048 δὲ
908 2975 950 3048 τά
982 2973 1095 3047 τοιάδε
1126 2973 1239 3064 ἀγαθά
1270 2974 1318 3060 ῶς
1348 2983 1462 3048 θέλων
1493 2975 1557 3066 τὴν

200 3093 234 3149 25
252 3073 423 3166 ἀληθινὴν
447 3074 539 3164 ζωὴν
561 3072 683 3164 γένοιτ’
710 3070 753 3146 όν
778 3080 815 3146 ἐν
842 3074 938 3164 αὐτῇ,
961 3072 1123 3164 ,ἀγαπῶν
1144 3072 1266 3165 ἡμέρας
1292 3079 1375 3147 ἰδεῖν
1397 3072 1557 3166 άγαθάς,“

252 3168 304 3246 ῶν
326 3171 345 3248 ό
368 3171 469 3264 λόγος
491 3181 552 3264 τῆς
578 3173 831 3264 ,,δικαιοσύνης“
859 3179 951 3246 ἐστὶν
978 3169 1123 3265 ,,ἧλιυς,“
1150 3181 1236 3264 (καὶ)
1271 3172 1401 3261 φθάσαι
1431 3169 1474 3246 όν
1505 3171 1556 3244 ἐπ’

252 3279 388 3358 ἐκείνας,
412 3280 648 3362 ἐξαιρουμένου
670 3270 775 3344 αῦτόν
802 3282 864 3345 τοῦ
885 3281 970 3345 θεοῦ
999 3273 1088 3362 ,ἀπὸ
1120 3282 1183 3347 τοῦ
1213 3279 1401 3356 ἐνεστῶτος
1431 3279 1557 3357 αἰῶνος

168 3395 235 3451 157ν
252 3381 425 3464 πονηροῦ(
445 3380 449 3458 Ι
468 3379 522 3443 καὶ
545 3370 613 3444 ἀπὸ
637 3379 710 3444 τῶν
731 3379 897 3461 πονηρῶν
919 3371 1064 3464 ἡμερῶν,
1087 3381 1162 3464 περί
1186 3365 1237 3445 ῶν
1264 3370 1397 3446 είπενό
1424 3379 1557 3458 Παῦλος

252 3471 306 3546 τό·
329 3471 627 3562 ,ἐξαγοραζόμενοι
649 3471 712 3544 τὸν
733 3470 862 3562 καιρὸν,
883 3465 937 3545 ότι
959 3477 992 3544 αὶ
1013 3469 1131 3564 ἡμέραι
1152 3481 1299 3564 πονηραί
1322 3478 1432 3544 είσιν.“

200 3607 236 3663 30
334 3595 400 3660 LV.
438 3587 601 3678 Εῦρεθείη
624 3585 652 3660 δ’
679 3584 722 3660 άν
748 3589 1105 3680 καταχρηστικῶτερον
1134 3597 1189 3661 καὶ
1220 3589 1262 3662 τά
1292 3589 1466 3680 σωματικά
1500 3596 1555 3660 καί

252 3689 296 3761 τά
317 3689 424 3773 ἐκτός,
446 3689 490 3759 τά
511 3696 573 3776 μὲν
595 3685 845 3779 συμβαλλόμενα
867 3693 912 3773 είς
933 3686 997 3760 τόν
1017 3691 1104 3761 κατὰ
1132 3689 1233 3778 φῦσιν
1254 3697 1329 3778 βίον
1357 3685 1554 3779 νομιζόμενα

252 3785 363 3878 ἀγαθά
394 3788 436 3860 τά
464 3785 492 3859 δ
525 3787 765 3878 ἐναντιούμενα
784 3797 788 3873 Ι
809 3785 923 3879 τούτῳ
954 3786 1059 3860 κακά.
1108 3783 1203 3860 οῦτω
1234 3789 1295 3880 γάρ
1326 3784 1345 3861 ό
1371 3785 1443 3878 Ἰῶβ
1468 3795 1554 3879 λέγει
1577 3800 1628 3856 675

251 3886 338 3976 πρὸς
362 3887 425 3978 τὴν
448 3907 587 3977 γυναῖκα
610 3884 663 3959 τό·
685 3891 734 3973 ,εί
755 3887 817 3977 γάρ
841 3889 882 3960 τά
905 3885 1018 3978 ἀγαθά
1039 3887 1222 3976 ἐδεξάμεθα
1243 3893 1280 3958 ἐκ
1301 3887 1409 3978 χειρός
1430 3897 1555 3978 κυρίου,

340 4083 378 4139 15
397 4083 469 4138 Psal.
488 4084 529 4146 33,
548 4085 656 4137 11-15.
676 4113 708 4122 -
726 4083 762 4138 20
780 4083 850 4138 ΡεεῖΙ.
869 4085 910 4147 33,
930 4087 971 4139 15.
989 4115 1021 4124 -
1041 4084 1287 4145 25Ρεο1.33,13.
1306 4114 1339 4122 -
1358 4083 1397 4139 26
1416 4083 1478 4152 Vgl.
1491 4083 1555 4137 Μαί.

251 4170 275 4234 4,
294 4170 318 4224 2.
336 4198 369 4207 -
389 4168 427 4225 27
447 4167 510 4237 Vgl.
529 4167 589 4222 Gal.
608 4171 631 4232 1,
648 4170 722 4222 4.-
741 4168 778 4222 22
796 4167 894 4238 Ephes.
912 4170 936 4234 5,
956 4171 995 4225 16.
1014 4199 1046 4208 -
1064 4169 1102 4224 38
1120 4168 1191 4222 Hiob
1209 4171 1233 4232 2,
1254 4170 1292 4223 10.

338 4343 375 4398 ll
401 4339 446 4411 (ὃ)
466 4343 530 4413 fflge
552 4343 596 4397 ich
618 4343 669 4397 mit
687 4341 731 4412 Sp.
750 4361 774 4396 u.
793 4343 852 4398 Del.
871 4343 922 4408 ein,
941 4344 996 4412 vgl.
1014 4343 1084 4398 oben
1103 4343 1140 4397 VI
1157 4344 1199 4410 53,
1217 4345 1242 4398 S.
1262 4345 1310 4398 124
1329 4344 1354 4398 Z.
1374 4345 1405 4397 17
1423 4361 1449 4398 u.
1468 4343 1493 4399 S.
1508 4345 1557 4401 125

252 4427 279 4482 Z.
292 4429 309 4481 4
323 4429 326 4496 ί
341 4426 381 4482 24
400 4419 492 4492 οῦτως
509 4432 534 4482 Α
554 4419 629 4483 σίτω
647 4427 783 4497 MAusgg.
799 4429 803 4496 Ι
820 4428 859 4484 26
879 4429 955 4498 (καί)
974 4429 1038 4496 fflge
1055 4428 1099 4481 ioh
1117 4427 1190 4482 nach
1209 4428 1337 4482 Gelenius
1355 4445 1380 4482 u.
1394 4427 1490 4497 Del.(l
1507 4431 1557 4486 674

253 4514 332 4568 Amn.
345 4513 370 4580 υ)
389 4512 441 4576 ein,
460 4512 591 4566 wahrend
610 4513 657 4567 Βο.
671 4511 768 4577 (Notae
780 4530 806 4583 p.
820 4513 879 4581 397)
898 4513 941 4567 die
954 4513 1059 4584 Copula
1075 4513 1159 4568 sehon
1176 4531 1225 4568 vor
1244 4507 1364 4582 ἀγαπῶν
1381 4513 1462 4582 (oben
1476 4513 1503 4568 Z.
1514 4515 1557 4582 25)

251 4595 429 4651 einsehieben
446 4597 517 4661 will;
537 4596 678 4652 vielleicht
694 4598 730 4651 ist
748 4596 814 4651 aber
831 4596 876 4651 die
893 4597 984 4652 Liicke
1003 4598 1138 4652 zwisohen
1156 4589 1236 4668 ἥλιος
1253 4617 1278 4652 u.
1297 4593 1411 4663 φθάσαι
1428 4599 1500 4652 noch
1517 4599 1558 4653 als

251 4686 358 4750 grosser
375 4683 572 4736 anzunehmen.
