3758 5564
602 492 694 548 ΠΕΡΙ
714 490 851 546 ΕΥΧΗΣ
875 489 926 563 28,
944 491 967 544 1.
985 491 1009 546 2.
1027 489 1052 544 3.
1069 492 1094 544 4.
1112 491 1136 546 5.
1470 495 1530 560 377

228 664 271 746 τῇ
303 657 425 747 πρῶτη
455 661 529 726 τῶν
551 663 743 728 Βασιλειῶν
770 649 903 726 ὀἨλεί.
945 647 1031 723 άλλά
1057 658 1113 722 καὶ
1136 658 1287 741 Χριστοῦ
1313 648 1532 742 ὠνησαμένου

228 751 313 844 ἡμᾶς
335 762 387 844 τῶ
408 760 483 847 ἰδίῳ
507 759 620 846 αίμστι
647 750 857 852 ὀφειλέται
879 757 989 843 ἐσμὲν,
1013 745 1128 840 ῶσπερ
1149 757 1205 822 καὶ
1226 756 1293 834 πᾶς
1315 756 1447 840 οἰκέτης
1467 757 1531 822 τοῦ

228 853 445 946 ὠνησαμένου
466 861 557 928 ἐστὶν
579 850 792 944 ὀφειλέτης
813 859 875 925 τοῦ
896 857 1038 940 τοσοῦδε
1057 856 1223 934 δοθέντος
1236 846 1320 939 ὀπίρ
1335 847 1440 922 αότοῦ
1453 848 1529 941 χρή-

226 983 341 1044 ματος.
383 958 454 1028 ἔστι
480 983 532 1038 τις
558 951 637 1046 ἡμῖν
662 961 717 1026 καί
742 951 830 1043 πρὸς
850 950 913 1038 ,τὸ
940 945 1037 1042 άγιον
1062 955 1236 1040 πνεῦμα“Ι
1260 945 1390 1039 ὀφειλὴ,
1415 947 1530 1022 άποδι-
1548 957 1599 1012 253

191 1059 365 1144 5δομένη,
394 1046 452 1126 ὅτε
478 1051 518 1126 οό
544 1061 715 1144 λυποῦμεν
742 1049 839 1138 αὐτὸ,
867 1057 925 1137 ,ἐν
952 1043 1002 1142 ῶίί
1025 1055 1296 1140 έσφραγίσθημεν
1317 1055 1385 1135 ,εἰς
1406 1045 1531 1140 ἡμέραν

225 1150 531 1242 άπολυτρῶσεως,“
551 1161 608 1225 καὶ
628 1153 673 1244 μὴ
696 1158 883 1235 λυποῦντες
905 1147 990 1222 αότὸ
1014 1155 1160 1239 φέρομεν
1181 1149 1262 1232 τούς
1283 1149 1447 1239 καρποὺς,
1470 1144 1530 1232 οός

226 1250 478 1342 άπαιτοόμεθα,
510 1250 675 1338 συνόντος
709 1249 816 1324 αότοῦ
848 1247 926 1341 ἡμῖν
960 1255 1015 1322 καί
1049 1254 1307 1339 ζῳοποιοῦντος
1338 1244 1435 1340 ἡμῶν
1464 1248 1529 1340 τὴν

226 1350 345 1443 φυγήν.
387 1359 415 1424 εἰ
444 1361 500 1425 καὶ
529 1353 574 1442 μὴ
605 1358 699 1443 ἰσμεν
724 1359 760 1424 δέ
786 1355 966 1441 ἐπιμελῶς,
994 1357 1045 1432 τίς
1068 1343 1086 1420 ὁ
1110 1344 1371 1438 ἑκάστουημῶν
1393 1346 1529 1440 ἄγγελος

224 1459 360 1538 βλέπων
374 1459 459 1538 ,τοῦ
478 1456 515 1524 έν
533 1449 890 1541 οόρανοῖς“,,πατρὸς“
904 1447 966 1536 ,τὸ
987 1444 1204 1538 πρόσωπον,“
1218 1444 1305 1520 άλλὰ
1328 1443 1478 1537 φανερόν
1493 1475 1528 1537 γε

174 1563 208 1620 10
224 1549 491 1640 ἰπισκοπῆσαντι
516 1549 647 1640 ἑκάστῳ
675 1547 771 1641 ἡμῶν
793 1556 920 1640 γίνεται
942 1542 997 1621 ότι
1017 1544 1161 1636 κάκείνῳ
1189 1541 1400 1636 ὀφειλέται
1421 1556 1529 1620 τινῶν

225 1656 329 1742 έσμεν.
365 1657 394 1721 εί
415 1657 450 1722 δὲ
471 1658 526 1723 καὶ
546 1656 582 1722 έν
597 1648 736 1742 θεάτρῳ
752 1654 849 1740 έσμὲν
862 1645 991 1738 κόσμου
1004 1655 1060 1719 καὶ
1075 1643 1228 1736 ἀγγέλων
1246 1653 1302 1716 καὶ
1318 1642 1527 1736 άνθρῶπων,

224 1756 339 1822 ἰστέον
361 1743 425 1836 ὀτι,
448 1744 562 1838 ῶσπερ
585 1745 604 1822 ὀ
624 1754 660 1822 έν
675 1747 813 1840 θεάτρῳ
837 1743 1049 1836 ὀφειλέτης
1071 1751 1141 1818 ἐστὶ
1155 1753 1219 1818 τοῦ
1235 1743 1315 1818 τάδε
1329 1746 1407 1818 τινὰ
1423 1751 1528 1818 εἰπεῖν

223 1845 245 1939 ἰ)
275 1857 414 1940 ποιῆσαι
442 1855 480 1922 έν
511 1847 588 1939 ὄψει
618 1857 693 1922 τῶν
722 1857 875 1934 θεατῶν,
901 1842 987 1935 άπερ
1014 1845 1059 1937 μὴ
1086 1843 1215 1934 πράξας
1241 1874 1292 1930 τις
1320 1843 1367 1929 ῶς
1395 1845 1437 1918 τὸ
1458 1851 1528 1918 πᾶν

223 1947 359 2040 ὀβρίσας
389 1957 540 2040 θέατρον
570 1947 764 2037 κολάζεται·
792 1943 905 2032 οὕτως
934 1954 990 2018 καί
1020 1942 1112 2035 ἡμεῖς
1142 1953 1240 2036 ,,τῷ“
1273 1940 1343 2036 ὀλῳ
1369 1942 1527 2036 ,,κόσμῳ“

173 2071 205 2130 15
223 2057 319 2136 ,,καί“
334 2070 407 2133 τοῖς
427 2055 530 2122 πᾶσιν
545 2046 739 2140 ,,άγγέλοις“
757 2055 808 2139 τῷ
831 2077 869 2120 τε
891 2055 966 2119 τῶν
981 2043 1183 2136 άνθρῶπων
1198 2053 1285 2135 γένει
1308 2040 1527 2133 ὀφείλομεν

224 2155 342 2234 ταῦτα,
364 2145 386 2220 ά
407 2156 632 2240 βουληθέντες
654 2146 722 2221 άπὸ
744 2154 806 2238 τῆς
827 2153 947 2235 σοφίας
969 2141 1200 2235 μαθησόμεθα.

306 2262 333 2320 4.
368 2259 472 2340 χωρὶς
494 2256 529 2321 δὲ
551 2247 687 2320 τούτων
708 2253 1001 2336 καθολικωτέρων
1023 2241 1138 2318 ὀντων
1160 2249 1229 2316 ἔστι
1251 2273 1302 2328 τις
1322 2242 1425 2335 χήρας
1444 2273 1526 2335 προ-

154 2375 207 2432 29r
224 2355 409 2438 νοουμένης
434 2345 500 2419 όπό
528 2354 589 2438 τῆς
617 2351 793 2436 ἐκκλησίας
818 2341 939 2436 ὀφειλὴ
958 2354 1037 2430 1καί
1065 2347 1161 2435 ἑτέρα
1183 2341 1342 2417 διακόνου
1362 2351 1418 2415 καί
1440 2339 1526 2434 άλλη

223 2454 462 2537 πρεσβυτέρου,
485 2456 541 2519 καὶ
568 2443 756 2519 ἐπισκόπου
779 2452 814 2518 δὲ
836 2441 956 2536 ὀφειλι)
978 2443 1150 2534 βαρυτάτη
1173 2449 1273 2528 ἐστὶν,
1296 2441 1525 2534 ὀπαιτουμένη

170 2561 205 2617 20
222 2544 290 2619 ὀπὸ
321 2555 385 2619 τοῦ
415 2553 476 2638 τῆς
507 2541 588 2636 όλης
614 2549 789 2636 ἐκκλησίας
816 2552 969 2635 σωτῆρος
994 2552 1051 2616 καὶ
1076 2547 1305 2632 έκδικουμένη,
1329 2546 1357 2614 εἰ
1377 2541 1421 2633 μὴ
1443 2539 1525 2615 ὀπο-
1635 2629 1640 2638 ῃ

223 2655 361 2720 διδοῖτο.
403 2642 466 2738 ἤδη
498 2653 533 2719 δὲ
563 2641 581 2718 ὀ
615 2641 807 2729 ἀπόστολος
837 2640 980 2735 ὀφειλήν
1011 2672 1088 2715 τινα
1118 2642 1238 2733 κοινὴν
1269 2639 1444 2732 ῶνόμασεν
1468 2639 1525 2715 ὀν-

222 2745 301 2836 δρός
330 2753 385 2817 καὶ
412 2744 569 2836 γυναικὸς
596 2753 717 2835 λέγων·
747 2752 810 2833 ,τῇ
837 2751 968 2834 γυναικί
995 2738 1014 2816 ό
1039 2740 1124 2833 ὀνὴρ
1152 2743 1216 2833 τὴν
1242 2737 1383 2833 ὀφειλὴν
1408 2739 1524 2815 άποδι·

222 2843 329 2930 δότω,
353 2842 479 2935 ὁμοίως
500 2853 556 2918 καί
578 2842 599 2935 ἦ
621 2844 703 2936 γυνὴ
726 2852 778 2936 τῷ
801 2841 930 2935 ὀνδρίί·
958 2850 1015 2915 καὶ
1036 2846 1200 2932 ἐπιφέρει·
1223 2841 1288 2932 ,μὴ
1309 2838 1525 2931 ἀποστερεῖτε

224 2943 421 3036 άλλήλους.“
455 2953 511 3016 καί
539 2952 574 3017 τί
598 2973 637 3032 με
664 2949 715 3014 δεῖ
735 2951 857 3032 λέγειν,
883 2941 994 3031 παρόν
1021 2941 1063 3014 τὰ
1090 2943 1223 3014 ἑαυτῶν
1245 2937 1465 3031 ὀναλέγεσθαι
1487 2946 1523 3012 έκ

170 3057 203 3112 25
221 3053 294 3118 τῶν
317 3051 503 3134 εἰρημένων
526 3043 606 3127 τοὺς
627 3042 896 3133 ἐντυγχάνοντας
911 3049 990 3132 τῇδε
1005 3047 1048 3129 τῇ
1063 3047 1184 3131 γραφῇ,
1204 3035 1265 3113 ὅσα
1287 3035 1523 3128 ὀφείλοντες

221 3140 298 3234 ἢτοι
320 3144 364 3235 μὴ
386 3141 609 3227 ἀποδιδόντες
630 3139 951 3232 κατασχεθησόμεθα
973 3136 993 3232 ἢ
1012 3137 1234 3224 ἀποδιδόντες
1251 3137 1523 3231 έλευθερωθησό-

220 3255 325 3334 μεθα;
350 3243 442 3334 πλὴν
463 3240 526 3315 οόκ
549 3247 640 3315 ἔστιν
661 3247 698 3314 έν
720 3250 769 3332 τῷ
792 3249 854 3332 βίῳ
879 3237 964 3315 ὄντα
985 3238 1094 3329 πάσης
1117 3235 1208 3330 ῶρας
1230 3239 1352 3324 νυκτὸς
1372 3246 1428 3310 καί
1450 3236 1523 3331 ἧμέ·

220 3373 280 3434 ρας
301 3343 345 3434 μὴ
368 3339 556 3431 ὀφείλειν.

303 3457 330 3516 5.
367 3440 439 3516 ἄλλ’
472 3448 508 3514 έν
538 3449 589 3534 τῷ
622 3437 805 3530 ὀφείλειν
834 3437 912 3530 ἦτοι
939 3435 1125 3512 άποδίδωσί
1146 3467 1199 3523 τις
1220 3433 1241 3527 ἢ
1262 3434 1441 3527 άποστερεῖ
1459 3437 1524 3528 τὴν

168 3561 202 3618 30
221 3539 380 3634 ὀφειλήν·
409 3551 466 3614 καὶ
494 3538 641 3613 δυνατόν
670 3570 707 3630 γε
738 3546 775 3614 έν
804 3549 856 3631 τῷ
887 3549 948 3632 βίῳ
980 3534 1193 3623 άποδιδόναι,
1225 3537 1372 3610 δυνατὸν
1404 3541 1439 3608 δέ
1468 3543 1522 3608 καί

306 3733 322 3786 1
341 3731 407 3800 Vgl.
426 3729 514 3801 Apok.
533 3729 594 3784 Joh.
614 3731 638 3796 5,
656 3731 673 3786 9
691 3731 760 3799 (Αεί.
779 3729 819 3794 20,
839 3729 880 3785 28.
904 3727 999 3784 ΙΡείι.
1012 3728 1089 3794 1,16.
1108 3727 1158 3795 19).
1177 3755 1208 3766 -
1226 3725 1244 3779 4
1261 3725 1322 3794 Vgl.
1335 3724 1432 3794 Ephes.
1444 3726 1469 3792 4,
1481 3725 1522 3780 30.

220 3815 286 3872 -6
308 3814 551 3885 vgl.J0h.15‚8.
570 3815 610 3868 16.
633 3843 666 3852 -
691 3815 706 3870 ἰ
732 3813 794 3881 Vgl.
811 3813 873 3869 Joh.
891 3815 915 3877 6,
933 3813 974 3870 63.
1002 3811 1146 3876 1Pet1.3‚
1166 3811 1205 3866 18.
1234 3811 1259 3863 II
1278 3809 1341 3863 Kor.
1359 3812 1383 3871 3,
1401 3810 1425 3864 6.
1449 3837 1479 3850 -·
1503 3809 1521 3864 8

220 3900 516 3970 vgl.Matth.18,10.
539 3929 573 3938 -
597 3899 633 3954 11
653 3897 816 3968 VgLIKor.
834 3901 859 3958 4.
878 3899 901 3953 9.
919 3927 953 3936 -
972 3899 1008 3954 11
1029 3895 1091 3964 Vgl.
1110 3896 1122 3948 I
1140 3893 1209 3948 Tim.
1228 3898 1252 3954 5,
1270 3896 1294 3949 3.
1314 3895 1353 3949 16.
1372 3896 1412 3948 17.
1431 3923 1464 3934 —
1483 3894 1521 3951 18

222 3985 282 4056 Vgl.
301 3985 437 4054 Origenes,
456 3985 487 4037 In
503 3984 601 4038 Jerem.
619 3983 692 4037 hom.
709 3982 748 4036 XI
766 3984 790 4038 3.
812 3981 876 4036 XIV
893 3984 910 4035 4
928 3983 1003 4049 (tom.
1016 3979 1066 4033 XV
1084 3997 1109 4050 p.
1128 3980 1186 4034 225.
1204 3979 1254 4036 259
1272 3978 1314 4034 εδ.
1332 3977 1456 4046 houm).
1489 3979 1521 4032 In

219 4069 317 4124 Ετεοίι.
335 4069 408 4122 hom.
428 4069 450 4121 V
467 4073 485 4122 4
503 4071 578 4135 [tom.
590 4066 652 4121 XIV
669 4085 694 4137 p.
707 4069 740 4122 75
758 4065 800 4120 ed.
812 4065 935 4134 Lomm.).
953 4095 985 4104 -
1004 4063 1042 4120 22
1060 4064 1148 4119 IKor.
1167 4066 1191 4131 7,
1210 4064 1233 4118 3.
1251 4093 1284 4102 -
1303 4062 1342 4118 23
1360 4063 1448 4120 IKor.
1461 4065 1485 4128 7,
1497 4065 1520 4118 5.

303 4237 321 4292 4
343 4237 434 4291 hinter
452 4229 511 4292 ἔστι
523 4243 555 4300 ÷
568 4233 597 4290 δέ
615 4234 697 4303 Angl.
716 4233 771 4302 (bei
788 4232 984 4300 1211925121
1001 4231 1040 4288 26
1060 4231 1199 4304 σωτῆρος]
1217 4226 1353 4298 σώματος
1369 4229 1448 4284 Βενί.
1467 4228 1521 4298 (bei

219 4323 279 4377 Del.
292 4323 303 4374 I
317 4323 366 4379 253
382 4323 463 4376 Anm.
476 4321 500 4388 ε)
516 4321 520 4388 1
536 4313 701 4374 άποδιδοῖτο
720 4318 843 4372 schreibe
861 4317 906 4371 ich
923 4317 975 4371 mit
986 4317 1066 4386 Angl.
1080 4317 1113 4383 (ε.
1126 4333 1150 4370 ε.
1163 4315 1212 4382 0.),
1231 4314 1279 4369 der
1291 4315 1361 4368 auch
1373 4332 1408 4369 an
1427 4307 1522 4369 άποδι·

220 4409 307 4463 δῶται
325 4406 422 4470 δευίιί;
441 4399 602 4460 άποδιδῶτο
616 4403 744 4472 TAusgg.
760 4405 764 4469 Ι
780 4401 820 4458 24
837 4393 935 4474 παρόν
952 4394 988 4458 τά
1005 4397 1115 4457 ἑαυτῶν
1132 4395 1325 4470 α’ναλέγεσθαι
1338 4395 1370 4454 έκ
1381 4404 1439 4454 τῶν
1450 4396 1522 4470 εἰρη·

220 4489 315 4560 μένων
337 4484 404 4554 τοὺς
426 4484 651 4560 ἐντυγχάνοντας
672 4487 794 4542 ευλιιεὶἰιε
815 4487 861 4541 ich
883 4487 935 4541 mit
957 4487 1034 4540 Βευί.
1057 4504 1083 4542 u.
1106 4487 1164 4540 Del.
1184 4487 1206 4553 (Ι
1223 4486 1274 4542 253
1292 4488 1372 4538 Anm.
1391 4484 1425 4552 ί),
1449 4501 1521 4552 παρ-

220 4571 293 4630 όντα
313 4567 420 4644 [παρόν
437 4574 532 4645 Lond.]
559 4569 652 4648 ἑαυτῷ
679 4567 872 4643 ἀναλέγεσθαι
897 4567 930 4628 έκ
956 4577 1015 4626 τῶν
1041 4569 1199 4640 εἰρημένων
1220 4575 1275 4624 τοῦ
1297 4563 1522 4639 ἐντυγχάνοντος

219 4659 350 4728 TAusgg.
366 4660 370 4727 1
386 4659 426 4715 25
444 4653 512 4724 τοὺς
529 4653 763 4728 ἐντυγχάνοντας]
782 4662 823 4732 τῷ
841 4651 1041 4726 ἐντυγχάνοντι
1059 4655 1141 4724 Angl.
1160 4656 1194 4722 (υ.
1212 4673 1236 4709 ε.
1254 4654 1304 4722 0.).
