3772 5526
629 489 730 543 ΚΑΤΑ
752 487 914 542 ΚΕΔΣΟΥ
935 489 977 547 Vl
1003 489 1026 544 2.
1044 493 1069 545 3.
1086 493 1111 546 4.
1481 503 1519 564 73

213 653 305 721 ἐστιν
327 653 364 720 ἐν
385 646 512 732 αῦτοις·
542 645 561 721 ό
588 652 670 732 θεὸς
697 649 759 740 γὰρ
782 645 896 734 αὐτοῖς
919 655 1120 738 ἐφανέρωσε.
1162 652 1205 724 τὰ
1227 651 1289 743 γὰρ
1312 649 1443 742 ἀόρατα
1465 652 1521 726 αῦ-
1539 672 1589 727 Ph.
1602 674 1688 738 73,14

214 756 277 822 τοῦ
307 745 376 821 ἀπὸ
406 755 549 832 κτίσεως
577 746 705 838 κόσμου
737 767 809 833 τοῖς
834 747 996 840 ποιήμασι
1023 750 1188 840 νοούμενα
1214 760 1417 838 καθορᾶται,
1439 747 1460 844 ἦ
1483 783 1521 826 τε

214 845 323 932 ἀΐδιος
353 844 458 919 αῦτοῦ
487 847 626 938 δύναμις
654 856 710 918 καὶ
731 845 885 937 θειότης,
916 854 962 932 εἰς
989 848 1029 920 τὸ
1052 852 1137 920 εἰναι
1160 847 1283 933 αὐτοὺς
1304 848 1520 943 ἀναπολογή-

214 977 309 1033 τους,
341 944 430 1019 διότι
460 944 601 1034 γνόντες
632 945 696 1018 τὸν
725 946 810 1019 θεὸν
837 943 897 1035 οάχ
924 945 972 1030 ῶς
993 946 1078 1019 θεὸν
1099 947 1262 1036 ἐδόξασαν
1282 943 1303 1037 ἢ
1326 945 1522 1040 ηὐχαρίστη-

179 1061 284 1131 5σαν,
312 1041 384 1117 ἀλλ’
408 1047 672 1135 ἐματαιώθησαν
698 1051 735 1118 ἐν
761 1065 835 1129 τοις
857 1053 1083 1136 διαλογισμοῖς
1109 1045 1235 1133 αὐτῶν,
1262 1055 1317 1120 καὶ
1339 1053 1521 1138 ἐσκοτίσθη

213 1142 234 1234 ἦ
256 1140 416 1228 ἀσύνετος
438 1143 555 1218 αὐτῶν
574 1151 704 1236 καρδία.
733 1143 923 1232 φάσκοντες
943 1149 1026 1218 εἰναι
1049 1154 1168 1235 σοφοὶ
1191 1145 1448 1236 ἐμωράνθησαν,
1463 1157 1522 1220 καὶ

212 1241 364 1332 ἤλλαξαν
385 1243 450 1333 τὴν
472 1243 575 1331 δόξαν
598 1252 661 1318 τοῦ
682 1241 868 1332 ἀφθάρτου
888 1252 974 1317 θεοῦ
994 1249 1031 1317 ἐν
1053 1241 1242 1336 ὁμοιώματι
1263 1243 1395 1329 εἰκόνος
1410 1259 1520 1336 φθαρ-

212 1350 275 1415 τοῦ
306 1338 497 1433 ἀνθρώπου
527 1349 584 1414 καὶ
613 1349 783 1416 πετεινῶν
810 1352 867 1415 καὶ
897 1342 1121 1433 τετραπόδων
1150 1354 1207 1416 καὶ
1240 1347 1421 1434 ἓρπετῶν.“
1463 1353 1518 1418 καὶ

211 1439 416 1532 ,,ἀλὴθειαν“
443 1450 526 1532 γοῦν
551 1449 758 1532 κατέχουσιν,
788 1441 835 1526 ῶς
860 1451 917 1514 καὶ
939 1440 958 1516 ό
981 1440 1139 1534 ἡμέτερος
1160 1465 1322 1535 μαρτυρεῖ
1340 1442 1455 1535 λόγος,
1488 1448 1520 1516 οἰ

162 1563 195 1618 10
212 1549 422 1632 φρονοῦντες
458 1537 513 1614 ότι
543 1541 694 1630 ,ῥητόν
729 1539 911 1632 οὐδαμῶς
946 1547 1055 1615 ἐστιίί
1087 1543 1132 1614 τό
1165 1552 1332 1634 πρῶτον
1362 1541 1520 1634 ἀγαθόν

211 1651 267 1712 καί
293 1648 451 1730 λέγοντες
478 1637 526 1724 ῶς
560 1646 628 1726 ,,ἐκ
663 1648 817 1731 πολλῆς
852 1651 1066 1726 συνουσίας
1098 1650 1310 1734 γενομένης
1346 1652 1435 1732 περὶ
1472 1643 1518 1716 τό

211 1748 370 1830 πρᾶγμα
402 1737 499 1812 αάτὸ
528 1748 595 1810 καὶ
621 1747 694 1810 τοῦ
719 1747 840 1829 συζῆν
867 1745 1058 1831 ἐξαίφνης
1084 1743 1174 1814 οἰον
1200 1739 1278 1814 ἀπὸ
1300 1742 1425 1832 πυρὸς
1446 1773 1518 1833 πη-

126 1854 194 1908 139v
213 1838 410 1930 δήσαντας
432 1844 610 1926 ἐξαφθὲν
633 1847 716 1926 φῶς
738 1844 779 1910 ἐν
806 1847 853 1928 τῇ
879 1849 983 1929 φυγῇ
1006 1848 1010 1926 Ι
1034 1838 1256 1931 γενόμενον
1277 1838 1375 1912 αὐτὸ
1398 1840 1518 1913 ἑαυτό

212 1935 284 2028 ἤδη
308 1944 477 2027 τρέφει.“

162 2057 194 2110 15
294 2042 349 2108 IV.
389 2035 475 2107 Ἀλλ’
503 2038 708 2108 οἷ’τοιαῦτα
738 2045 815 2126 περὶ
846 2045 919 2110 τοῦ
948 2037 1112 2124 πρῶτον
1142 2035 1298 2127 ἀγαθοῦ
1328 2035 1519 2127 γράφοντες

210 2143 470 2220 καταβαίνουσιν
501 2139 567 2220 ,εἰς
594 2141 783 2226 Πειραιέα,“
813 2135 1075 2227 προσευξόμενοι
1106 2135 1153 2220 ῶς
1183 2143 1258 2229 θεῶ
1286 2145 1329 2226 τῇ
1356 2138 1519 2227 Ἀρτέμιδι

211 2242 266 2306 καὶ
289 2231 453 2326 ἀφόμενοι
476 2234 540 2324 τὴν
561 2232 628 2306 ἀπὸ
651 2240 829 2307 ἰδιωτῶν
851 2242 1111 2326 ἐπιτελουμένην
1126 2236 1326 2328 πανήγυριν·
1348 2243 1405 2308 καί
1427 2247 1517 2326 τηλι·

211 2333 319 2406 καῦτά
349 2363 386 2424 γε
417 2333 711 2425 φιλοσοφήσαντες
740 2341 816 2424 περὶ
844 2342 914 2425 τῆς
944 2341 1070 2424 ψυχῆς
1095 2345 1152 2407 καὶ
1177 2335 1242 2425 τὴν
1264 2335 1435 2425 διαγωγὴν
1457 2342 1519 2426 της

210 2443 324 2517 καλῶς
354 2438 552 2517 βεβιωκυΐας
583 2431 827 2521 διεξελθόντες,
859 2431 1108 2518 καταλιπόντες
1138 2433 1179 2506 τὸ
1205 2441 1347 2525 μέγεθος
1368 2426 1420 2504 ῶν
1442 2433 1518 2520 ,αά-

158 2549 192 2606 20
211 2542 303 2615 τοῖς(
334 2527 375 2618 ,ό
397 2533 500 2616 θεὸς(
520 2537 777 2622 ,,έφανέρωσεν“
800 2532 940 2624 εότελῆ
963 2541 1128 2624 φρονοῦσι
1153 2543 1218 2605 καὶ
1243 2533 1377 2624 μικρὰ,
1399 2532 1516 2619 ,ἀλεκ-

210 2629 356 2720 τρυόναα
379 2639 451 2722 ,τῷ
471 2639 475 2719 Ι
494 2628 683 2722 Ἀσκληπιῷ
691 2643 709 2670 “
732 2629 964 2717 ἀποδιδόντες·
987 2639 1042 2704 καὶ
1063 2631 1148 2718 ,,τόι“
1163 2629 1334 2720 ,,ἀόρατα“
1349 2641 1414 2705 τοῦ
1431 2641 1517 2706 θεοῦ
1534 2653 1586 2708 632

208 2740 263 2802 καὶ
286 2731 348 2814 τὰς
368 2735 458 2815 ἰδέας
481 2738 735 2818 φαντασθέντες
756 2729 845 2818 ,ἀπὸ
867 2739 928 2822 τῆς
949 2739 1093 2816 κτίσεως
1115 2739 1178 2804 τοῦ
1199 2729 1347 2822 κόσμου(
1368 2740 1425 2804 καὶ
1442 2741 1516 2805 τῶν

209 2837 401 2920 αἰσθητῶν,
432 2827 490 2918 ἀφ’
520 2823 571 2901 ῶν
602 2827 838 2915 ἀναβαίνουσιν
872 2835 927 2902 ἐπὶ
956 2831 998 2903 τὰ
1029 2830 1209 2921 νοούμενα,
1240 2829 1305 2921 τήν
1337 2860 1375 2904 τε
1404 2828 1516 2904 ἀίδιον

208 2927 319 3001 αὐτοῦ
337 2930 479 3019 δύναμιν
499 2938 554 3000 καὶ
576 2928 743 3019 θειότητα
765 2928 829 3003 οάκ
851 2928 1003 3020 ἀγεννῶς
1025 2929 1156 3013 ἰδόντες
1177 2928 1278 3002 οῦδὲν
1297 2922 1405 3020 ἧττον
1418 2937 1515 3020 ,ἐμα-

157 3046 190 3100 25
209 3030 408 3120 ταιῶθησαν
438 3034 475 3101 ἐν
504 3047 576 3112 τοῖς
604 3035 828 3120 διαλογισμοῖς
857 3027 1007 3116 αῦτῶν,“
1028 3039 1084 3101 καὶ
1114 3028 1161 3114 ῶς
1188 3027 1371 3114 ,ἀσύνετος
1399 3029 1516 3103 αῦτῶν

210 3126 260 3218 (ἡ)
283 3135 424 3218 καρδία“
459 3134 496 3200 ἐν
532 3127 646 3218 σκότῳ
682 3136 737 3200 καὶ
766 3127 884 3222 ἀγνοίᾳ
912 3137 1119 3201 καλινδεῑται
1148 3137 1191 3218 τῇ
1218 3135 1295 3219 περὶ
1324 3135 1388 3200 τοῦ
1413 3141 1515 3220 θερα-

208 3228 323 3299 πεύειν
351 3230 392 3301 τὸ
423 3238 529 3299 θεῖον.
571 3233 627 3298 καί
654 3231 744 3299 ἐστιν
771 3233 855 3300 ἰδεῖν
881 3229 962 3310 τούς
990 3233 1045 3300 ἐπὶ
1073 3237 1175 3321 σοφίᾳ
1196 3235 1277 3318 μέγα
1300 3235 1516 3316 φρονοῦντας

292 3399 311 3454 θ
329 3397 393 3466 vgl.
411 3397 489 3452 Rom.
508 3399 531 3462 1,
551 3399 590 3452 18.
608 3427 641 3437 -
661 3396 699 3452 10
718 3394 781 3465 vgl.
799 3396 888 3462 Plato,
906 3397 993 3468 Epist.
1006 3397 1058 3452 VII
1069 3415 1095 3468 p.
1108 3400 1157 3453 341
1171 3397 1199 3453 O.
1217 3427 1251 3438 -
1270 3397 1307 3453 ll
1327 3397 1416 3466 Plato,
1429 3397 1515 3469 Epist.

208 3482 259 3537 VII
276 3501 304 3552 p.
322 3480 446 3536 34101).
465 3511 497 3520 -
516 3482 555 3537 16
573 3479 637 3548 Vgl.
655 3479 744 3547 Plato,
762 3479 815 3535 Res
832 3482 909 3550 publ.
928 3483 941 3535 Ι
960 3485 973 3535 1
993 3499 1020 3551 p.
1038 3485 1087 3537 327
1101 3485 1132 3536 A.
1150 3511 1184 3520 —
1202 3481 1242 3537 12
1260 3481 1322 3552 Vgl.
1343 3481 1419 3538 Rom.
1433 3488 1456 3551 1,
1475 3485 1515 3538 19.

207 3597 239 3606 —
259 3568 298 3623 20
316 3566 487 3636 vgl.P1at0,
505 3565 621 3618 phadon
640 3565 706 3634 Cap.
720 3565 806 3619 LXVI
817 3581 843 3635 p.
858 3567 907 3621 118
918 3570 950 3620 A.
967 3597 1001 3605 -
1019 3567 1057 3622 21
1079 3565 1142 3635 vgl.
1155 3563 1232 3619 Rom.
1245 3570 1269 3629 1,
1283 3568 1323 3622 20.
1342 3597 1375 3606 -
1394 3567 1434 3622 24
1451 3567 1514 3636 vgl.

207 3649 284 3704 Rom.
305 3653 328 3718 1,
346 3652 387 3706 21.

292 3802 309 3857 1
329 3797 514 3872 ἐφανέρωσεν
531 3799 640 3854 ΡείΟΙ)
656 3800 692 3869 14
715 3793 842 3870 γνόντες]
864 3803 971 3870 γνῶτες
987 3799 1041 3854 Pat
1059 3803 1063 3868 Ι
1083 3795 1297 3872 ηὐχαρίστησαν
1318 3802 1454 3856 Apatna.
1474 3795 1515 3858 εἰ·

203 3886 386 3955 χαρίοτησαν
402 3884 737 3953 BCDEHSp.Del.Rob.
762 3887 765 3952 Ι
790 3887 809 3942 θ
831 3885 923 3939 hinter
940 3885 1043 3952 καρδία
1061 3885 1148 3940 Ηεειιι
1164 3886 1216 3940 Pae
1241 3888 1244 3954 Ι
1267 3887 1285 3941 8
1310 3889 1359 3942 καί
1378 3881 1516 3957 ἀλήθειαν

205 3977 276 4038 γοῦν
292 3970 499 4039 AAusgg.Rob.
518 3963 657 4038 ἀλήθειαν
674 3957 728 4024 οὖν
746 3969 773 4022 Φ
788 3971 792 4037 Ι
810 3970 845 4024 11
865 3969 958 4023 hinter
976 3971 1128 4035 συνουσίας
1139 3977 1173 4034 «Ι-
1184 3974 1305 4040 γνῶμεν,
1324 3972 1394 4026 doch
1413 3988 1515 4040 expun-

204 4054 282 4119 giert,
295 4056 319 4108 A
334 4055 338 4121 Ι
356 4056 394 4110 12
412 4057 465 4110 τοῦ
484 4055 570 4122 συζῆν
586 4053 676 4118 Plato,
691 4053 741 4108 Ηὸ.
753 4071 799 4108 am
811 4053 900 4120 Ram,
918 4053 1103 4123 Sp.Del.Rob.
1121 4053 1160 4107 im
1175 4053 1258 4119 Text5
1275 4051 1309 4110 τό
1330 4058 1416 4125 συζῆν
1434 4056 1515 4110 ΑΡοί

205 4140 227 4192 Β
246 4133 280 4193 τό
301 4140 430 4208 συζητεῖν
447 4138 556 4192 GDEH
578 4139 581 4207 Ι
606 4136 747 4208 ἐξαίφνης]
766 4155 815 4192 aus
833 4135 944 4208 ἐξαίνης
960 4155 1014 4193 von
1031 4140 1079 4193 111.
1091 4139 1133 4206 Η,
1151 4157 1186 4194 w.
1199 4157 1222 4194 ε.
1239 4141 1302 4206 τοῦ,
1321 4156 1388 4194 corr.
1406 4144 1431 4194 A
1450 4141 1455 4211 Ι
1475 4139 1515 4196 18

204 4219 370 4293 γενόμενον]
388 4218 544 4292 γινόμενον
560 4223 698 4278 BCDEH
721 4225 725 4291 Ι
755 4222 793 4278 15
815 4223 945 4291 τοιαῦτα]
963 4229 1093 4279 τοσαῦτα
1111 4225 1183 4291 Pati
1200 4226 1238 4280 16
1256 4223 1402 4294 Πειραιέα]
1420 4243 1515 4296 πηρεα

205 4308 257 4361 Pat
274 4312 375 4378 πειρεᾶ
393 4307 444 4360 ΒΙ)
462 4311 580 4375 πειραιᾶ
598 4307 708 4361 PCEH
732 4309 736 4375 Ι
762 4308 876 4364 11-18
895 4324 941 4360 am
958 4306 1038 4360 Rand
1058 4299 1096 4377 σε]
1113 4325 1167 4362 von
1184 4307 1205 4363 Ι.
1219 4307 1252 4377 [2]
1266 4305 1299 4362 Η.
1317 4309 1361 4377 ΑΙ
1383 4309 1419 4365 11
1445 4307 1515 4363 ἰδιω-

205 4397 264 4446 τῶν
286 4391 451 4447 &nemon
470 4388 603 4445 ἰουδαίιυν
619 4391 752 4460 ΔΗδ.θρ.
768 4392 772 4458 Ι
789 4391 827 4446 18
845 4408 878 4460 γε
896 4400 929 4449 <
946 4390 1084 4445 BGDEH
1105 4401 1109 4460 Ι
1130 4392 1169 4447 19
1191 4387 1408 4463 καταλιπόντες]
1427 4412 1514 4448 κατα·

205 4477 351 4540 λείποντες
367 4477 420 4530 Ρελ
436 4469 660 4540 καταλειπόντες
678 4477 700 4529 Β
716 4477 720 4543 Ι
741 4474 781 4530 20
800 4469 986 4545 ἀλεκτρῦονα,
1004 4476 1092 4530 Ιίεεατ
1109 4475 1178 4530 iiber
1196 4493 1221 4543 0,
1240 4478 1265 4528 A
1280 4479 1284 4541 Ι
1305 4476 1343 4531 21
1364 4471 1515 4546 ἀσκλῆῐιίω

203 4562 256 4615 AB
272 4563 276 4629 Ι
292 4560 330 4616 22
349 4558 440 4624 εἰδέας
456 4559 509 4614 Ρε1
524 4562 527 4627 Ι
543 4559 582 4614 25
601 4553 648 4630 ὡς]
667 4553 684 4628 ἢ
702 4558 761 4614 Del.
778 4559 782 4628 Ι
798 4559 838 4614 26
857 4553 901 4628 (ἣ)
920 4560 984 4628 ffige
1002 4560 1047 4613 ich
1064 4561 1117 4615 mit
1133 4560 1185 4614 Ηῡ.
1195 4560 1241 4630 Sp.
1251 4559 1319 4614 Rob.
1337 4578 1386 4615 aus
1405 4562 1432 4614 Φ
1449 4561 1494 4616 ein
1509 4563 1512 4629 Ι

205 4646 242 4700 27
261 4641 315 4714 ἐπὶ]
335 4641 367 4699 ἐν
382 4643 436 4698 Pat
450 4647 454 4710 Ι
469 4650 727 4716 μεγαφρονοῦντας
744 4644 798 4697 Pat
806 4643 837 4698 B.
851 4700 853 4705 ,
