3790 5526
352 492 393 554 92
895 486 1121 542 ανινοπονκ

353 643 551 736 μυστήρια
572 649 608 716 ἐν
624 644 675 728 οίς
691 669 807 735 φησιν·
830 653 1056 721 αἰνίττεται
1077 653 1203 720 ταῦτα
1224 651 1287 716 καί
1310 639 1507 732 όΠεροῶν
1527 637 1662 730 λόγος,

352 752 417 816 καί
441 742 462 835 ἡ
483 751 558 816 τοῦ
573 753 733 834 Μίθρου
754 747 909 837 τελετῆ,
932 743 985 837 <ῆ>
1007 743 1096 835 παρ’
1116 742 1256 827 αύτσις
1278 747 1397 816 ἐστιν.
1425 743 1509 811 ἐστι
1531 738 1601 830 χάρ
1625 769 1662 812 τι

354 850 397 916 ἐν
422 843 521 933 αύτῆ
548 844 747 934 σύμβολον
775 853 858 917 τῶν
884 845 954 918 δύο
980 855 1065 918 τῶν
1091 851 1133 918 ἐν
1159 841 1319 934 ούρανῷ
1347 837 1564 931 περιόδων,
1591 847 1662 931 τῆς

354 972 396 1016 τε
425 940 630 1028 ἀπλανοῦς
660 951 725 1016 καί
757 951 828 1036 τῆς
854 951 909 1029 είς
938 946 1033 1030 τούς
1062 942 1270 1035 πλανήτας
1299 933 1348 1012 αῦ
1379 945 1661 1030 νενεμημένης,

317 1051 418 1116 οκαί
444 1049 516 1134 τῆς
542 1039 591 1114 δι’
620 1039 755 1115 αύτοῦν
782 1051 852 1135 τῆς
877 1051 1004 1134 ψυχῆς
1030 1041 1222 1130 διεξόδου.
1265 1037 1428 1114 τοιόνδε
1454 1037 1500 1110 τὸ
1522 1036 1661 1129 σύμβο-

353 1155 439 1216 λον·
475 1139 617 1232 κλίμαξ
645 1141 887 1228 ἐπτόπυλος,
914 1150 978 1216 ἐπί
1000 1141 1032 1216 δ’
1055 1141 1154 1233 αύτῆ
1175 1141 1279 1232 πύλη
1306 1135 1436 1231 ύχδόη.
1478 1135 1661 1229 ἡπρώτη

353 1251 436 1315 τῶν
462 1250 835 1333 πυλῶν-μολίβδου,
862 1239 884 1333 ῆ
910 1250 1078 1332 δευτέρα
1105 1247 1358 1332 κασσιτέρου,
1387 1235 1408 1329 ἡ
1433 1245 1552 1328 τρίτη
1573 1248 1663 1327 χαλ-

352 1349 439 1427 κοῦ,
467 1337 487 1432 ῆ
510 1340 682 1432 τετάρτη
705 1341 887 1433 σιδήρου,
910 1339 931 1432 ῆ
952 1348 1111 1432 πέμπτη
1134 1345 1333 1430 κεραστοῦ
1355 1343 1613 1428 νομίσματος,
1641 1333 1662 1426 ῆ

353 1443 448 1530 ἕκτη
476 1438 668 1533 άρχύρου,
696 1448 844 1531 χρυσοῦ
870 1448 910 1513 δέ
937 1437 958 1530 ῆ
985 1439 1137 1531 ἑβδόμη.
1180 1438 1254 1530 τῆν
1280 1439 1447 1527 πρώτην
1476 1445 1662 1509 τίθενται

302 1552 336 1607 10
354 1537 529 1630 Κρόνου,
566 1547 622 1630 τῷ
657 1547 832 1631 μολίβδῳ
864 1541 1198 1632 τεκμηριούμενοι
1229 1537 1302 1629 τὴν
1331 1543 1561 1626 βραδυτῆτα
1589 1541 1662 1608 τοῦ

354 1636 631 1730 άστέρος,·τῆν
652 1645 846 1730 δευτέραν
866 1637 1115 1731 Ἀφροδίτης,
1141 1636 1473 1728 παραβάλλοντες
1494 1632 1593 1725 αῦτῆ
1615 1633 1660 1707 τὸ

355 1737 528 1829 φαιδρόν
557 1769 600 1812 τε
629 1749 694 1810 καὶ
726 1738 907 1828 μαλακόν
934 1747 1006 1811 τοῦ
1031 1745 1283 1827 κασσιτέρου,
1315 1735 1388 1827 τὴν
1418 1743 1563 1824 τρίτην
1589 1739 1661 1806 τοῦ

355 1839 459 1924 Διὸς,
496 1839 570 1928 τῆν
599 1845 827 1929 χαλκοβατῆ
856 1849 922 1912 καί
952 1839 1137 1929 στεβράν,
1174 1838 1247 1929 τῆν
1277 1835 1483 1926 τετάρτην
1511 1831 1661 1921 Ἑρμοῦ,

354 1937 533 2030 τλήμονα
555 1937 627 2027 γάρ
650 1941 777 2028 ἔργων
795 1935 989 2010 ἁπάντων
1009 1948 1074 2011 καί
1086 1937 1363 2030 χρηματιστὴν
1382 1943 1447 2006 καί
1461 1933 1662 2025 πολύκμη-

304 2055 426 2112 15τον
462 2039 565 2111 είναι
601 2035 673 2109 τόν
708 2066 751 2110 τε
786 2045 950 2128 σίδηρον
980 2046 1044 2111 καί
1074 2037 1146 2110 τὸν
1175 2035 1330 2128 Ἑρμῆν,
1368 2035 1441 2124 τῆν
1477 2041 1663 2124 πέμπτην

350 2135 484 2228 Ἄρεος,
521 2137 595 2228 τῆν
626 2143 668 2208 ἐκ
704 2144 775 2210 τοῦ
809 2135 1016 2228 κράματος
1045 2134 1260 2228 άνοόμαλόν
1292 2165 1334 2208 τε
1363 2141 1427 2206 καί
1457 2141 1661 2224 ποικίλην,

356 2242 474 2328 ἕκτην
501 2235 680 2327 Σελήνης
703 2249 707 2318 Ι
732 2237 806 2326 τὴν
831 2234 1020 2328 άρχυρᾶν,
1048 2235 1219 2328 ἑβδόμην
1244 2233 1373 2307 Ἡλίου
1398 2234 1471 2324 τῆν
1499 2239 1661 2324 χρυσῆν,
1678 2243 1729 2299 647

354 2337 595 2428 μιμούμενοι
617 2335 688 2418 τὰς
708 2333 828 2426 χρόας
851 2334 992 2410 αύτῶν.

439 2439 512 2525 ἑξῆς
534 2432 679 2521 ἐξετάζει
700 2434 764 2524 τῆν
786 2441 898 2507 αἰτίαν
920 2443 981 2526 τῆς
1004 2431 1099 2508 οῦται
1121 2441 1379 2525 κατειλεγμένης
1406 2429 1557 2519 τάξεως
1579 2439 1661 2505 τῶν

303 2532 552 2624 2οάστέρων,
589 2539 837 2624 δηλουμένης
873 2535 934 2606 διὰ
965 2531 1177 2624 συμβόλων
1207 2539 1247 2605 ἐν
1278 2552 1366 2618 τοῖς
1397 2528 1563 2622 ὀνόμασι
1593 2537 1663 2622 τῆς

356 2641 498 2724 λοιπῆς
519 2627 629 2723 ύλης,
650 2641 716 2704 καί
736 2635 950 2723 μουσικούς
973 2632 1116 2724 λόγους
1137 2632 1325 2723 προσάπτει
1344 2625 1365 2721 ῆ
1381 2637 1551 2704 ἐκτίθεται
1566 2639 1661 2721 Περ-

355 2743 435 2806 σῶν
457 2740 660 2824 θεολοχίᾳ·
681 2743 998 2824 προοφιλοτιμειται
1018 2740 1053 2805 δὲ
1069 2733 1205 2818 τούτοις
1220 2740 1274 2805 καί
1297 2739 1486 2820 δευτέραν
1500 2736 1663 2804 ἐκθέσθαι

356 2831 551 2924 διήγησιν,
585 2830 689 2904 πάλιν
721 2838 915 2922 ἐχομένην
943 2842 1146 2922 μουσικῶν
1177 2831 1460 2923 θεωρημάτων.
1503 2833 1596 2918 ἔδοξε
1626 2837 1663 2902 δέ

355 2961 412 3022 μοι
434 2931 475 3003 τὸ
498 2937 660 3003 ἐκθέσθαι
683 2932 747 3022 τὴν
768 2939 860 3018 λέξιν
880 2938 918 3004 ἐν
939 2933 1075 3017 τούτοις
1098 2940 1161 3005 τοῦ
1184 2941 1314 3004 Κέλσου
1335 2928 1469 3004 άτοπον
1495 2933 1579 3002 είναι
1605 2938 1659 3002 καί

305 3049 338 3104 25
356 3027 475 3122 όμοιον
502 3022 531 3122 ᾧ
558 3029 661 3115 αύτός
690 3040 884 3122 πεποίηκεν,
916 3040 962 3117 είς
992 3033 1056 3123 τῆν
1085 3039 1161 3123 περὶ
1190 3039 1446 3122 Χριστιανῶν
1476 3038 1540 3101 καί
1572 3027 1660 3102 'Iov-

441 3243 480 3300 18
502 3241 566 3312 Vgl.
584 3241 700 3311 Homer,
722 3243 754 3298 11.
772 3243 853 3300 1426
875 3262 900 3298 u.
919 3263 944 3300 a.
962 3244 1074 3300 Stellen.
1097 3274 1130 3284 -
1159 3243 1196 3301 14
1217 3244 1281 3313 Vgl.
1297 3244 1412 3314 Homer,
1434 3242 1466 3298 ΙΙ.
1484 3242 1522 3296 VI
1539 3244 1574 3298 48
1590 3259 1617 3298 u.
1635 3259 1659 3296 ο.

354 3329 466 3384 θίείίεο.

440 3512 458 3567 2
482 3501 540 3580 (ἢ),
558 3511 607 3564 σεε
624 3511 716 3566 hinter
733 3505 833 3582 τελετὴ
851 3513 936 3568 leicht
954 3512 1089 3568 aussallen
1106 3514 1219 3579 konnte,
1237 3511 1302 3581 stige
1319 3511 1363 3564 ich
1381 3511 1434 3566 mit
1451 3511 1540 3574 Keim‚
1558 3511 1660 3566 Celeus’

355 3595 473 3650 Wahres
490 3595 572 3650 Wort
592 3595 617 3649 S.
635 3596 669 3649 84
687 3600 767 3649 Anm.
784 3600 814 3660 4,
833 3597 876 3650 ein
900 3599 904 3666 Ι
928 3597 947 3652 4
968 3596 1158 3669 νενεμημένης
1179 3600 1216 3664 Α,
1243 3597 1294 3650 Ησ.
1304 3595 1347 3666 Sp.
1365 3613 1410 3650 am
1429 3595 1521 3660 Rand3
1547 3613 1662 3666 γεγενη-

356 3679 442 3749 μένης
459 3680 595 3749 MAusgg.
613 3680 652 3732 im
669 3679 739 3734 Text
763 3683 767 3748 Ι
790 3681 808 3736 6
833 3683 940 3749 κλίμαξ
957 3685 1087 3752 AAusgg.
1112 3685 1116 3752 Ι
1140 3679 1303 3746 ἑπτάπυλος
1324 3680 1447 3735 schreibe
1464 3681 1510 3734 ich
1526 3680 1597 3734 naoh
1615 3679 1663 3733 der

356 3765 529 3833 Vormutung
553 3781 606 3817 von
630 3764 678 3818 Βο.
701 3763 798 3830 (Notae
816 3783 841 3836 p.
860 3767 933 3835 394).
958 3767 994 3821 da
1012 3766 1061 3820 dae
1078 3767 1208 3835 folgende
1225 3763 1299 3836 πύλη
1318 3758 1406 3835 δχδύη
1424 3765 1468 3820 die
1485 3763 1663 3833 Erwsthnung

357 3864 410 3903 von
434 3843 505 3904 ἑπτά
527 3844 613 3904 πύλαι
638 3853 818 3914 vomam
845 3841 988 3919 ῦψίπυλος
1008 3852 1154 3920 AAuugg.;
1181 3851 1226 3906 die
1244 3852 1386 3906 eorrectur
1404 3849 1518 3912 Guiet’s.
1542 3849 1591 3903 der
1607 3847 1663 3916 (bei

355 3933 415 3989 Del.
433 3935 445 3987 I
463 3935 513 3989 646
530 3936 610 3988 Anm.
630 3935 658 4002 g)
681 3934 725 3988 fflr
748 3929 793 3990 ἐπί
812 3927 840 3989 δ’
858 3929 930 4004 αύτῆ
948 3929 1022 4006 πύλη
1040 3929 1129 4006 ὀγδόη
1152 3936 1295 3991 schreiben
1317 3935 1389 3989 will:
1416 3927 1460 3990 ἐπ’
1479 3927 1552 4004 αύτῇ
1569 3931 1599 3989 δὲ
1615 3927 1663 3988 πύ·

355 4038 403 4090 λαι
426 4028 497 4090 ἑπτά
515 4035 550 4088 ist
568 4035 659 4104 κοπίς
681 4035 906 4091 wahrnoheinlieh
931 4039 935 4102 Ι
963 4039 977 4094 ί
1004 4036 1151 4108 μολίβδου]
1177 4007 1300 4108 μολίβόυ
1321 4035 1369 4108 [ιο]
1391 4039 1428 4100 A,
1447 4036 1495 4090 das
1512 4039 1529 4092 δ
1544 4053 1599 4092 von
1615 4037 1663 4090 111.

356 4119 551 4189 (Bessarions‘?)
575 4119 608 4175 H.
631 4120 715 4174 nach
742 4120 791 4174 der
812 4121 953 4175 Abschrist
978 4139 1033 4176 von
1059 4123 1088 4175 M
1114 4139 1140 4176 u.
1159 4138 1217 4176 vor
1238 4123 1286 4178 der
1303 4121 1445 4176 Abschrift
1467 4137 1521 4176 von
1539 4121 1563 4176 V
1584 4120 1662 4176 fiber-

356 4222 460 4292 gesohr.
480 4225 484 4289 Ι
502 4202 659 4293 καάιτέρου
677 4222 725 4291 [ευ]
744 4225 779 4276 Αι
796 4223 800 4288 Ι
816 4222 835 4276 θ
854 4219 883 4276 δέ
900 4225 925 4276 Α
943 4217 971 4277 δ’
987 4223 1123 4294 MAusgg.
1139 4227 1144 4294 Ι
1161 4225 1200 4280 16
1216 4193 1327 4294 μολίβόι
1347 4223 1394 4293 [so]
1419 4225 1455 4276 Αἱ
1474 4224 1480 4292 Ι
1498 4216 1663 4292 τεκμηριοῦ-

355 4323 434 4375 μενοι
459 4325 507 4361 aus
529 4301 784 4376 τεκμηριούμενος,
807 4323 841 4362 w.
865 4323 887 4361 ο.
905 4309 970 4374 sch„
992 4311 1101 4364 oorr.A
1126 4310 1130 4377 Ι
1155 4310 1194 4366 16
1218 4311 1387 4380 χαλκοβατῆ
1410 4307 1534 4363 schreibe
1551 4307 1596 4362 ioh
1614 4307 1664 4360 mit

357 4393 439 4448 Guiet
457 4391 511 4460 (bei
528 4391 587 4446 Del.
606 4392 618 4444 I
636 4394 687 4447 646
704 4392 785 4446 Anm.
804 4391 837 4460 i),
854 4389 1038 4464 χαλκοβάτην
1055 4397 1186 4463 AAusgg.
1202 4399 1207 4462 1
1223 4393 1259 4448 12
1286 4385 1417 4463 α’ρχορὰν
1434 4395 1459 4446 A
1474 4395 1478 4462 Ι
1491 4385 1603 4462 χρυσῆν
1619 4391 1664 4460 Sp.

359 4478 418 4533 Del.
434 4477 491 4544 121
507 4469 584 4548 ύλης]
603 4473 693 4548 πύλης
710 4479 753 4549 Sp.
771 4478 857 4532 durch
876 4477 1044 4546 Oonjectur!
1062 4465 1079 4548 ᾖ
1098 4477 1119 4533 ἐ.
1132 4479 1166 4534 Π.
1184 4479 1325 4552 θεολοχίᾳ
1342 4477 1465 4531 schreibe
1483 4477 1527 4530 ich
1546 4475 1598 4530 mit
1614 4474 1664 4530 Βο.

358 4564 454 4626 (Nom
472 4582 497 4634 p.
516 4564 577 4626 394)
594 4581 620 4617 u.
639 4564 722 4618 Guiet
740 4563 793 4630 (bei
812 4563 871 4618 Del.
890 4563 902 4616 Ι
920 4567 970 4618 647
988 4567 1069 4618 Anm.
1088 4563 1129 4628 b),
1148 4557 1165 4632 ἢ
1184 4559 1205 4618 ἐ.
1224 4563 1259 4616 Π.
1276 4563 1417 4639 θεολσχίᾳ
1435 4561 1535 4632 Ησθρ.
1553 4553 1570 4630 ῆ
1588 4555 1609 4615 έ.
1628 4559 1664 4616 Π.

357 4650 497 4718 θεολοχία
516 4653 541 4702 A
558 4642 575 4717 ῆ
594 4645 615 4703 ἐ.
634 4641 650 4716 ἡ
669 4650 703 4704 ίί.
721 4649 861 4717 θεολοχία
879 4647 1147 4716 ΡΙ)ε1.12ίίπαλιν
1166 4647 1214 4716 [so]
1233 4651 1266 4702 A.
