3780 5532
360 471 419 532 250
901 462 1123 519 ΩΡΙΙἜΝΟΥΣ

360 619 427 694 άπὸ
450 629 620 713 γενέσεως·
644 620 663 696 ὑ
686 630 728 696 δὲ,
742 623 864 714 Ἰησοῦς
886 621 970 715 ἡμᾶς
992 632 1119 713 ἐδίδαξε
1140 631 1222 715 μηδὲ
1246 631 1360 706 ,,τῶν“
1382 630 1419 696 ἐν
1440 634 1483 715 τῇ
1506 632 1662 720 ἐκκλησίᾳ
1717 653 1719 663 ⁴

358 732 530 814 ,,μικρσῖιν“
561 744 801 812 καταφρονεῖν,
835 731 945 814 λέγων
976 721 1030 797 ὅτι
1063 729 1117 811 ,σί
1143 721 1276 814 ἄγγελοι
1307 722 1424 796 αὑτῶν
1451 725 1505 798 διά
1531 725 1662 810 παντὸς

359 831 518 909 βλέπουσι
552 821 592 894 τὸ
624 821 810 912 πρόσωπον
843 832 906 896 τοῦ
937 821 1067 914 πατρός
1099 852 1166 912 μου
1195 830 1258 895 τοῦ
1285 829 1322 895 ἐν
1349 820 1538 911 οὑρανοτς,“
1560 835 1615 897 καὶ
1641 821 1661 897 ὑ

359 921 539 1014 προφήτης
561 930 599 995 δέ
619 947 722 1012 φησιν
744 919 799 995 ὅτι
821 933 1047 1014 ,παρεμβαλεῖ
1067 920 1206 1014 άγγελος
1227 931 1346 1013 κυρίου
1366 923 1481 1015 κύκλῳ
1504 933 1578 996 τῶν
1601 953 1661 1012 φο-

325 1039 341 1092 5
358 1029 542 1114 βουμέίνων
563 1018 670 1094 αὑτὸν
691 1031 746 1094 καὶ
768 1022 904 1112 ῥύσεται
925 1020 1078 1107 αὑτούς.“
1680 1045 1732 1100 768

441 1118 505 1193 οὑκ
531 1118 732 1211 άναιροῦμεν
759 1114 822 1195 οὑν
847 1130 903 1192 καί
930 1119 1021 1212 ἡμεῖς
1043 1121 1084 1195 τὸ
1107 1123 1256 1206 πολλοὺς
1278 1126 1362 1195 εἶναι
1385 1131 1576 1211 δαίμονας
1598 1127 1660 1194 ἐπὶ

359 1229 426 1312 ίῆς
448 1218 534 1294 άλλά
557 1250 666 1310 φαμεν
688 1224 772 1309 εἶναι
796 1227 858 1311 μὲν
881 1219 1004 1306 αὑτοὺς
1025 1230 1081 1294 καὶ
1104 1223 1268 1295 δύνασθαι
1289 1227 1326 1295 ἐν
1348 1241 1420 1305 τοίς
1442 1221 1585 1310 φαύλοις
1607 1219 1660 1293 διά

358 1322 423 1412 τὴν
455 1327 595 1393 ἐκείνων
626 1329 758 1405 κακίαν,
795 1328 898 1410 μηδὲν
930 1329 965 1392 δέ
993 1321 1157 1394 δύνασθαι
1190 1321 1276 1410 πρὸς
1308 1323 1389 1406 τοὺς
1421 1327 1661 1408 ἐνδυομένους

357 1422 443 1512 ,τὴν
472 1429 668 1493 πανοπλίαν
693 1428 765 1493 τοῦ
791 1429 912 1492 δεοῦίί
934 1431 990 1493 καὶ
1012 1419 1246 1507 άναλαβάντας
1277 1422 1370 1511 ίσχὺν
1392 1420 1499 1511 ,πρὸς
1521 1419 1583 1492 τὸί(
1605 1417 1661 1492 άν-

307 1534 341 1588 10
358 1527 512 1611 τιστῆναι
534 1518 640 1608 ,πρὸς
663 1518 723 1603 τάς
745 1527 922 1607 μεδοδείας
944 1529 1008 1592 τοὺ
1030 1519 1209 1606 διαβόλουα
1230 1529 1286 1592 καὶ
1307 1527 1524 1611 μελετῶντας
1545 1516 1594 1590 άεὶ
1617 1518 1660 1590 τά

357 1626 496 1692 ἐκείνων
516 1628 730 1707 παλαίσματα
752 1626 804 1709 τῷ
827 1625 1007 1709 ἐγνωκέναι
1027 1616 1105 1704 ,ὅτι
1127 1619 1190 1692 οὑκ
1210 1623 1303 1692 ἐστιν
1325 1617 1403 1710 ἡμῖν
1425 1617 1445 1710 ἡ
1465 1617 1556 1708 πάλη
1574 1617 1660 1706 πρὸς

358 1721 437 1810 αἷμα
463 1729 518 1791 καὶ
544 1717 651 1808 σάρκα
676 1715 763 1791 άλλά
784 1718 870 1806 πρὸς
893 1719 953 1803 τάς
974 1717 1087 1810 άρχάς,
1110 1720 1196 1808 πρὸς
1218 1719 1279 1804 τάς
1298 1724 1456 1807 ἐξουσίας,
1477 1716 1563 1804 πρὸς
1580 1717 1661 1800 τσὺς

356 1817 633 1909 κοσμοκράτορας
655 1826 718 1890 τοῦ
740 1816 882 1901 σκάτους
906 1819 1045 1904 τούτου,
1072 1818 1158 1907 πρὸς
1179 1819 1222 1891 τά
1244 1818 1451 1910 πνευματικά
1474 1823 1534 1906 τῆς
1555 1845 1660 1905 πονη-

358 1926 430 2008 ρίας
452 1923 489 1990 ἐν
510 1938 582 2002 τοῖς
603 1923 844 2006 ἐπουρανίοις.“

307 2059 340 2111 15
441 2039 566 2104 XXXV.
604 2033 877 2124 Κατανοήοωμεν
904 2039 939 2106 δέ
966 2043 1021 2106 καὶ
1047 2032 1155 2125 άλλην
1181 2042 1271 2121 λέξιν
1298 2041 1361 2106 τοῦ
1384 2039 1523 2118 Κέλσου,
1546 2026 1660 2115 οὑτως

273 2137 509 2223 201ῐέχουσαν·
542 2129 564 2222 ἢ
596 2129 614 2204 ὁ
648 2141 718 2224 μὲν
749 2141 821 2204 τοῦ
851 2141 1014 2224 Περσῶν
1048 2131 1068 2224 ἢ
1098 2131 1297 2224 Ῥωμαίων
1331 2139 1525 2219 βασιλέως
1557 2141 1563 2216 Ι
1596 2155 1659 2202 σα-

358 2237 510 2325 τράπης
532 2241 596 2304 καὶ
617 2226 796 2322 ὑπαρχος
822 2228 842 2322 ἢ
869 2233 1086 2325 στρατηγὸς
1112 2230 1134 2324 ἢ
1161 2241 1394 2323 ἐπίτροπος,
1418 2236 1477 2302 ἔτι
1497 2232 1574 2323 μὴν
1594 2238 1660 2303 καὶ

358 2339 394 2406 οἱ
422 2333 492 2416 τὰς
517 2338 755 2422 μικροτέρας
784 2329 903 2420 άρχάς
931 2327 950 2422 ἢ
973 2339 1197 2424 ἐπιμελείας
1220 2330 1240 2426 ἢ
1262 2332 1476 2423 ὑπηρεσίας
1500 2337 1659 2420 ἔχοντες

358 2441 454 2525 μέγα
487 2427 663 2504 δύναιντ’
685 2427 732 2502 B»
759 2431 955 2516 βλάπτειν
989 2431 1267 2525 άμελσὺμενοι,
1296 2436 1332 2505 ολ
1359 2429 1391 2506 δ’
1414 2437 1591 2520 ἐναέριοί
1617 2459 1659 2501 τε

308 2543 423 2605 2οκαὶ
460 2539 630 2622 ἐπίγειοι
666 2529 867 2621 σατράπαι
901 2538 966 2604 καὶ
997 2533 1182 2608 διάκονοι
1217 2533 1333 2624 μικρά
1365 2530 1581 2618 βλάπτοιεν
1612 2525 1659 2600 άν

360 2629 630 2722 ὑβριζόμενοη
659 2625 722 2720 ὅρα
754 2631 794 2721 δὴ
821 2641 896 2715 πῶς
917 2629 1160 2724 άνδρωπικοὺς
1185 2631 1388 2722 σατράπας
1410 2638 1481 2704 τοῦ
1502 2637 1557 2703 ἐπὶ
1578 2637 1659 2702 πᾶσι

359 2739 456 2804 θεοῦ
484 2738 549 2802 καὶ
577 2727 779 2819 ὑπάρχους
800 2739 855 2802 καὶ
877 2735 1125 2823 στρατηγοὺς
1145 2742 1200 2806 καὶ
1223 2729 1469 2821 ἐπιτρόπους
1490 2740 1545 2802 καὶ
1568 2730 1660 2813 τοὺς

359 2837 597 2924 μικροτέρας
639 2826 759 2919 ἀρχάς
798 2838 854 2901 καὶ
895 2837 1118 2920 ἐπιμελείας
1153 2845 1208 2906 καὶ
1242 2831 1458 2923 ὑπηρεσίας
1494 2835 1660 2920 έχοντας

361 2930 481 3022 εἰσάγει
515 2927 663 3019 μεγάλα
699 2927 955 3014 βλάπτοντας
991 2932 1070 3015 τοὺς
1105 2930 1357 3023 ὑβρίζοντας,
1387 2930 1448 3020 οὑχ
1483 2927 1577 3020 ὁρῶν
1606 2923 1661 3003 ὅτι

309 3050 342 3104 25
361 3031 438 3104 οὑδὲ
465 3029 572 3120 σοφὸς
599 3027 788 3116 ἄνθρωπος
814 3029 963 3119 βλάψαι
991 3027 1034 3103 liv
1054 3030 1214 3117 βούλοιτό
1241 3063 1317 3104 τινα
1345 3028 1416 3102 ἀλλ’
1440 3025 1502 3121 άση
1525 3029 1662 3121 δύναμις

359 3139 414 3204 καὶ
436 3131 517 3214 τοὺς
542 3128 777 3218 ὑβρίζοντας
799 3133 1013 3220 ἐπιστρέφειν
1034 3139 1090 3202 καὶ
1112 3139 1278 3216 βελτιοὺν·
1308 3138 1337 3202 εί
1358 3131 1402 3220 μὴ
1425 3125 1489 3221 άρα
1512 3128 1661 3220 Λυκούρ-

359 3261 422 3321 γου
443 3238 506 3303 τοῦ
521 3233 799 3316 Λακεδαιμονίων
821 3237 1013 3319 νομοθέτου
1033 3239 1088 3302 καὶ
1111 3239 1174 3303 τοῦ
1189 3239 1333 3314 Κιτιέως
1350 3229 1512 3321 Ζήνωνος
1531 3237 1661 3320 χείρους

361 3339 443 3403 εἰσίν
466 3333 497 3403 οἱ
519 3328 606 3402 κατά
634 3327 696 3401 τὸν
719 3336 850 3401 Κέλσον
880 3329 1080 3418 σατράπαι
1109 3339 1172 3402 καὶ
1203 3325 1378 3422 ὑπαρχοι
1407 3339 1463 3402 καὶ
1493 3357 1661 3421 στρατη-

360 3441 422 3520 γοὶ
453 3438 524 3502 τοῦ
554 3437 608 3502 ἐπί
639 3437 720 3502 πᾶσι
751 3437 862 3500 θεοῦ·
893 3425 947 3502 ὅτι
970 3438 1164 3520 Λυκοῦργος
1191 3439 1260 3518 μὲν,
1289 3433 1404 3516 λαβὼν
1425 3435 1577 3517 ἐξουσίαν
1599 3435 1662 3501 τοῦ

309 3543 343 3598 30
360 3527 572 3617 ἐκκάφαντος
599 3528 705 3602 αὑτοῦ
734 3528 796 3601 τὸν
825 3525 1018 3617 ὀφθαλμὸν,
1047 3529 1087 3601 οὑ
1114 3527 1220 3618 μόνον
1243 3527 1304 3603 οὑκ
1326 3528 1476 3621 ἠμύνατο
1498 3527 1584 3601 άλλά
1606 3536 1662 3600 καὶ

361 3627 422 3702 οὑκ
452 3630 620 3702 ἐπαύσατο
643 3628 848 3721 κατεπᾴδων
870 3627 979 3720 αὑτῷ,
1002 3631 1066 3713 ἕως
1088 3626 1194 3700 αὑτὸν
1221 3636 1343 3702 πείσειε
1365 3640 1575 3718 φιλοσοφεῖν,
1600 3627 1662 3719 Ζή-

447 3835 463 3891 1
488 3833 726 3904 vgl.Matth.18‚
746 3837 786 3890 10.
809 3863 843 3872 -
865 3833 884 3889 4
906 3833 977 3887 Psal.
996 3836 1037 3900 33,
1055 3834 1079 3888 8.
1102 3865 1135 3872 -
1158 3835 1177 3890 8
1199 3833 1262 3904 vgl.
1280 3833 1378 3905 Ephes.
1396 3835 1420 3898 6,
1439 3837 1479 3888 11.
1501 3863 1534 3874 -
1556 3833 1576 3889 δ
1599 3833 1662 3904 vgl.

360 3919 458 3989 Ephes.
477 3921 501 3982 6,
523 3921 622 3975 10.11.
644 3950 677 3958 -
701 3919 738 3975 11
759 3918 963 3990 Ephes.6,12.
987 3948 1020 3956 -
1042 3918 1081 3975 29
1104 3919 1167 3989 vgl.
1184 3919 1328 3986 Plutarch,
1351 3919 1465 3989 Lycurg.
1483 3917 1547 3990 Cap.
1565 3919 1611 3973 XI.
1630 3947 1663 3958 —-

361 4004 398 4058 81
420 4003 481 4073 vgl.
499 4001 626 4066 Ρευτεοα,
644 4003 701 4058 Τίτε
720 3997 870 4073 fragments
888 4003 919 4058 of
933 4003 1004 4057 Zeno
1022 4003 1078 4058 and
1097 4003 1242 4059 Cleanthes
1259 4021 1285 4074 p.
1303 4005 1353 4059 233
1371 4004 1421 4059 No.
1439 4007 1480 4061 51.

446 4189 464 4244 2
484 4180 638 4252 διαπαντὸς
655 4190 679 4241 Δ
694 4189 699 4256 Ι
715 4187 752 4243 11
772 4187 967 4257 παλαίσματα]
986 4190 1059 4242 Ασυί
1076 4189 1143 4244 tiber
1160 4205 1178 4242 ο
1195 4189 1296 4258 getilgt
1313 4190 1357 4258 ΑΙ
1374 4189 1413 4246 18
1430 4189 1522 4243 hinter
1541 4183 1664 4253 σκάτους

362 4298 394 4355 -ί-
406 4297 460 4346 τοῦ
476 4287 581 4354 αἰῶνος
597 4289 687 4344 PDel.
703 4291 707 4358 Ι
724 4289 837 4346 15-16
856 4307 901 4343 σαι
913 4289 992 4344 Rand
1010 4263 1062 4346 κέλ
1077 4293 1114 4346 A¹
1129 4294 1133 4360 Ι
1149 4291 1188 4347 21
1208 4283 1664 4363 άνίίρωπικοὺςΡΜθθΠᾺυεςς,

361 4369 552 4447 άνθρωπικῶς
573 4377 709 4430 vermutet
727 4373 787 4430 Del.
805 4375 827 4444 (Ι
846 4375 896 4430 768
913 4379 994 4430 Anm.
1012 4375 1040 4444 b)
1063 4376 1141 4431 nicht
1161 4375 1314 4447 glsseklich3
1341 4371 1528 4448 ἀνθρωπικὰς
1550 4377 1574 4430 Α
1597 4377 1602 4443 l
1623 4375 1664 4431 2⁶

361 4460 453 4514 hinter
468 4463 600 4532 βελτιοῦν
617 4459 662 4514 ein
679 4460 789 4514 Buehst.
808 4459 960 4515 auaradiert
976 4463 1001 4514 A
1021 4461 1024 4528 Ι
1044 4461 1080 4516 27
1101 4459 1212 4526 κιτιέως
1229 4463 1253 4516 Δ
1271 4459 1409 4526 Κιττιέως
1424 4461 1526 4530 Ausgg.
1543 4461 1599 4528 181
1620 4453 1666 4516 αὑ·

363 4545 411 4618 τῷ]
431 4545 486 4612 vgl.
504 4544 576 4598 oben
593 4545 605 4598 I
623 4545 647 4608 6,
665 4545 677 4596 Ι
695 4545 729 4599 59
750 4544 777 4597 Ζ.
795 4545 836 4599 10.
860 4543 898 4598 IV
916 4547 987 4606 33.1
1005 4547 1056 4602 303
1073 4545 1099 4599 Z.
1117 4547 1161 4607 33;
1189 4545 1238 4599 der
1260 4545 1343 4599 Βαλίε
1364 4545 1423 4599 hier
1446 4543 1581 4612 aufflssliffi
1600 4543 1666 4599 aber

365 4627 436 4682 wohl
454 4628 530 4682 nieht
548 4646 580 4681 zu
599 4645 665 4683 corr.
681 4631 685 4695 Ι
705 4629 810 4684 πείσειε
828 4629 950 4684 schreibe
967 4629 1023 4692 ich,
1042 4631 1126 4701 πείση
1143 4631 1191 4687 Bo.
1209 4629 1306 4698 (Notae
1324 4649 1348 4700 p.
1367 4630 1427 4698 406)
1446 4629 1504 4684 Del.
1523 4629 1616 4684 πείσει
1633 4629 1664 4682 Α.
