3756 5514
366 494 405 558 80
904 489 1129 546 ιιοινκιιοιῑ

367 653 461 736 φέρει
483 654 529 732 είς
550 652 763 740 κατασκευὴν
786 680 849 724 του
834 657 940 724 ’δεῖν
960 651 1005 742 μὴ
1032 647 1151 735 άπλοῦς
1177 649 1347 722 πιστεύειν
1373 645 1459 721 άλλά
1487 648 1678 740 λογισμὸν

282 744 527 835 1411υπέγειν
549 757 622 820 τῶν
642 755 646 838 Ι
665 757 928 838 πιστευομένων,
946 748 1142 873 χρησόμεθα
1163 758 1219 821 καὶ
1242 745 1334 840 ἡμεῖς
1357 776 1419 820 τον
1404 748 1572 822 ’Παύλου
1593 755 1677 836 λέξει

367 845 552 934 ἐγκαλοῦση
576 856 625 938 τῷ
654 855 725 938 είκῇ
751 849 957 935 πιστεύοντι,
985 841 1067 923 ἐν
1047 879 1068 938 η
1097 873 1213 940 φησιν·
1235 847 1355 935 ,ἐκτός
1377 854 1406 920 εί
1426 848 1471 938 μὴ
1494 853 1580 937 είκῇ
1588 853 1677 919 ἐπισ-

367 944 537 1016 τεύσατε.α

332 1060 349 1113 5
451 1075 491 1116 το
479 1039 723 1119 όσονδί’
672 1053 714 1119 ίπ
746 1045 840 1140 αύτῷ
868 1046 1018 1139 άναγκάζ
1019 1079 1047 1121 ει
1000 1044 1111 1136 ζΙ
1090 1055 1175 1168 ημρῑς
1201 1059 1425 1136 ταυτολογεῖν
1452 1053 1677 1135 ταυτολογιῦν
1699 1057 1755 1112 637

367 1139 386 1214 6
417 1150 556 1228 Κέλσος,
587 1151 695 1236 λέγων
721 1148 805 1237 μετὰ
833 1148 894 1232 τὰς
920 1155 1095 1270 εἰρημένας
1126 1141 1241 1237 ὥσπερ
1271 1143 1450 1234 ἀλαζόνων
1480 1142 1677 1268 άλαζονείρς

368 1236 423 1314 ότι
440 1275 459 1316 σ
450 1240 647 1316 ’Πλάτων
670 1244 740 1319 οῦκ
763 1243 1049 1370 άλαζονεύετριι
1070 1254 1135 1318 καὶ
1158 1246 1347 1334 ψεύδεται
1370 1243 1536 1334 φάσκων
1557 1242 1679 1330 αῦτός

366 1339 512 1414 καινόν
540 1373 578 1414 τι
605 1341 850 1434 εὑρίσκειν
831 1377 850 1437 η
881 1341 948 1418 ἀπ’
975 1343 1150 1434 ούρανοῦ
1161 1348 1330 1466 Ηπαροῦν
1341 1343 1564 1472 ἀγγέλλειν,
1591 1339 1679 1416 ἀλλ’

368 1437 560 1515 ὁπόθεν’
546 1453 632 1514 εστὶ
654 1441 772 1516 ταῦθ’
800 1439 995 1536 ὁμολογεῖ.
1039 1451 1128 1518 ε’ίιιοι
1154 1441 1197 1517 άν
1218 1476 1270 1528 τις
1291 1435 1355 1516 οῦν
1375 1452 1432 1516 καὶ
1452 1441 1539 1532 πρὸς
1561 1449 1678 1520 ταῦτα,

315 1552 350 1607 10
366 1538 618 1629 βουλόμενσς’
597 1550 756 1615 απαντᾶν
785 1553 836 1636 τῷ
865 1551 999 1637 Κέλσῳ,
1030 1539 1084 1617 ότι
1108 1553 1165 1616 καὶ
1190 1542 1365 1618 Πλάτων
1392 1539 1679 1630 άλαςονεύεται

367 1644 404 1711 ἐν
430 1649 472 1729 τῇ
504 1649 567 1714 τοῦ
594 1639 672 1725 Διὸς
697 1641 785 1714 κατὰ
812 1642 875 1716 τὸν
907 1652 1043 1734 Τίμαιον
1073 1651 1258 1768 δημηγορίᾳ
1291 1649 1454 1732 λέγων’,
1458 1651 1544 1726 ,θεοί
1573 1649 1679 1726 θειῦν,

367 1731 419 1811 οῦν
441 1742 506 1829 ἐγώ
530 1737 958 1832 δημιουργὸςκαὶπατὴρίί,
979 1743 1095 1815 καὶτὰ
1111 1745 1193 1834 ἑξῆς.
1229 1740 1303 1816 ἄλλ’
1319 1739 1611 1862 ιίάπολογήσεταί
1627 1771 1679 1824 τις

366 1846 443 1927 περὶ
468 1838 607 1911 τούτων
633 1839 687 1912 διὰ
715 1839 779 1912 τὸν
807 1849 890 1914 νοῦν
916 1873 980 1914 του
965 1849 1278 1933 ’δημηγοροῦντος
1299 1841 1391 1961 παρὰ
1413 1849 1469 1932 τῷ
1492 1839 1678 1914 Πλάτωνι

367 1937 458 2024 Διὸς,
486 1939 540 2010 διὰ
567 1935 643 2012 τί
623 1969 642 2010 ο
669 1937 837 2028 ἐξετάζων
864 1940 928 2013 τὸν
954 1948 1037 2013 νοῦν
1064 1949 1138 2014 τῶν
1165 1938 1280 2032 λόγων
1302 1971 1365 2014 του
1350 1945 1475 2012 υίοῦ
1496 1946 1560 2014 τοῦ
1582 1947 1679 2014 θεοῦ

315 2032 387 2128 15ἢ
416 2045 488 2110 τῶν
514 2043 551 2110 ἐν
578 2057 651 2122 τοῖς
678 2037 871 2129 προφήταις
897 2047 961 2112 τοῦ
988 2047 1190 2130 δημιουργοῦ
1216 2039 1288 2130 οῦχὶ
1318 2047 1373 2112 καὶ
1404 2037 1525 2112 πλεῖόν
1552 2069 1586 2112 τι
1611 2045 1681 2130 ἐρεῖ

366 2135 458 2258 πρρά
481 2136 546 2256 την
567 2141 603 2208 ἐν
626 2145 677 2260 66
705 2146 828 2228 Τιμαίῳ
852 2147 915 2210 τοῦ
933 2138 1017 2223 Διὸς
1039 2145 1261 2262 δημηγρρίαν;
1282 2138 1323 2210 τὸ
1346 2139 1409 2262 γάρ
1432 2147 1679 2262 χαρρκτηρίςσν

368 2264 431 2364 την
462 2233 660 2324 θεότηται
641 2269 661 2327 η
687 2245 763 2325 περὶ
793 2234 990 2327 μελλόντων
1018 2244 1111 2312 ἐστίν
1141 2235 1334 2329 άπαγγελία,
1367 2236 1408 2310 οῦ
1436 2235 1511 2310 κατ’
1542 2235 1679 2325 άνθρω-

367 2342 471 2422 πίνην
507 2333 608 2422 φύσιν
643 2343 835 2426 λεγομένων
869 2345 924 2408 καὶ
961 2355 1034 2422 ταῖς
1069 2336 1218 2428 ἐκβάσεσι
1249 2345 1457 2428 κρινομένων
1493 2331 1549 2410 ότι
1580 2347 1679 2410 θεῖον

315 2551 350 2606 20
451 2531 492 2604 οῦ
519 2533 619 2622 πρὸς
645 2533 778 2607 πάντα
804 2527 869 2606 o6v
883 2533 967 2607 τὸν
997 2532 1222 2626 προσιόντα
1254 2563 1382 2627 φαμεν
1416 2531 1480 2608 ὅτι
1510 2544 1679 2624 πρῶτον

367 2641 586 2704 πίστευσον
614 2630 660 2704 όν
686 2641 921 2724 είσηγσῦμαί
948 2658 1011 2706 σοι
1039 2642 1188 2708 τοῦτον
1215 2635 1318 2707 εἶναι
1344 2635 1435 2710 υἱὸν
1460 2642 1572 2720 θεοῦ,
1603 2633 1679 2708 ἀλλ’

369 2728 501 2822 ἑκάστῳ
527 2731 614 2804 κατά
642 2731 682 2804 τὸ
710 2740 843 2824 πρέπον
868 2731 974 2806 αῦτοῦ
1001 2743 1052 2825 τῷ
1080 2729 1158 2824 ἤθει
1184 2743 1239 2805 καὶ
1266 2743 1309 2824 τῇ
1330 2731 1534 2808 καταστάσει
1554 2734 1680 2824 προσά-

369 2859 471 2920 γομεν
493 2829 556 2902 τὸν
578 2829 690 2922 λόγον,
718 2831 888 2923 μαθόντες
914 2839 1067 2920 ,,είδέναι,
1094 2841 1170 2918 πῶς
1192 2842 1244 2907 δεῖ
1264 2831 1348 2926 ἡμᾶς
1369 2835 1419 2908 ἐνὶ
1440 2833 1572 2926 ἐκάστφ
1595 2833 1680 2908 άπο·

368 2937 577 3018 κρίνασθαι.“
619 2941 675 3004 καὶ
706 2940 788 3004 εἰσὶν
819 2933 870 3016 οίς
898 2945 1018 3006 πλεῖον
1047 2931 1093 3024 μὴ
1124 2939 1319 3022 δυναμένοις
1350 2941 1415 3008 τοῦ
1439 2943 1679 3025 προτραπῆναι

316 3047 350 3103 25
369 3035 415 3112 είς
442 3029 483 3101 τὸ
510 3031 718 3104 πιστεύειν
745 3039 849 3104 τοῦτο
876 3030 1098 3122 κηρύττομεν,
1130 3027 1247 3117 άλλοις
1278 3039 1312 3104 δὲ
1343 3025 1405 3124 ῦση
1432 3033 1570 3124 δύναμις
1596 3031 1678 3106 άπο-

369 3135 546 3212 δεικτικῶς
572 3128 613 3202 δι’
635 3129 838 3222 ἐρωτήσεων
863 3139 917 3204 καί
945 3130 1161 3222 ἀποκρίσεων
1182 3131 1447 3224 προσερχόμεθα.
1490 3131 1564 3206 ἀλλ’
1586 3132 1678 3206 οῦδὲ

369 3233 538 3319 λέγομεν
560 3228 600 3300 τὸ
622 3229 706 3318 μετά
726 3230 846 3320 χλεύης
867 3229 934 3302 ῦπό
951 3237 1014 3303 τοῦ
1029 3237 1160 3304 Κέλσου
1175 3239 1359 3323 είρημένον,
1384 3227 1439 3304 ότι
1460 3241 1679 3306 πίστευσον

370 3325 416 3450 όν
439 3335 672 3420 είσηγσῦμαί
693 3355 754 3400 σοι
777 3337 926 3402 τοῦτον
948 3333 1051 3402 εἶναι
1072 3329 1162 3403 υίόν
1184 3339 1294 3451 θεοῦ,
1321 3327 1394 3404 κάν
1421 3325 1441 3420 6
1469 3339 1680 3422 δεδεμένος

369 3425 597 3518 άτιμότατα
622 3423 644 3518 6
671 3437 967 3519 κεκολασμένος
994 3435 1190 3520 αἴσχιστα,
1221 3426 1295 3503 κάν
1324 3437 1419 3520 χθὲς
1444 3442 1511 3503 καὶ
1536 3434 1677 3526 πρώην

317 3531 411 3600 3οἐν
449 3547 535 3610 τοῖς
570 3527 737 3600 πάντων
773 3525 1003 3618 ὀφθαλμοῖς
1044 3529 1408 3602 έπονειδιστότατα
1443 3539 1678 3623 κεκαλινδη-

369 3623 744 3716 μένος,ουδέφαμεν
777 3627 902 3716 ταῦτη
929 3637 1172 3719 καὶμᾶλλον
1197 3638 1422 3702 πίστευσον,
1465 3633 1677 3715 είςέιιαστοι·

370 3726 433 3814 γάρ
458 3727 656 3816 πειρώμεθα
682 3733 791 3816 λέγειν
817 3735 873 3798 καὶ
899 3737 1041 3799 πλείονα
1069 3733 1121 3800 ὠν
1148 3735 1185 3802 ἐν
1166 3747 1279 3812 ντοῖς
1299 3727 1464 3818 άνωτέρω
1486 3733 1676 3820 έ.ξεθέμεθα

453 3847 505 3913 xl.
541 3842 638 3914 Μετὰ
670 3841 777 3914 ταῦτά
810 3868 912 3934 φησιν
943 3839 1165 3930 όίέέλσοςο
1147 3875 1210 3930 οτι,
1242 3846 1310 3918 έὰν
1341 3849 1424 3918 σΐδε
1455 3853 1526 3936 μέν
1554 3851 1676 3936 (λέγωι·

371 3942 607 4028 Χριστιανούς)
637 3947 880 4031 εἰσηγοῦνται
911 3940 1042 4028 τόνδε,
1073 3939 1191 4017 άλλοι
1228 3951 1266 4017 δὲ
1295 3941 1433 4027 ἄλλον,
1461 3945 1603 4018 κοινόν
1638 3952 1675 4016 δέ

454 4137 471 4191 θ
494 4139 506 4190 Ι
524 4135 589 4190 Kor.
608 4139 648 4201 15,
669 4137 693 4190 2.
711 4167 745 4176 -
765 4137 801 4192 11
821 4136 909 4201 Plato,
927 4137 996 4191 Tim.
1015 4137 1080 4207 Cap.
1098 4137 1163 4193 xm
1181 4155 1207 4208 p.
1220 4141 1253 4194 41
1265 4143 1296 4192 A.
1315 4169 1349 4178 -
1365 4139 1403 4195 28
1421 4139 1485 4210 vgl.
1498 4139 1632 4205 K01.4,6.
1645 4169 1677 4178 -

371 4221 410 4278 26
429 4220 491 4290 Vgl.
504 4221 593 4287 ΡΙαίο,
606 4219 692 4290 Epist.
705 4221 755 4274 vll
773 4239 800 4290 p.
814 4223 863 4276 344
873 4223 903 4274 Β.
916 4253 950 4262 -
962 4222 1001 4278 82
1020 4221 1084 4288 vgl.
1097 4222 1169 4277 oben
1187 4225 1213 4277 11
1232 4225 1272 4277 10.
1286 4226 1325 4278 17.
1340 4224 1380 4279 18.
1392 4225 1501 4280 ‘23-25.
1515 4225 1556 4280 32.
1569 4223 1679 4280 35-38.

369 4307 411 4362 40.
429 4310 471 4362 41.
487 4310 530 4360 44.
547 4308 589 4362 59.

457 4481 476 4536 8
494 4479 557 4550 είκῇ
575 4481 620 4550 (1)]
644 4478 706 4550 εἰκῆ
723 4480 752 4534 in
769 4476 831 4548 είκὴ
849 4496 916 4536 corr.
935 4483 978 4547 ΑΙ
999 4478 1061 4550 εἰκῇ
1079 4481 1124 4551 (2)]
1144 4474 1204 4550 sem>
1223 4481 1321 4550 ,1112
1344 4465 1393 4537 καί
1411 4478 1516 4553 πατὴρ]
1534 4477 1629 4553 πατήρ
1648 4499 1678 4538 τε

372 4565 452 4619 Plato
468 4567 473 4632 Ι
490 4565 527 4621 15
546 4558 563 4633 ἢ
582 4565 647 4634 τῶν]
667 4559 683 4634 6
701 4571 753 4622 τοί
771 4565 890 4620 schreibt
907 4565 955 4620 Βο.
976 4565 1086 4634 (Errata
1103 4583 1129 4635 p.
1143 4566 1204 4627 412)
1222 4567 1380 4636 unriehtigl
1399 4567 1440 4622 23
1462 4561 1678 4639 ἀποκρίνασθαι

372 4647 503 4718 AH6.Sp.
521 4645 731 4718 δαοκρίι·εσθαι
749 4647 809 4704 Del.
