3708 5508
319 509 378 569 276
856 497 1081 552 ονινννοιν

320 668 459 744 λοῦντες
488 657 549 732 οῦκ
578 657 644 732 οἶδ’
668 653 764 743 όπως
792 666 1055 750 ἐπαγγέλλονται
1087 655 1165 748 ἦμεν
1193 657 1236 728 τδι
1261 665 1450 746 κρείττονα.
1494 651 1567 744 δι’ρα
1589 653 1622 728 δ’

321 757 398 850 ἡμῖν
432 760 519 832 κατὰ
554 759 617 831 τὸν
649 766 779 831 Κέλσον
815 759 1035 850 μαγγανεύειν
1069 765 1200 848 μᾶλλον
1235 763 1291 827 καὶ
1327 755 1502 846 γοητεύειν
1538 753 1623 846 ἢπερ

319 869 561 950 χριοτιανίζειν,
588 867 644 930 καὶ
670 854 800 949 άπείρῳ
824 871 892 930 τινὶ
914 857 1050 950 άριθμῷ
1074 858 1278 947 δαιμόνων
1303 863 1435 946 μᾶλλον
1456 855 1624 927 πιστεύειν

322 955 342 1049 ἢ
370 966 421 1050 τῷ
449 957 598 1032 αύτόθεν
623 963 765 1047 ἐμφανεῖ
784 967 840 1030 καὶ
864 965 970 1046 ζωντι
991 967 1047 1030 καὶ
1069 963 1199 1046 έναργει
1219 964 1292 1046 θεῷ
1316 963 1367 1047 τῳ
1391 961 1445 1042 ἐπὶ
1467 962 1547 1026 πᾶσι
1570 957 1624 1026 διά

286 1066 383 1130 ιἰτοῦ
405 1067 517 1148 πολλῇ
540 1057 675 1148 δυνάμει
698 1064 956 1147 ἐπισπείραντος
978 1059 1042 1130 τὸν
1059 1056 1215 1146 καθαρὸν
1234 1062 1295 1146 τῆς
1309 1062 1501 1138 θεοσεβείας
1521 1054 1625 1143 λόγον

236 1167 301 1223 208v
320 1167 363 1247 τῇ
384 1157 473 1247 πάση
495 1165 569 1230 τοῦν
591 1156 791 1246 ἀνθρώπων
813 1165 1009 1248 οἰκουμένη,
1037 1153 1078 1228 οῦ
1099 1155 1263 1246 ψεύσομαι
1285 1161 1320 1226 δε
1342 1162 1548 1244 προστιθείς
1568 1163 1624 1226 καὶ

321 1265 430 1348 λέγων
460 1253 515 1329 ότι
542 1267 597 1329 καὶ
627 1265 701 1330 τῶν
728 1253 842 1330 ἄλλων
872 1265 1022 1348 λογικῶν
1048 1265 1104 1328 καὶ
1130 1262 1302 1345 δεομένων
1330 1255 1547 1345 διορθώσεως
1569 1262 1623 1326 καί

319 1366 541 1447 θεραπείας
561 1365 617 1428 καὶ
638 1365 824 1447 μεταβολῆς
847 1365 907 1448 τῆς
930 1355 998 1429 άπὸ
1021 1364 1082 1446 τῆς
1103 1363 1228 1437 κακίας.

403 1479 463 1544 Lx.
498 1467 712 1563 ‘Vmodpevog
743 1482 826 1564 γοῦν
854 1470 873 1546 ό
901 1481 1028 1557 Κέλσος
1054 1471 1118 1544 τὸν
1145 1476 1190 1554 είς
1216 1479 1355 1561 μαγείαν
1382 1468 1526 1544 ὄλισθον
1552 1479 1625 1543 τῶν

271 1589 303 1642 10
322 1573 364 1644 τά
387 1580 529 1645 τοιαῦτα
550 1571 847 1664 μεμαθηκότων
866 1582 923 1645 καὶ
945 1581 1185 1661 συναισθηθείς
1206 1599 1282 1654 πως
1303 1569 1426 1660 βλάβης
1447 1579 1525 1661 περὶ
1545 1572 1624 1654 τοῦς

321 1669 511 1756 ἀκούοντας
532 1678 689 1764 ἐσομένης
712 1681 827 1762 φησίν·
857 1677 987 1744 έκεῖνο
1014 1679 1154 1762 μέντοι
1178 1677 1417 1758 φυλακτέον,
1446 1665 1555 1753 όπως
1576 1669 1623 1760 μή

321 1801 380 1855 τις
409 1774 541 1844 ουνιῦν
569 1771 732 1856 τούτοις
760 1781 806 1861 τῇ
829 1781 1023 1864 θεραπείᾳ
1047 1779 1096 1859 τῇ
1117 1777 1207 1854 περὶ
1230 1767 1328 1842 αύτῦ
1351 1777 1540 1858 συντακῇ,
1564 1799 1625 1857 φι·

321 1871 612 1962 λοσωματὴσας
637 1901 690 1948 ,τε
725 1879 790 1942 καὶ
819 1881 903 1944 τῶν
935 1867 1186 1961 κρειττόνων
1216 1865 1493 1959 άποστραφεὶς
1522 1867 1625 1960 λήθη

319 1979 560 2060 κατασχεθῄ.
602 1971 674 2060 χρὴ
705 1970 777 2060 γάρ
804 1976 899 2055 ἴσως
925 1969 995 2042 σύκ
1017 1967 1204 2042 άπιστεῖν
1225 1967 1390 2058 ἀνδράσι
1413 1988 1567 2058 σοφοῖς.
1589 1974 1627 2040 οἳ

269 2068 366 2160 15δὴ
398 2096 492 2159 φασι
529 2068 634 2142 διότι
669 2079 751 2143 τῶν
780 2077 852 2158 μὲν
882 2075 1100 2160 περιγείων
1131 2065 1336 2159 δαιμόνων
1362 2067 1407 2140 τῦ
1434 2079 1627 2140 πλεῖστον

320 2176 472 2260 γενέσει
503 2169 749 2260 συντετηκός
778 2177 842 2240 καὶ
874 2174 1192 2258 προσηλωμένον
1223 2173 1359 2256 αἵματι
1393 2177 1458 2239 καὶ
1488 2176 1626 2255 κνίσση

321 2277 386 2340 καὶ
421 2277 635 2360 μελῳδίαις
671 2277 735 2341 καὶ
772 2265 907 2352 άλλσις
946 2274 1024 2340 τισὶ
1061 2267 1271 2352 τοιούτοις
1306 2275 1627 2358 προσδεδεμένον

320 2388 514 2456 κρεῖττον
544 2367 660 2442 οῦδὲν
693 2365 842 2440 δύναιτ’
866 2363 911 2440 ῦν
942 2375 1012 2440 τοῦ
1040 2374 1287 2455 θεραπεῦσαι
1318 2376 1427 2458 σῶμα
1454 2377 1517 2439 καὶ
1539 2374 1627 2458 μέλ-

323 2479 471 2540 λουσαν
497 2467 621 2558 τύχην
649 2464 854 2558 άνθρωπῳ
881 2477 946 2539 καὶ
972 2465 1088 2539 πόλει
1110 2488 1329 2556 προειπεῖν,
1356 2475 1420 2540 καὶ
1445 2463 1515 2540 όσα
1537 2476 1626 2556 περὶ

270 2581 304 2635 20
322 2567 393 2652 τὰς
415 2569 572 2657 θνητάς
593 2566 758 2657 πράξεις
780 2574 906 2639 ταῦτα
929 2573 1035 2638 ίσασί
1058 2596 1100 2640 τε
1125 2575 1189 2638 καὶ
1212 2567 1415 2639 δύνανται.

406 2665 614 2758 τηλικούτου
635 2659 699 2738 οῦν
720 2661 864 2738 όλίσθου
886 2675 962 2754 περὶ
985 2665 1048 2738 τὸν
1071 2664 1181 2739 τόπον
1204 2663 1314 2750 ὄντος,
1337 2665 1385 2751 σός
1402 2673 1457 2736 καὶ
1473 2662 1491 2738 ό
1507 2664 1629 2756 ἐχθρὸς

323 2775 366 2856 τῇ
396 2773 459 2838 τοῦ
489 2773 575 2838 θεοῦ
605 2761 750 2858 άληθείηι
779 2786 952 2855 μαρτυρεῖ.
984 2765 1081 2858 πόσῳ
1112 2773 1248 2852 βέλτιον
1276 2774 1379 2856 χωρίς
1409 2763 1519 2856 πάσης
1546 2761 1629 2852 ῦφο-

323 2864 453 2954 ράσεως
473 2861 557 2955 ύπὲρ
580 2872 643 2937 τοῦ
673 2871 924 2956 συντακῆναι
954 2867 1126 2951 τοιούτοις
1152 2872 1335 2956 δαίμοσιν
1356 2861 1377 2954 ἢ
1401 2877 1629 2955 φιλοσωμα-

323 2973 444 3057 τῆσαι
476 2973 531 3037 καὶ
563 2965 610 3036 τά
640 2973 859 3054 κρείττονα
891 2963 1202 3056 άποοτραφῆναι
1231 2974 1286 3036 καί
1317 2963 1384 3036 ῦπδ
1415 2962 1542 3055 λήθης
1568 2971 1630 3054 τῆς

271 3087 305 3142 25
323 3074 397 3137 τῶν
427 3061 680 3155 κρειττόνων
703 3075 708 3150 Ι
733 3073 1033 3156 κατασχεθῆναι
1055 3064 1096 3138 τὸ
1120 3063 1242 3136 ἑαυτὸν
1264 3070 1478 3154 έμπιστεῦσαι
1501 3072 1552 3155 τῷ
1575 3069 1629 3136 ἐπὶ
1649 3085 1703 3139 787

324 3172 406 3236 πᾶσι
428 3173 501 3256 θεῷ
525 3163 579 3236 διά
602 3171 665 3236 τοῦ
687 3163 752 3254 τὴν
774 3165 939 3256 τοιαύτην
962 3163 1040 3256 ἡμῖν
1062 3171 1277 3236 διδασκαλίαν
1291 3161 1509 3253 ῦποθεμένου
1527 3159 1631 3253 Ἰησοῦ

325 3270 475 3352 Χριστοῦ
509 3272 566 3334 καὶ
595 3258 653 3335 ἄπ’
680 3270 810 3337 ἐκείνου
839 3269 946 3338 αἰτεῖν
976 3272 1087 3337 πᾶσαν
1114 3262 1276 3354 βοήθειαν
1301 3271 1357 3334 καὶ
1386 3265 1541 3352 φρουράν
1567 3263 1631 3352 τὴν

324 3360 393 3434 άπὸ
416 3359 524 3452 άγίων
545 3359 697 3452 άγγέλων
717 3371 772 3434 καὶ
795 3371 950 3452 δικαίων,
974 3361 1016 3436 ἵν’
1038 3361 1123 3454 ἡμᾶς
1142 3363 1313 3454 ῥύσωνται
1328 3361 1396 3434 άπὸ
1419 3371 1503 3436 τῶν
1523 3391 1630 3450 περι-

325 3470 452 3552 γείων
481 3459 682 3551 δαιμόνων
712 3471 767 3533 καὶ
798 3472 948 3554 γενέσει
979 3461 1288 3553 συντετηκότων
1317 3470 1381 3533 καὶ
1408 3467 1545 3554 αίματι
1566 3471 1629 3534 καί

272 3583 308 3638 30
324 3571 465 3650 κνίσση
487 3570 814 3652 προοηλωμένων
839 3573 895 3636 καὶ
917 3562 1120 3648 άλλοκότοις
1140 3569 1354 3655 μελῳδίαις
1376 3559 1555 3653 άγομένων
1575 3570 1628 3633 καί

326 3658 471 3744 ἄλλοις
494 3660 702 3744 τοιούτοις
723 3671 1062 3753 προσδεδεμένων,
1086 3659 1367 3754 ὁμολογουμένως
1388 3669 1449 3752 μὲν
1470 3663 1631 3734 καὶκατὰ

327 3759 391 3831 τόν
414 3767 545 3831 Κέλσον
575 3781 764 3846 κρεῖττον
796 3763 913 3837 οῦδὲν
946 3770 1180 3853 δυναμένων
1211 3770 1283 3835 τοῦ
1311 3769 1554 3850 θεραπεῦσαι
1585 3761 1631 3832 τῦ

326 3867 445 3950 σῶμα.
488 3861 570 3948 έγώ·
584 3856 617 3930 δ’
639 3858 760 3951 εἴποιμ’
783 3857 826 3934 άν
853 3858 907 3936 ότι
929 3861 1002 3936 οῦδ
1026 3867 1163 3952 ἐναργές
1183 3868 1254 3935 ἐστι
1277 3861 1317 3933 τῦ
1340 3863 1421 3945 τοῦς
1443 3869 1631 3951 δαίμονας

328 3958 471 4042 τούτους
494 3953 590 4041 ὅπως
612 3968 698 4032 ποτε
724 3969 1076 4053 θεραπευομένους
1102 3962 1299 4034 δύνασθαι
1322 3961 1562 4050 θεραπεύειν
1584 3963 1630 4032 τά

274 4059 507 4150 3σσαόματα·
547 4055 634 4131 άλλδι
673 4059 735 4150 χρὴ
778 4061 842 4152 τὴν
880 4073 1100 4151 θεραπείαν
1140 4070 1213 4135 των
1256 4059 1469 4152 σωμάτων,
1511 4067 1538 4132 εί
1572 4068 1632 4150 μὲν

327 4155 561 4248 ἁπλούστερον
582 4158 742 4244 βούλοιτό
766 4189 817 4244 τις
840 4167 900 4252 ζῆν
921 4171 977 4234 καὶ
991 4160 1200 4252 κοινότερον,
1223 4159 1338 4251 ἐφόδῳ
1360 4165 1492 4250 ἰατρικῇ
1515 4173 1632 4250 θερα-

412 4417 431 4471 θ
459 4411 489 4470 δε
515 4416 537 4468 Α
565 4413 596 4484 δὴ
620 4419 721 4486 Ausgg.
746 4417 751 4486 Ι
775 4419 794 4472 θ
816 4411 1001 4487 Ὺπιδόμενος
1022 4418 1145 4472 nchreibe
1167 4419 1224 4485 ioh,
1252 4419 1306 4487 vgl.
1325 4419 1396 4472 oben
1420 4417 1456 4470 VI
1475 4419 1522 4476 59.
1539 4417 1566 4472 S.
1585 4417 1633 4471 125·

326 4499 353 4552 Z.
374 4501 420 4560 14;
447 4491 633 4566 ὑπειδόμενος
651 4504 762 4572 Ausgg„
781 4495 967 4570 ὑπειδόμενος
984 4520 1034 4556 aus
1052 4497 1239 4570 ῦπειδόμενσν
1256 4519 1324 4557 corr.
1343 4508 1367 4557 A
1387 4505 1391 4568 1
1418 4503 1456 4558 10
1480 4503 1631 4570 οιναισθη·

328 4583 388 4646 θείς
406 4583 476 4652 ποις]
497 4589 700 4656 σνναισθηθείς
717 4593 785 4652 πῶς,
805 4607 833 4642 αι
853 4605 900 4641 aus
918 4606 932 4642 ε
950 4603 1026 4649 corn,
1045 4607 1061 4654 η
1079 4587 1108 4639 in
1126 4587 1276 4652 Οοιιεοίυι,
1295 4591 1337 4654 ΑΙ
1354 4587 1392 4643 15
1412 4583 1493 4654 διότι]
1514 4577 1557 4640 ότι
1578 4601 1633 4638 ver·

330 4669 416 4721 mutet
435 4669 482 4720 Bo.
501 4667 598 4737 (Notae
617 4689 641 4741 p.
659 4673 720 4726 408]
737 4675 740 4740 λ
756 4673 795 4728 30
812 4669 895 4742 κνίση
913 4674 935 4726 Α
953 4669 1011 4740 184
1030 4664 1108 4735 όπῶς
1126 4689 1198 4728 ποτε
1215 4676 1247 4728 A.
