3790 5526
383 493 442 555 108
930 484 1151 539 ονεσεαονε

381 654 545 739 γοητείᾳ
576 653 641 717 καὶ
671 651 899 729 καλοῦντας
934 641 1113 735 ὀνόματα
1142 643 1362 734 βαρβαρικὰ
1393 641 1601 734 δαιμόνων
1631 676 1690 717 τι·

384 753 464 817 νῶν
486 753 640 831 τοιαῦτα,
664 741 720 818 ότι
747 741 889 834 ὅμοιον
915 737 1035 818 οὗτοι
1060 742 1287 832 πράττουσι
1314 764 1401 826 τοῖς
1428 749 1492 815 ἐπὶ
1515 765 1603 827 τοῖς
1625 742 1690 816 αύ-

384 863 469 928 τοῖς
506 843 789 934 ὑποκειμένοις
823 851 1159 934 τερατευομένοις
1188 842 1289 934 πρός
1325 845 1420 926 τούς
1449 843 1499 934 μὴ
1532 841 1691 928 εἰδότας

382 941 480 1014 άλλα
509 951 579 1033 μὲν
611 942 748 1017 αύτῶν
776 947 878 1016 είναι
908 944 956 1016 τά
988 939 1170 1033 όνόματα
1202 941 1291 1031 παρ’
1311 937 1497 1032 Ἕλλησιν
1523 939 1624 1016 ἄλλα
1651 950 1690 1016 δὲ

348 1044 486 1132 ῦπαρδι
512 1044 701 1129 Σκύθαις.
747 1042 807 1116 εἴ
835 1051 1009 1116 ἐκτίθεται
1046 1040 1115 1116 άπὸ
1145 1040 1358 1132 Ἡροδότου
1395 1045 1509 1130 λοβῶν
1541 1042 1588 1126 ῶς
1619 1042 1690 1116 τὸν

381 1150 450 1232 μὲν
475 1139 705 1216 Ἀπόλλωνα
727 1142 982 1234 Γογγόσυρον
1008 1150 1175 1215 καλοῦσι
1198 1141 1368 1226 Σκύθαι,
1396 1141 1470 1214 τὸν
1491 1147 1532 1213 δὲ
1553 1151 1690 1214 Ποσει-

383 1248 492 1313 δῶνα
521 1242 788 1334 Θαγιμάσαδα,
816 1244 889 1335 τὴν
920 1241 952 1316 δ’
975 1240 1211 1331 Ἀφροδίτην
1232 1237 1506 1332 Ἀργίμπασαν,
1536 1239 1690 1314 Ἑστίαν

383 1349 422 1412 δὲ
450 1351 593 1426 Ταβιτί.
636 1341 782 1430 ἐξετάσει
810 1350 845 1414 δέ
870 1339 889 1415 δ
911 1341 1108 1433 δυνάμενος,
1135 1341 1180 1432 μη’
1206 1369 1254 1429 πη
1280 1349 1439 1430 καὶπερὶ
1466 1340 1603 1412 τούτων
1630 1342 1691 1413 σύν

381 1437 579 1532 Ἡροδότῳ
611 1439 780 1526 δΚέλσος
808 1441 982 1530 ψεύδεται,
1013 1436 1075 1513 άτε
1103 1441 1148 1532 μὴ
1179 1445 1415 1530 ἐπισταμένων
1442 1448 1617 1512 Σκυθῶν
1646 1439 1689 1512 τὰ

334 1553 367 1607 10
382 1537 470 1612 αύτά
496 1535 681 1630 Ἕλλησιν
710 1539 953 1631 ύποκείμενα
983 1550 1061 1630 περὶ
1095 1549 1169 1612 τῶν
1202 1547 1435 1630 νομιζομένων
1461 1546 1565 1610 θεῶν.
1607 1547 1689 1611 ποία

383 1639 448 1730 γάρ
472 1638 665 1730 πιθανότης
687 1640 760 1713 τὸν
780 1636 1007 1712 Ἀπόλλωνα
1030 1637 1287 1728 Γογγόσυρον
1309 1638 1401 1728 παρὰ
1421 1637 1604 1722 Σκύθαις
1625 1667 1691 1709 κα-

385 1750 559 1824 λεῖσθαι;
588 1737 629 1812 ού
655 1740 717 1829 γάρ
740 1737 882 1830 ἡγοῦμαι
904 1733 960 1812 ότι
981 1737 1318 1829 μεταλαμβανόμενος
1339 1743 1385 1820 είς
1406 1733 1546 1809 Ἑλλάδα
1569 1737 1690 1828 φωνὴν

384 1833 676 1928 όΓογγόσυρος
703 1839 767 1928 τὴν
793 1845 1016 1929 ἐτυμολογίαν
1037 1847 1217 1928 παρίστησι
1239 1845 1311 1910 τοῦ
1337 1834 1599 1920 Ἀπόλλωνος,
1628 1832 1690 1927 ἢό

383 1934 584 2010 Ἀπόλλων
607 1944 652 2020 είς
679 1937 744 2028 τὴν
765 1946 940 2009 Σκυθῶν
967 1935 1145 2010 διάλεκτον
1167 1936 1231 2009 τὸν
1254 1934 1510 2026 Γογγόσυρον
1531 1946 1691 2027 σημαίνει.

336 2047 367 2099 15
384 2029 479 2106 ούτω
508 2043 543 2107 δὲ
570 2033 648 2108 οὐδὲ
669 2047 745 2124 περὶ
767 2045 841 2108 τῶν
863 2043 998 2109 λοιπῶν
1020 2034 1150 2109 ταύτόν
1170 2065 1205 2109 τι
1227 2041 1306 2126 ἐρεῖ·
1336 2033 1393 2108 ἀπ’
1416 2031 1532 2107 ἄλλων
1554 2036 1616 2125 γάρ
1638 2032 1692 2124 δρ-

384 2135 535 2224 μῶμενοι
559 2131 745 2225 Ἕλληνες
774 2135 985 2227 πραγμάτων
1014 2146 1072 2208 καί
1102 2143 1334 2226 ἐτυμολογιῶν
1364 2130 1479 2218 οὕτως
1510 2132 1692 2226 ῶνόμασαν

385 2235 465 2317 τούς
487 2229 566 2323 παρ’
589 2238 721 2320 ἑαυτοῖς
743 2243 983 2326 νομιζομένους
1003 2236 1114 2322 θεοὺς,
1137 2233 1195 2308 ἀπ’
1211 2229 1328 2307 ἄλλων
1350 2239 1385 2305 δὲ
1400 2234 1571 2319 Σκύθαι,
1596 2230 1691 2307 ούτω

385 2339 421 2404 δέ
450 2343 506 2404 καὶ
540 2332 597 2406 ἀπ’
620 2331 738 2406 ἄλλων
767 2343 828 2425 μἐν
856 2343 980 2425 Πέρσαι
1010 2333 1067 2407 ἀπ’
1091 2331 1209 2407 ἄλλων
1239 2339 1275 2404 δέ
1306 2332 1400 2406 Ἰνδοὶ
1431 2329 1452 2423 ἢ
1477 2339 1645 2417 Αἰθίοπες
1671 2329 1692 2425 ἢ

385 2440 513 2517 Λίβυες,
537 2428 557 2524 ἢ
580 2427 676 2518 ὅπως
699 2443 801 2522 φίλον
823 2432 977 2518 ἑκάστοις
999 2430 1186 2524 ὀνομάζειν,
1209 2434 1254 2524 μὴ
1275 2441 1427 2523 μείνασιν
1449 2437 1504 2504 ἐπὶ
1526 2441 1587 2524 τῆς
1600 2434 1694 2522 πρῶ·

335 2547 369 2603 20
385 2558 446 2620 της
472 2541 528 2602 καὶ
556 2540 710 2622 καθαρᾶς
739 2537 871 2616 ἐννοίας
899 2540 962 2604 τού
989 2542 1063 2604 τῶν
1087 2529 1179 2605 όλων
1201 2539 1414 2623 δημιουργοῦ.
1458 2531 1636 2621 αὐτάρκως
1659 2529 1692 2604 δ’

385 2625 464 2718 ἡμῖν
495 2635 624 2721 εἴρηται
652 2640 708 2704 καί
739 2639 776 2704 ἐν
805 2652 878 2716 τοῖς
907 2631 975 2722 πρὸ
1003 2633 1148 2718 τούτων,
1176 2641 1395 2724 βουλομένοις
1416 2639 1626 2722 παραστῆσαι
1647 2630 1692 2720 μὴ

385 2725 515 2800 ταύτόν
544 2733 629 2802 εἶναι
652 2734 807 2816 Σαβαῶθ
839 2727 957 2822 ἢΔία,
990 2727 1047 2804 ότε
1077 2740 1133 2802 καὶ
1159 2740 1236 2819 περὶ
1263 2741 1337 2804 τῶν
1359 2738 1548 2803 διαλέκτων
1570 2759 1602 2801 τι
1624 2727 1693 2802 άπὸ

302 2833 390 2918 16111
414 2837 489 2899 τῶν
519 2838 627 2902 θείων
657 2837 913 2922 παρετιθέμεθα
948 2830 1164 2922 γραμμάτων.
1201 2829 1336 2914 ἑκόντες
1363 2823 1426 2902 οὖν
1450 2829 1695 2920 ύπερβαίνομεν

385 2935 504 3013 ταῦτα,
527 2935 564 3000 ἐν
585 2931 636 3013 οἷς
657 2937 711 3002 ἐπὶ
733 2940 962 3020 ταυτολογίαν
985 2929 1069 3020 ἡμᾶς
1092 2927 1111 3003 δ
1136 2937 1262 3013 Κέλσος
1283 2940 1384 3001 καλεῖ.

334 3051 367 3104 25
468 3031 541 3101 εἶτα
561 3027 666 3101 πάλιν
689 3031 810 3120 φύρων
833 3030 875 3101 τὰ
897 3027 966 3101 άπὸ
989 3037 1050 3120 τῆς
1071 3038 1239 3120 μαγικῆς
1261 3037 1446 3120 γοητείας
1467 3039 1523 3101 καὶ
1542 3027 1694 3118 προσάπ-

386 3157 459 3200 των
482 3126 568 3217 τάχα
587 3137 648 3219 μὲν
669 3127 782 3201 ούδενὶ
804 3137 854 3218 τῷ
876 3129 922 3218 μὴ
944 3132 1029 3200 εῖναι
1051 3131 1132 3214 τοὺς
1153 3129 1425 3219 μαγγανεύοντας
1447 3126 1617 3218 προφάσει
1632 3135 1693 3218 τῆς

384 3229 471 3299 κατά
494 3228 558 3300 τόν
579 3235 774 3318 χαρακτῆρα
796 3237 923 3301 τοῦτον
945 3239 1147 3314 θεοσεβείας,
1171 3228 1257 3319 τάχα
1279 3235 1316 3299 δέ
1337 3253 1404 3300 τισι
1425 3238 1481 3300 καί
1502 3229 1590 3318 πρὸς
1612 3228 1692 3312 τοὺς

386 3323 656 3418 εύεξαπατήτους
686 3335 871 3419 χρωμένοις
907 3328 1092 3413 τοιούτοις,
1129 3333 1184 3400 ἵνα
1214 3336 1346 3401 δοκοῖεν
1381 3337 1460 3422 θείᾳ
1490 3326 1628 3416 δυνάμει
1658 3357 1692 3398 τι

386 3446 511 3512 ποιεῖν,
534 3432 706 3500 ἐκτίθεταί
728 3457 804 3499 τινα
827 3433 948 3518 λέγων·
979 3433 1018 3498 τί
1046 3456 1091 3518 με
1122 3436 1182 3500 δεῖ
1209 3438 1479 3518 καταριθμεῖν
1510 3423 1597 3500 ὅσοι
1623 3458 1692 3499 κα·

253 3593 265 3610 ,
335 3544 369 3598 30
386 3527 566 3616 θαρμούς
595 3533 781 3612 ἐδίδαξαν
810 3521 831 3612 ἢ
858 3535 1075 3617 λυτηρίους
1100 3526 1205 3618 ῶδδις
1230 3523 1251 3617 ἢ
1280 3523 1593 3618 άποπομπίμους
1615 3556 1693 3616 φω-

404 3797 422 3850 b
473 3714 577 3850 ξω.
596 3715 736 3778 henaena,
758 3712 829 3766 Adv.
848 3713 923 3768 haer.
942 3715 953 3767 Ι
973 3719 1018 3781 14,
1036 3715 1060 3768 2.
1080 3745 1112 3754 -
1133 3715 1149 3770 6
1171 3715 1235 3784 Vgl.
1253 3715 1376 3770 Herodot
1394 3716 1432 3768 IV
1451 3717 1491 3772 59.
1511 3746 1542 3756 -
1565 3715 1603 3770 21
1629 3715 1692 3784 Vgl.

386 3814 458 3852 oen
517 3801 559 3854 45.

471 3948 489 4003 2
513 3948 604 4002 hinter
624 3954 745 4004 τοιαῦτα
768 3949 804 4003 ist
827 3949 968 4003 vielleicht
986 3967 1055 4017 φησι
1078 3950 1250 4017 ausgefallen
1273 3953 1278 4017 Ι
1301 3953 1320 4008 6
1343 3947 1529 4022 γογγόσυρον
1550 3949 1648 4004 immor
1670 3951 1693 4002 A

386 4027 568 4102 Γοιτόσυρον
590 4033 690 4090 Herod.
714 4036 718 4102 1
746 4037 759 4090 1
786 4028 985 4103 Θαγιμάσαδα]
1011 4031 1217 4103 Θαγιμασάδας
1234 4035 1334 4090 Ηεεοδ.
1355 4039 1359 4103 Ι
1380 4037 1398 4091 8
1419 4039 1460 4104 πῆ
1479 4038 1504 4088 A
1528 4037 1532 4101 Ι
1558 4034 1594 4090 11
1614 4025 1694 4104 παρά

387 4110 523 4186 Σκύθαις]
542 4114 731 4187 παρασκύθαι
742 4121 767 4172 A
782 4121 787 4186 Ι
802 4118 840 4173 12
857 4114 1151 4188 μεταλαμβανόμενος
1167 4120 1236 4185 Del„
1254 4120 1309 4188 vgl.
1322 4123 1406 4174 unten
1420 4120 1512 4184 V144,
1526 4120 1551 4174 S.
1564 4122 1614 4174 115
1626 4117 1652 4170 Ζ.
1664 4118 1681 4172 9
1686 4137 1693 4180 ;

385 4197 682 4273 μεταλαμβανόμενον
698 4203 828 4274 ΑΗ6.8μ.
853 4205 857 4272 1
883 4203 919 4258 16
939 4194 1015 4258 ούτω
1034 4206 1059 4256 A
1077 4197 1158 4258 οὔπω
1176 4208 1280 4273 Ausgg.
1304 4208 1308 4272 Ι
1333 4201 1396 4276 ἐρεῖ
1410 4205 1436 4262 d.
1455 4206 1485 4262 h.
1502 4196 1518 4260 δ
1539 4199 1694 4270 δυνάμενος

386 4286 465 4350 (oben
483 4287 509 4340 Z.
527 4288 567 4355 8);
593 4283 705 4359 είρηται
732 4290 869 4342 vormutet
890 4289 939 4345 Βο.
958 4287 1057 4357 (Notae
1074 4305 1098 4358 p.
1118 4289 1191 4358 396),
1219 4286 1278 4362 ἐρῶ
1300 4289 1364 4343 lieet
1380 4289 1440 4344 Del.
1463 4287 1693 4359 (1661Anm.0)

385 4373 456 4425 ohne
484 4372 579 4426 Grund
603 4375 607 4438 Ι
631 4373 666 4427 21
693 4365 732 4441 μὴ
758 4366 867 4428 ταυιόν
892 4372 915 4426 Ρ
940 4367 981 4441 μὴ
1006 4366 1059 4427 τὸν
1086 4366 1176 4428 αύτδν
1200 4377 1335 4430 vermutet
1358 4374 1440 4429 Guiet
1463 4372 1595 4442 (beiDel.
1614 4373 1693 4428 1661

385 4457 466 4512 Anm.
484 4457 523 4534 f);
541 4450 607 4527 μήτ’
625 4449 716 4512 αὐτόν
732 4459 865 4526 AAusgg.
882 4459 886 4526 Ι
910 4457 949 4512 22
975 4451 1000 4527 ἢ]
1022 4459 1072 4512 καί
1092 4462 1213 4512 vermute
1230 4459 1275 4512 ich
1294 4459 1345 4513 mit
1363 4459 1445 4514 Guiet
1463 4458 1519 4526 (bei
1537 4455 1596 4512 Del.
1614 4456 1626 4510 Ι
1644 4457 1693 4511 661

386 4559 467 4614 Anm.
484 4559 510 4627 f)
534 4561 538 4626 1
564 4559 604 4615 26
626 4556 852 4628 παρετιθέμεθα]
872 4577 902 4613 ετ
920 4559 970 4613 auf
985 4559 1072 4614 Rasur
1089 4561 1113 4612 A
1133 4563 1138 4622 Ι
1156 4560 1195 4614 24
1211 4561 1413 4630 ταυτολογίαν]
1431 4541 1559 4615 ταυτολίί
1577 4559 1625 4629 [ευ]
1643 4561 1669 4611 A
1689 4559 1692 4626 1

386 4643 426 4698 26
445 4635 526 4712 εἶναι]
545 4662 592 4698 ναι
611 4643 661 4697 auf
676 4643 763 4697 Rasur
775 4646 800 4696 A
815 4647 819 4711 1
835 4644 875 4699 29
894 4643 985 4698 αἱαίετ
1002 4637 1178 4714 καθαρμούς
1190 4651 1222 4708 -Ι-
1236 4637 1379 4716 ἔγραψαν,
1398 4645 1469 4699 doch
1481 4644 1649 4715 expungiert,
1661 4647 1694 4698 A.
