3790 5526
648 513 747 568 κλει
772 511 931 568 κυκνον
953 513 995 572 τι
1016 513 1058 571 22.
1075 513 1116 567 23.
1496 517 1537 581 9³

231 683 355 750 δαίων
378 685 585 768 κατηγορίαν
611 673 770 764 άκαίρως.
788 677 997 764 παραλαβὼν
1028 671 1069 748 ού
1098 671 1206 766 μόνον
1232 673 1276 746 τά
1303 671 1535 758 Πλάτωνος,

230 776 279 862 ῶς
300 783 441 860 ἐκείνοις
455 773 639 868 άρκείσθαι,
661 771 748 847 ἀλλὰ
768 773 900 858 καὶτὰ,
924 769 972 856 ῶς
987 799 1076 863 φησι,
1098 781 1262 862 Περσῶν
1283 781 1355 846 τοῦ
1378 780 1536 862 Μίθρου

230 875 423 968 μυστήρια
443 883 506 948 καί
529 876 602 966 τήν
623 873 807 966 διήγησιν
823 870 965 945 αύτῶν.
1003 867 1100 959 ὅπως
1112 880 1199 946 ποτὲ
1217 872 1279 963 γὰρ
1300 877 1405 962 ἐχέτω
1419 880 1536 958 ταῦτα,

231 981 299 1049 είτε
328 982 464 1064 ψευδῶς
494 970 554 1048 εἰτ’
584 971 738 1066 άληθῶς,
769 992 843 1056 τοίς
871 972 1017 1058 τάτοῦ
1048 980 1206 1064 Μίθρου
1235 972 1453 1062 πρεσβεύουσι
1482 981 1538 1044 καί

197 1093 213 1147 5
231 1081 414 1165 Πέρσαις·
435 1082 468 1146 τί
490 1075 531 1166 δὴ
553 1067 617 1148 οὖν
637 1079 768 1164 μᾶλλον
790 1069 886 1144 ταῦτ’
908 1077 1046 1160 ἐξέθετο
1067 1067 1139 1162 ήτι
1154 1081 1227 1144 τῶν
1247 1080 1381 1144 λοιπῶν
1394 1095 1538 1162 μυστη-

230 1184 330 1264 ρίων
359 1175 444 1266 μετὰ
469 1182 540 1268 τῆς
566 1170 787 1265 διηγήσεως
819 1168 970 1257 αύτῶν,·
1005 1171 1046 1244 ού
1076 1171 1138 1260 γάρ
1165 1180 1259 1246 δοκεῖ
1282 1169 1361 1260 παρ’
1382 1165 1538 1261 Ἕλλησιν

230 1277 315 1348 εἰναι
335 1280 489 1365 ἐξαίρετα
510 1271 553 1344 τά
576 1279 647 1344 τοῦ
668 1279 830 1362 Μίθρου
850 1271 942 1362 παρὰ
970 1270 1012 1343 τά
1033 1269 1216 1344 Ἐλευσίνια
1243 1266 1263 1362 ἢ
1290 1270 1334 1343 τὰ
1359 1268 1539 1362 παραδιδό·

232 1403 316 1466 μενα
338 1393 409 1459 τοῖς
430 1379 468 1446 ἐν
486 1375 608 1462 Αἰγίνη
628 1377 827 1463 μυουμένοις
848 1370 892 1444 τὰ
914 1377 975 1461 τῆς
988 1368 1134 1462 Ἑκάτης.
1170 1378 1204 1442 τί
1234 1376 1269 1444 δὲ
1294 1377 1425 1460 μᾶλλον
1448 1376 1538 1457 εἰπερ

145 1493 216 1548 146r
234 1481 237 1564 ί
254 1473 438 1566 βαρβαρικὰ
466 1471 625 1559 ἐβούλετο
655 1468 851 1562 μυστήρια
879 1475 1078 1543 ἐκτίθεσθαι
1106 1469 1189 1558 μετὰ
1218 1476 1288 1561 τῆς
1324 1467 1539 1562 διηγήσεως

181 1593 215 1649 10
233 1571 383 1661 αύτῶν,
407 1568 448 1644 ού
468 1578 599 1661 μᾶλλον
620 1569 663 1642 τά
685 1574 893 1660 Αἰγυπτίων,
917 1575 955 1642 ἐν
976 1571 1027 1653 οῖς
1048 1577 1171 1642 πολλοὶ
1192 1569 1423 1657 σεμνύνονται,
1451 1565 1472 1658 ἢ
1496 1569 1538 1642 τὰ

233 1677 478 1746 Καππαδοκῶν
502 1677 577 1758 περὶ
603 1676 664 1760 τῆς
692 1674 729 1741 ἐν
752 1667 922 1758 Κομάνοις
942 1665 1132 1759 Ἀρτέμιδος
1159 1663 1180 1759 ἢ
1207 1668 1250 1741 τὰ
1275 1675 1419 1762 Θρᾳκῶν
1440 1665 1461 1758 ἢ
1482 1679 1539 1741 καὶ

230 1773 276 1846 τὰ
299 1769 473 1862 Ῥωμαίων
503 1766 628 1854 αύτῶν,
659 1767 859 1841 τελούντων
887 1768 967 1851 τούς
996 1766 1253 1856 εὐγενεστάτους
1279 1777 1353 1840 τῶν
1379 1767 1447 1842 άπὸ
1478 1777 1539 1860 τῆς

232 1869 423 1962 συγκλήτου
443 1875 581 1958 βουλῆς;
610 1864 682 1941 άλλ’
706 1871 734 1939 εἰ
756 1863 897 1956 ἄκαιρον
918 1865 1013 1956 αύτῷ
1038 1869 1152 1954 ἔδοξεν
1173 1873 1316 1941 ἐκείνων
1336 1898 1371 1941 τι
1392 1878 1537 1957 παραβα·

232 1981 304 2043 λεῑν
326 1968 374 2054 ῶς
394 1975 554 2060 μηδαμῶς
574 1963 848 2057 συμβαλλόμενον
869 1972 916 2049 είς
937 1966 1002 2056 τήν
1021 1963 1220 2039 Ἰουδαίων
1241 1963 1261 2056 ἢ
1281 1975 1539 2058 Χριστιανῶν

182 2090 216 2145 15
231 2075 448 2159 κατηγορίαν,
480 2075 556 2152 πῶς
582 2063 654 2156 ούχί
680 2065 721 2138 τό
747 2063 832 2138 αύτὸ
858 2061 1000 2155 ἄκαιρον
1024 2074 1081 2138 καί
1106 2071 1161 2138 ἐπί
1188 2072 1249 2156 τῆς
1274 2071 1440 2152 ἐκθέσεως
1466 2076 1539 2140 τῶν

233 2175 439 2258 Μιθραϊκῶν
459 2164 553 2256 αύτῷ
575 2171 750 2254 ἐφαίνετο,·

315 2288 429 2356 XXIII.
464 2288 505 2355 Ιίἰ
527 2291 564 2356 δέ
584 2274 636 2366 τις
654 2280 813 2368 βούλοιτο
835 2281 880 2372 μὴ
902 2278 961 2370 ἀφ’
983 2273 1023 2370 ἧς
1044 2287 1215 2370 παρέθετο
1237 2287 1395 2373 αἱρέσεως
1416 2279 1537 2374 άσημο·

233 2381 338 2474 τάτης
364 2380 449 2454 άλλά
473 2378 543 2454 άπὸ
568 2388 707 2468 βιβλίων
732 2389 781 2470 πή
807 2386 868 2470 μέν
888 2377 1079 2454 Ἰουδαϊκῶν
1099 2389 1155 2452 καί
1176 2386 1213 2453 ἐν
1234 2401 1308 2465 ταις
1328 2401 1538 2473 συναγωγαῖς

233 2479 349 2555 αύτῶν
364 2479 698 2572 ἀναγινωσκομένων,
718 2474 803 2570 άπερ
819 2488 1056 2569 Χριστιανοὶ
1077 2489 1284 2570 προσίενται,
1305 2489 1353 2571 πή
1369 2487 1404 2554 δὲ
1420 2489 1456 2552 Χ
1457 2507 1538 2571 ρισ·

181 2602 216 2658 20
232 2589 384 2654 τιανῶν
405 2577 524 2667 μόνων
545 2591 659 2668 λαβεῖν
684 2577 840 2669 άφορμάς
865 2587 926 2670 τῆς
946 2587 1197 2670 μυστικωτέρας
1217 2587 1294 2671 περί
1316 2578 1448 2654 εἰσόδου
1467 2605 1538 2670 ψυ-

231 2689 312 2771 χῶν
334 2687 380 2765 είς
406 2679 450 2753 τά
476 2689 554 2752 θεῖα
576 2686 736 2770 θεωρίας,
759 2676 949 2768 ἀναγνώτω
971 2679 1014 2752 τά
1035 2685 1091 2752 ἐπί
1112 2685 1201 2752 τέλει
1223 2687 1285 2772 τῆς
1307 2688 1369 2753 τοῦ
1389 2678 1538 2773 Ἰεζεκιήλ

231 2789 442 2871 προφητείας
466 2781 639 2870 ἑωραμένα
665 2787 715 2871 τῷ
746 2778 919 2870 προφήτῃ,
949 2785 986 2851 ἐν
1017 2780 1068 2863 οίς
1097 2777 1257 2869 διάφοροι
1284 2779 1404 2852 πύλαι
1438 2810 1539 2852 κατα-

232 2887 451 2971 γεγραμμέναι
466 2883 558 2964 εἰσίν,
581 2875 853 2968 αἰνισσόμεναί
874 2906 952 2951 τινα
966 2883 1118 2968 περὶτῆς
1137 2875 1304 2967 διαφόρου
1319 2878 1451 2953 εἰσόδου
1465 2891 1538 2953 τῶν

232 2985 420 3068 θειοτέρων
441 2987 581 3066 ψυχῶν
603 2983 658 3050 ἐπὶ
680 2977 723 3049 τά
744 2985 936 3068 κρείττονα·
958 2973 1149 3067 άναγνῶτω
1173 2983 1209 3048 δὲ
1229 2986 1285 3051 καί
1303 2983 1340 3050 ἐκ
1355 2987 1416 3071 τῆς
1429 2976 1538 3053 Ἰωάν-

181 3099 215 3155 25
232 3107 296 3152 νου
315 3075 576 3164 Ἀποκαλύψεως
597 3077 641 3150 τὰ
663 3083 738 3166 περί
766 3083 827 3167 τῆς
851 3073 985 3160 πόλεως
1010 3083 1074 3148 τοῦ
1098 3083 1184 3149 θεοῦ
1204 3071 1411 3169 Ἰερουσαλήμ
1438 3087 1538 3154 ἐπου-

232 3185 351 3268 ρανίου
372 3185 429 3248 καί
451 3183 524 3246 τῶν
545 3185 713 3265 θεμελίων
733 3183 790 3247 καί
811 3183 884 3247 τῶν
905 3183 1046 3249 πυλῶν
1067 3173 1179 3266 αύτής.
1213 3182 1241 3248 εἰ
1262 3185 1297 3249 δέ
1312 3177 1452 3251 δύναται
1474 3180 1538 3252 διά

233 3274 441 3366 συμβόλων
460 3284 517 3347 καί
539 3275 604 3366 τὴν
625 3271 723 3347 ὁδὸν
745 3280 980 3364 δεδηλωμένην
1001 3283 1074 3347 τῶν
1096 3271 1312 3348 δδευσόντων
1328 3281 1384 3349 ἐπί
1403 3279 1446 3351 τὰ
1461 3289 1538 3351 θεία

233 3387 370 3468 μαθεῖν,
406 3372 595 3465 άναγνῶτω
630 3375 712 3459 τούς
741 3380 1042 3464 ἐπιγεγραμμένους
1070 3371 1246 3465 Ἀριθμσύς
1276 3383 1451 3461 Μωύσέως
1482 3387 1539 3449 καὶ

234 3473 412 3567 ζητησάτω
438 3473 502 3547 τόν
530 3472 717 3565 δυνάμενον
746 3469 852 3546 αύτόν
882 3480 1139 3564 μυσταγωγήσαι
1167 3483 1172 3560 Ι
1199 3479 1253 3547 ἐπὶ
1283 3475 1327 3548 τά
1356 3485 1433 3566 περὶ
1464 3486 1538 3549 τῶν
1554 3491 1605 3547 648

182 3589 217 3644 30
233 3583 459 3666 παρεμβολῶν
486 3581 559 3646 τῶν
584 3578 670 3646 υίῶν
695 3571 822 3663 Ἰσραήλ
849 3569 1132 3663 άναγεγραμμένα,
1161 3593 1256 3646 ποιαι
1287 3581 1348 3666 μὲν
1377 3576 1464 3648 κατὰ
1495 3577 1538 3648 τὰ

244 3829 266 3884 Ε
304 3745 355 3884 ἀει
380 3745 443 3815 νει.
462 3743 558 3898 εδιήιι.
577 3746 623 3814 ιε,
641 3717 750 3802 αι’-35.
777 3775 810 3786 -
835 3744 874 3800 εε
890 3743 953 3814 Vgl.
972 3743 1060 3814 ερον.
1078 3743 1139 3800 soh.
1157 3745 1198 3800 21.
1224 3775 1257 3786 -
1283 3745 1323 3802 ευ
1342 3746 1405 3818 vgl.
1423 3746 1503 3802 Num.
1522 3748 1539 3803 2

233 3833 242 3901 χ
268 3847 302 3885 10
323 3871 329 3884 .
349 3833 388 3897 14,
408 3833 527 3886 19-'1.

318 3968 336 4022 ε
360 3959 399 4031 σς
417 3965 460 4020 1ο
476 3983 522 4019 ιω
539 3964 631 4034 Rana,
653 3965 769 4020 Ηεοο.
787 3964 826 4018 im
848 3961 930 4026 εειο
958 3957 1021 4018 οισ
1038 3963 1111 4035 Asp.
1136 3965 1139 4032 ι
1165 3963 1282 4036 Μιερου
1299 3967 1448 4040 mmm.
1466 3951 1538 4036 μιοὸ

234 4055 271 4107 Δι
286 4052 322 4118 Ιθ
341 4041 496 4106 δπῶσποτε
514 4053 539 4104 A
554 4061 558 4114 Ι
573 4047 671 4121 ἐχέτω]
695 4044 754 4121 ἐχοι
773 4052 908 4104 τετωαίεἰ
926 4047 1008 4102 (ἰαὶεἰ
1024 4048 1080 4117 (bei
1097 4047 1156 4104 Del.
1176 4051 1255 4106 1647
1273 4054 1354 4106 Anm.
1373 4051 1400 4118 (1)
1417 4055 1420 4119 Ι
1441 4049 1463 4106 4'
1484 4051 1537 4105 Μί-

233 4157 310 4226 θρου
330 4153 477 4222 ΜῚΛυεης.
495 4135 568 4223 μίθή
587 4153 643 4219 ΔίΙ
663 4153 680 4208 5
697 4150 788 4206 hinter
806 4148 934 4220 Πέρσαις
945 4156 978 4214 -I-
989 4150 1204 4219 καταλείφομεν
1226 4145 1367 4220 ἐξετάζειν
1384 4152 1466 4207 Guiet
1483 4151 1538 4222 (bei

234 4254 391 4310 D01.1647
409 4255 489 4308 Anm.
508 4253 536 4320 d)
554 4253 640 4307 durch
659 4252 805 4320 Gonjeetur
820 4252 853 4320 II
872 4251 991 4321 Μίθρου
1007 4254 1109 4320 Ausgg.
1127 4236 1199 4324 μίθό
1218 4254 1326 4321 11113
1349 4254 1536 4325 παραβαλεῖν]

232 4341 414 4410 παραλαβεῖν
431 4339 495 4394 11εεί
512 4337 560 4391 Bo.
579 4335 676 4406 [Notae
692 4355 718 4407 p.
735 4337 795 4404 394)
814 4336 866 4391 mih
882 4335 1003 4390 Hinweis
1020 4336 1070 4390 auf
1084 4330 1271 4409 παραλαβών,
1290 4338 1362 4392 oben
1380 4338 1406 4414 Z,
1426 4342 1453 4402 1;
1471 4339 1538 4393 abet

233 4425 415 4496 παραβαλεῖν
430 4424 467 4478 ist
483 4421 543 4478 hier
561 4421 634 4474 wohl
651 4420 704 4475 mit
714 4419 866 4474 Ruoksioht
882 4420 933 4475 auf
948 4420 997 4474 das
1009 4420 1137 4491 folgende
1156 4418 1394 4493 συμβαλλόμενον
1411 4440 1463 4478 von
1481 4422 1537 4477 Ori-

233 4523 316 4577 genes
333 4507 455 4576 gewuhlt
471 4505 590 4570 worden,
609 4503 665 4574 νηί.
682 4505 752 4560 auch
769 4507 854 4559 unten
873 4505 911 4558 VI
928 4505 970 4572 24,
989 4505 1014 4560 θ.
1032 4507 1066 4561 94
1083 4505 1110 4560 Ζ.
1130 4509 1161 4560 17
1177 4505 1233 4574 117
1254 4499 1303 4576 α’φ’
1321 4495 1355 4576 ής
1372 4507 1536 4577 PMAusgg.

233 4585 327 4660 οἰφείς,
347 4591 396 4645 das
418 4609 442 4646 ει
466 4590 551 4644 durch
570 4589 713 4644 Gorrectur
730 4589 902 4658 hergentth,
925 4590 973 4644 der
991 4589 1088 4644 Gravis
1109 4607 1157 4646 auu
1174 4590 1264 4645 oinem
1282 4591 1443 4647 Circumflex
1461 4593 1537 4662 (oder

234 4675 426 4744 umgekehrII)
444 4691 513 4731 corr.
531 4678 556 4729 A
571 4677 575 4743 I
592 4673 630 4730 19
647 4673 828 4743 προσίενται]
847 4670 998 4743 προίενται
1016 4677 1048 4728 Α,
