3780 5532
369 482 428 543 176
906 479 1129 534 ΩΡΙΙἘΝΟΥΣ

368 637 442 725 ἑξῆς
469 641 632 708 ἐναντία
658 640 728 709 ἐστὶ
755 657 828 722 ταῖς
854 645 891 712 ἐν
917 648 973 730 τῷ
1001 638 1108 731 νόμῳ
1142 637 1319 729 εὐλογίαις,
1347 637 1578 722 διδασκούσαις
1604 639 1667 711 τόν

367 739 499 807 δίκαιον
519 740 681 807 ἐσθίοντα
702 746 933 827 πληροῦσθαι,
959 748 1015 812 καὶ
1037 747 1089 830 τῷ
1110 737 1178 812 ύπδ
1201 746 1263 810 τοῦ
1285 747 1517 828 Σολσμωντος
1538 745 1668 810 τοῦτον

366 840 527 924 εἰρημένῳ
558 835 623 906 τόν
653 833 799 926 τρόπον·
829 845 978 924 ,δίκαιος
1005 812 1132 912 ἐσθίων
1158 844 1338 930 ἐμπίπλησι
1363 837 1484 960 ψυχὴν,
1507 845 1608 927 ψυχαὶ
1631 843 1667 909 δὲ

364 928 494 1020 ἀσεβῶν
519 937 670 1018 ἐνδεεῖς.α
710 937 774 1027 χρὴ
801 938 864 1029 γάρ
890 935 974 1028 δρᾶν
1000 940 1065 1061 τῦγν
1086 945 1147 1063 τῦγς
1167 944 1276 1061 ιμυχῆς
1297 937 1432 1027 τροφὴν
1454 943 1666 1028 δηλουμένην

330 1036 400 1102 5νέ
381 1040 465 1120 ντῇ
484 1032 571 1104 κατά
597 1035 671 1108 τόν
696 1034 833 1158 νόμον
847 1036 993 1131 εῦλογίᾳ·
1025 1031 1064 1130 ἧς
1085 1037 1165 1160 σῦχ’
1167 1034 1187 1111 6
1210 1038 1375 1122 σύνθετος
1396 1043 1588 1127 πληροῦται
1610 1032 1666 1108 άν-

280 1138 347 1192 175ΙΓ
363 1140 505 1218 θρωπος
531 1129 604 1204 ἀλλ’
627 1131 648 1223 6
674 1136 763 1226 ψυχὴ
790 1135 887 1230 μόνη.
929 1136 997 1212 άπο
984 1141 1076 1226 Ιδέ
1102 1146 1166 1212 τοῦ
1192 1136 1385 1227 εὐαγγελίου
1411 1133 1591 1226 λαμβάνειν
1617 1140 1668 1206 δεῖ

364 1228 448 1319 τάχα
469 1237 529 1320 μέν
551 1261 585 1303 τι
605 1241 661 1305 καί
682 1236 874 1364 βαθύτερον
896 1235 995 1359 τάχα.
1004 1244 1041 1310 δέ
1060 1267 1094 1310 τι
1115 1245 1171 1310 καὶ
1193 1234 1435 1326 ἁπλούστερον,
1459 1229 1513 1308 ότι
1534 1233 1597 1324 χρὴ
1619 1234 1663 1324 μὴ

362 1338 547 1417 ξενίζεσθαι
573 1351 647 1416 ταῖς
672 1344 749 1424 περὶ
775 1344 849 1408 τῶν
875 1345 1019 1426 τροφῶν
1043 1345 1099 1409 καί
1121 1334 1319 1425 ἐνδυμάτων
1340 1335 1405 1456 την
1426 1334 1538 1424 ψυχὴν
1561 1361 1664 1424 φρον·

362 1436 459 1515 τίσιν,
492 1426 566 1504 ἀλλ’
594 1429 816 1506 εῦτέλειαν’
796 1443 968 1508 ασκοῦντα
996 1448 1176 1510 πεπεῖσθαι
1207 1434 1275 1508 άπό
1305 1441 1378 1508 τοῦ
1410 1441 1510 1506 θεοῦ
1539 1460 1664 1523 προνο-

312 1550 345 1604 10
362 1539 481 1615 εῑσθαι,
503 1533 531 1600 εἰ
551 1527 668 1618 μόνων
691 1561 744 1618 τις
765 1542 839 1607 τῶν
862 1533 1055 1626 ἀναγκαίων
1076 1544 1263 1626 φροντίζοι.

444 1649 542 1768 XXV.
577 1641 689 1770 Ὁμὲν
709 1643 773 1721 οῦν
795 1658 936 1739 Κέλσος,
963 1652 1007 1744 μὴ
1029 1649 1274 1742 ἀντιπαραθεὶς
1296 1653 1339 1725 τδι
1361 1657 1530 1723 δοκοῦντα
1551 1654 1662 1720 ἐναν-

362 1741 470 1814 τία’
449 1743 517 1816 απὸ
545 1754 618 1818 τοῦ
638 1746 764 1840 νόμου
790 1771 863 1837 τοῖς
884 1749 952 1825 άπὸ
975 1759 1039 1825 τοῦ
1061 1749 1261 1842 εῦαγγελίου,
1284 1759 1366 1841 φησὶ
1387 1759 1443 1822 καὶ
1465 1746 1520 1822 τό·
1549 1756 1606 1840 τῷ
1629 1742 1662 1818 δ’

361 1836 463 1930 απαξ
485 1872 736 1939 τυπτησαντι
757 1857 947 1942 παρέχειν
968 1860 1033 1923 κα
1055 1844 1175 1936 αυθις
1196 1881 1372 1925 τυπτειν
1408 1845 1553 1940 ἡμεῑςδ
1572 1853 1662 1936 ἐροῦ·

360 1969 421 2030 μεν
448 1949 568 2017 εἰδέναι
590 1956 654 2040 μὲν
679 1959 736 2021 καὶ
763 1949 803 2022 τό
826 1947 1032 2042 ,ὀφθαλμὸν
1054 1949 1130 2024 άντὶ
1151 1948 1335 2041 όφθαλμσῦ
1357 1958 1413 2022 καί
1435 1946 1562 2023 ὀδόντα
1584 1945 1662 2020 α’ντὶ

309 2061 342 2115 15
361 2035 523 2127 όδόντος“
547 2052 723 2138 εἰρημένον
744 2069 816 2134 τοῖς
836 2049 941 2123 πάλαι
963 2050 1247 2140 άνεγνωκέναιδέ
1232 2058 1322 2123 ἐκαὶ
1344 2049 1385 2123 τὸ
1408 2051 1494 2172 ,ἐγοδ
1516 2057 1552 2122 δὲ
1572 2054 1660 2138 λέγω

359 2137 469 2265 ύμῖν·
490 2151 569 2235 ,τῷ
591 2145 792 2220 τύπτοντί
814 2152 989 2236 σεΙείς
952 2181 1016 2242 την
1031 2177 1170 2241 σιαγονα
1192 2149 1338 2240 πάρεχε
1358 2157 1423 2220 καὶ
1444 2179 1509 2239 την
1525 2147 1662 2239 αλλην
1679 2167 1728 2221 712

360 2238 434 2312 άλλ
460 2200 532 2314 666
562 2255 776 2338 περιηχηθείς
808 2247 946 2340 olpac‘
927 2281 945 2322 ο
975 2257 1102 2332 Κέλσος
1134 2247 1202 2322 άπὸ
1238 2257 1311 2321 τῶν
1342 2248 1568 2338 διαιρούντων
1597 2246 1661 2336 τὴν

358 2340 444 2412 κατά
471 2341 511 2413 τό
539 2342 732 2435 εὐαγγέλιον
757 2345 911 2469 θεότητα
938 2355 975 2421 ἐκ
954 2357 1061 2440 κτῆς
1075 2355 1226 2470 νομικῆς
1252 2345 1420 2438 θεότητος
1447 2347 1489 2419 τά
1516 2352 1661 2419 τοιαῦτα

360 2446 482 2530 τίθησι,
506 2451 645 2516 λεκτέον
666 2445 753 2536 πρὸς
774 2447 838 2520 τόν
859 2445 963 2538 λόγον
985 2445 1091 2521 αῦτοῦ
1114 2443 1169 2520 ότι
1191 2450 1261 2518 οἶδε
1282 2455 1337 2519 καὶ
1359 2447 1402 2518 τὰ
1416 2445 1544 2518 παλαιὰ
1559 2444 1661 2536 γράμ-

308 2557 341 2612 20
357 2567 447 2628 ματα
473 2540 582 2629 <τό>,
584 2549 651 2635 ,τῷ
676 2545 875 2618 τύπτοντί
901 2571 937 2618 σε
968 2554 1013 2632 εἰς
1039 2547 1103 2669 την
1133 2546 1245 2634 δεξιάν
1270 2543 1408 2635 σιαγόνα
1433 2544 1579 2636 πάρεχε
1603 2555 1661 2617 καί

358 2638 422 2729 τὴν
437 2635 575 2730 ἄλληνέί
600 2648 638 2716 ἐν
652 2651 735 2733 γοῦν
751 2663 823 2730 τοῖς
836 2642 988 2770 Ἱερεμίου
1006 2645 1150 2738 Θρήνοις
1164 2653 1360 2736 γέγραπται·
1382 2641 1537 2734 ,ἀγαθὸν
1551 2641 1659 2732 ἀνδρὶ,

359 2734 444 2811 όταν
470 2735 534 2830 άρη
561 2744 663 2832 ζυγὸν
692 2749 729 2816 ἐν
750 2742 887 2836 νεότητι
910 2743 1028 2833 αύτοῦ,
1050 2745 1238 2837 καθήσεται
1263 2745 1350 2816 κατὰ
1371 2741 1476 2866 μόνας
1501 2750 1556 2814 καὶ
1582 2767 1660 2813 σιω-

358 2837 511 2929 πήσεται,
536 2834 591 2914 ότι
612 2834 693 2933 ἦρεν
714 2840 799 2932 ἐφ’ε
788 2851 908 2936 εαυτςῦ.
951 2847 1051 2919 δώσει
1072 2877 1123 2937 τῳ
1108 2852 1284 2918 παίοντι
1305 2839 1411 2916 αύτόν
1432 2839 1581 2932 σιαγόνα,
1603 2850 1660 2912 καὶ

356 2939 627 3030 χορτασθήσεται
650 2937 879 3034 όνειδισμοῦνῖ(
921 2943 983 3016 οῦκ
1010 2917 1351 3018 άντιδιατάσσεται
1376 2949 1476 3016 θεοῦ
1503 2942 1545 3016 τό
1568 2937 1660 3030 εῦαγ-

306 3057 339 3111 25
355 3044 469 3127 γελιον
501 3047 558 3131 τῷ
588 3048 661 3114 τοῦ
695 3040 820 3134 νόμου
849 3052 930 3135 θεῷ
961 3042 1039 3118 οῦδὲ
1068 3051 1144 3147 περὶ
1175 3051 1236 3135 τῆς
1261 3043 1348 3116 κατὰ
1376 3043 1417 3116 τὸ
1444 3040 1551 3133 ῥητόν
1571 3038 1659 3113 κατὰ

356 3137 644 3232 κόρρηςπληγῆς·
674 3139 791 3215 οῦδΗ
749 3134 1164 3268 οπότεροςψεύδετάι,
1191 3140 1273 3216 οῦτε
1294 3149 1467 3232 Μωῦσῆς
1492 3137 1574 3214 οῦτε
1594 3137 1659 3230 Ἰη-

356 3246 466 3325 σοῦς,
498 3237 624 3312 οῦδΗ
605 3272 624 3314 ο
654 3243 787 3334 πατὴρ
818 3245 882 3317 τὸν
913 3241 1065 3335 Ἰησοῦν
1099 3250 1269 3334 πέμπων
1301 3240 1539 3326 ἐπελάθετο,
1571 3247 1660 3312 τίνα

355 3347 520 3412 Μωῦσεῑ
548 3340 773 3432 διετάξατο·
802 3340 875 3416 ἀλλ’
903 3342 980 3417 οῦδὲ
1009 3343 1232 3434 καταγνούς
1262 3351 1345 3415 τῶν
1380 3348 1496 3413 ἰδίων
1522 3337 1660 3430 νόμων

355 3445 536 3531 μετέγνω
556 3447 621 3512 καί
644 3442 715 3515 τὸν
737 3438 905 3534 ἄγγελον
927 3449 992 3516 ἐπὶ
1014 3463 1098 3529 τοῖς
1119 3449 1320 3527 ἐναντίοις
1341 3438 1589 3514 άποστέλλει.

305 3573 338 3628 30
438 3562 552 3628 XXVI.
588 3563 630 3629 Εί
661 3565 696 3632 δέ
725 3559 787 3649 χρὴ
819 3553 883 3631 κάν
915 3556 1012 3650 ὀλίγα
1037 3567 1114 3650 περὶ
1141 3567 1201 3651 τῆς
1227 3556 1393 3650 διαφόρου
1418 3566 1593 3641 πολιτείας
1618 3561 1659 3627 εί-

356 3674 442 3742 πεῐν,
465 3651 587 3747 ἥντινα
613 3655 797 3731 Ἰουδαῖοι
822 3658 910 3731 κατά
932 3665 1106 3732 Μωῦσέα
1132 3657 1303 3750 πρότερον
1325 3656 1578 3742 ἐπολιτεύοντο,
1603 3663 1657 3726 καὶ

440 3825 539 3897 2Vgl.
557 3827 620 3884 Lov.
638 3829 679 3894 26,
698 3831 722 3884 5.
744 3859 778 3869 ·-
800 3830 917 3886 8Pr0v.
935 3831 976 3894 13,
995 3831 1036 3885 25.
1059 3861 1092 3870 —
1116 3830 1154 3887 14
1170 3830 1269 3886 Matth.
1287 3833 1311 3898 5,
1330 3831 1371 3886 38.
1400 3828 1486 3884 Exod.
1506 3830 1548 3894 21,
1566 3829 1607 3882 24.
1625 3857 1657 3866 —

354 3911 512 4053 6666
531 3915 555 3978 5,
573 3914 614 3969 39·
638 3913 705 3970 μω.
724 3915 748 3978 6,
766 3915 807 3970 29.
824 3945 859 3954 -
876 3914 917 3971 εο
934 3915 1003 3972 Luk.
1015 3917 1041 3981 6,
1052 3916 1086 3972 29
1103 3915 1212 3985 αιτιοι
1224 3917 1248 3980 5,
1263 3915 1315 3984 39).
1333 3945 1366 3955 -
1384 3914 1421 3970 τι
1441 3913 1547 3983 Klagel.
1560 3911 1657 3966 Jerem.

370 4037 378 4064 γ
430 4027 462 4036 -
499 4037 505 4051 ι

437 4148 454 4202 2
477 4152 679 4290 σαλομιῦντοςὲ
683 4154 708 4205 Α
727 4151 732 4218 Ι
753 4150 793 4207 10
814 4143 917 4218 μόνων
937 4151 962 4204 Α
983 4145 1078 4218 μόνον
1094 4151 1223 4219 PAusgg.
1244 4151 1248 4218 Ι
1269 4143 1443 4220 ἀναγκαίων]
1462 4149 1473 4202 ί
1493 4163 1542 4202 aus
1560 4152 1574 4201 ῖ
1589 4161 1657 4200 corr.

354 4234 397 4302 ΑΙ
415 4235 452 4290 16
469 4230 586 4330 μάρεχε]
604 4253 663 4306 παρ
666 4233 731 4336 ἐχηγ
748 4240 773 4292 A
792 4236 796 4304 Ι
816 4235 855 4290 20
878 4229 941 4306 (τό)
960 4235 1024 4304 fflge
1041 4233 1086 4288 ich
1103 4234 1176 4288 nach
1193 4234 1256 4288 dem
1274 4231 1517 4303 Spraehgebrauch
1535 4230 1582 4285 des
1600 4229 1657 4284 Ori·

353 4335 435 4386 genes
453 4319 497 4372 ein
512 4321 516 4388 Ι
531 4319 570 4375 22
591 4313 665 4420 κατὰ
682 4315 775 4389 μόνας
791 4320 821 4374 in
838 4313 1007 4388 καταμόνας
1024 4319 1063 4388 (so
1075 4318 1188 4388 Ausgg.)
1206 4333 1272 4374 corr.
1285 4317 1383 4386 1124
1392 4319 1472 4416 θεοῦ
1490 4307 1524 4371 τό
1543 4308 1658 4385 εὐαγγέ-

353 4405 417 4458 λιον
434 4406 459 4458 Α
476 4407 587 4474 Ausgg.⁸
606 4423 622 4459 ο
641 4401 711 4470 θεὸς
727 4408 780 4460 τοῦ
797 4399 963 4505 εὐαγγελίου
980 4403 1043 4459 lieet
1060 4403 1108 4457 Βο.
1126 4401 1223 4472 (Notae
1240 4420 1265 4474 p.
1277 4403 1350 4471 4063
1369 4385 1422 4456 οῦν
1437 4394 1472 4455 τδ
1490 4392 1658 4470 εὐαγγέλιον

353 4492 476 4544 vermute
492 4489 546 4554 ioh,
565 4489 601 4544 da
623 4489 684 4545 eine
701 4489 824 4546 Partikel
846 4491 898 4546 wie
922 4477 973 4546 οῦν
990 4490 1038 4544 der
1056 4487 1294 4556 Satzverbindung
1310 4503 1406 4556 wegen
1423 4485 1502 4555 αδδς
1517 4485 1560 4549 ist,
1579 4501 1605 4539 υ
1621 4478 1656 4540 τδ

352 4565 519 4642 εῦαγγέλιον
541 4573 604 4628 dem
625 4568 731 4644 Ἰησοῦς
753 4575 818 4644 (vgl.
836 4575 908 4630 oben
925 4573 977 4628 VII
995 4575 1039 4639 18,
1057 4572 1083 4627 S.
1101 4573 1151 4629 169
1169 4572 1195 4627 Ζ.
1213 4573 1255 4640 24)
1279 4571 1456 4641 entspreehen
1478 4570 1572 4625 wflrde
1591 4571 1596 4638 Ι
1615 4569 1656 4624 28

351 4657 454 4726 μωῦσῆ
471 4660 603 4728 AAusgg.
