3772 5526
370 507 410 570 62
787 521 789 524 ·
912 501 1136 556 αοισυοονε

368 660 413 750 μὴ
443 669 591 750 χωροῦσί
620 691 677 734 πω
703 660 824 735 αύτῶν
849 670 987 753 μείζονα
1012 662 1099 734 κατὰ
1126 661 1190 734 τὸν
1214 660 1385 753 πρότερον
1412 669 1473 754 τῆς
1494 671 1677 756 εἰσαγωγῆς

368 757 487 832 αύτῶν
504 757 639 850 χρόνον.

452 856 513 930 εἶτ’
535 859 597 930 οῦκ
624 857 691 933 οἶδ’
714 854 810 943 ὅπως
834 861 919 950 μετὰ
941 868 1050 932 ταῦτα
1070 863 1304 951 παραῤῥίπτει,
1326 859 1389 932 ούκ
1411 865 1487 934 οίδα
1508 868 1554 946 είς
1576 871 1610 934 τί
1631 871 1675 954 τῇ

368 965 531 1048 προθέσει
558 956 666 1031 αῦτοῦ
690 958 852 1050 χρήσιμον
877 963 963 1032 είναι
985 967 1120 1046 δοκοῦν,
1143 962 1185 1032 τὸ
1216 969 1306 1050 περί
1336 967 1406 1050 τῆς
1428 968 1582 1050 Μαρίας
1610 991 1672 1034 κυ·

335 1057 490 1148 δούσης
525 1064 727 1149 ἐληλυθέναι
762 1061 862 1146 πρὸς
898 1059 971 1133 τὸν
996 1058 1117 1150 Ἰωσὴφ
1148 1055 1319 1150 ἄγγελον
1348 1068 1413 1131 καί
1442 1057 1547 1133 πάλιν
1576 1059 1674 1150 ύπέρ

284 1163 442 1232 1361106
478 1160 523 1231 τὸ
560 1165 707 1248 βρέφος
742 1166 908 1248 γεννηθὲν
943 1167 999 1231 καὶ
1031 1159 1341 1250 ἐπιβουίλευόμενον
1368 1158 1674 1250 ἐξαρπάσαντος

370 1277 512 1347 φυγεῖν
541 1265 587 1342 είς
612 1264 798 1348 Αἴγυπτον.
840 1267 917 1347 περὶ
945 1258 1081 1330 τούτων
1111 1267 1146 1331 δὲ
1171 1268 1227 1330 καί
1253 1263 1290 1331 ἐν
1310 1277 1382 1342 τοίς
1403 1257 1569 1348 ἀνωτέρω
1589 1259 1675 1348 πρὸς

367 1357 410 1428 τὰ
432 1355 489 1429 ἀπ’
511 1358 622 1429 αύτοῦ
645 1363 799 1447 εἰρημένα
821 1363 1045 1447 διελέχθημεν.
1082 1368 1116 1430 τί
1138 1367 1174 1432 δέ
1194 1357 1351 1443 βούλεται
1372 1365 1490 1450 Κέλσῳ
1513 1361 1587 1450 <τὸ>
1609 1366 1673 1430 καί

368 1463 534 1528 Μωύσεῑ
553 1465 619 1528 καὶ
641 1477 726 1538 τοις
748 1453 886 1538 ἄλλοις
907 1460 1115 1545 ἱστορεῖσθαι
1137 1458 1224 1528 κατὰ
1246 1457 1307 1541 τὰς
1329 1457 1461 1546 γραφὰς
1483 1454 1674 1548 ἀγγέλους

316 1574 349 1628 10
366 1561 616 1678 πέμπεσθαι,·
652 1551 753 1627 οὐδὲν
780 1552 842 1644 γάρ
870 1584 927 1644 μοι
956 1565 1113 1642 φαίνεται
1142 1555 1389 1646 συμβάλλεσθαι
1418 1553 1515 1648 αύτῷ
1541 1559 1628 1647 πρὸς
1655 1553 1674 1628 6

366 1654 534 1741 βούλεται,
556 1661 612 1725 καὶ
634 1651 778 1744 μάλιστα
798 1659 870 1726 ἐπεὶ
890 1652 1048 1738 ούδείς
1014 1683 1074 1778 μεν
1088 1662 1225 1728 ἐκείνων
1240 1665 1316 1744 περί
1338 1663 1411 1728 τοῦ
1433 1662 1570 1745 γένους
1592 1663 1675 1728 τῶν

368 1770 371 1842 Ι
396 1750 628 1842 ἀνθρώπων
657 1751 857 1845 ἠγωνίσατο
879 1751 922 1824 ἵν’
946 1751 1032 1827 αύτὸ
1058 1750 1284 1846 ἐπιστρέφῃο
1265 1779 1326 1846 οση
1348 1752 1528 1845 δύναμις’
1507 1757 1576 1830 απὸ
1598 1761 1673 1828 τῶν
1689 1776 1740 1830 623

366 1851 629 1975 ἁμαρτημάτων.
677 1861 733 1924 καί
768 1848 884 1924 ἄλλοι
924 1845 988 1926 οῦν
1022 1851 1377 1944 πεπέμφθωσαν’
1357 1856 1426 1928 απὸ
1460 1861 1534 1926 τοῦ
1562 1861 1672 1940 θεοῦ,

365 1962 422 2024 καί
445 1942 549 2036 οῦτύς
577 1981 617 2024 τι
645 1959 774 2025 πλέον
796 1949 1099 2073 ἀπαγγελλέτω,
1127 1962 1183 2026 καί
1210 1952 1562 2044 πλημμελούντων
1583 1950 1672 2026 Ἰου-

315 2061 493 2126 15δαίων
529 2059 585 2124 καί
620 2050 1017 2140 μεταχαραττύντων
1053 2052 1129 2142 τήν
1163 2049 1364 2137 εὐσέβειαν
1398 2060 1453 2124 καί
1483 2049 1554 2141 οῦχ
1584 2047 1672 2125 ὅσια

366 2153 561 2241 δρώντων
583 2150 648 2240 τὴν
669 2159 840 2234 βασιλείαν
861 2181 924 2223 του
909 2158 1027 2223 θεοῦ
1043 2157 1307 2240 μεταδεδωκέτω
1327 2147 1464 2236 ,ἀλλοις
1480 2163 1672 2242 γεωργοίς,“

366 2273 438 2337 τοῖς
467 2257 643 2338 πανταχοῦ
665 2255 702 2321 ἐν
724 2269 798 2333 ταῖς
819 2253 1007 2340 ἐκκλησίαις
1030 2253 1162 2324 ἑαυτῶν
1188 2257 1460 2341 ἐπιμελουμένοις
1479 2257 1534 2322 καί
1556 2249 1671 2324 πάντα

364 2350 575 2442 πράττουσιν
596 2345 681 2438 ύπέρ
704 2355 767 2420 τοῦ
788 2349 849 2432 τὰς
871 2345 939 2421 ἀπὸ
962 2357 1032 2441 τῆς
1055 2357 1314 2434 διδασκαλίας
1337 2357 1400 2422 τοῦ
1421 2347 1545 2440 Ἰησοῦ
1567 2347 1670 2439 άφορ-

363 2447 427 2537 μὰς
448 2466 674 2537 προσαγαγεῖν
695 2447 749 2520 διὰ
768 2456 844 2532 βίου
865 2458 1021 2540 καθαροῦ
1039 2457 1094 2523 καί
1110 2447 1215 2538 λόγου
1229 2447 1425 2523 ἀκολούθου
1439 2458 1489 2540 τῷ
1505 2457 1568 2540 βίῳ
1583 2450 1671 2540 πρὸς

312 2573 345 2626 20
364 2545 427 2618 τὸν
449 2556 524 2619 τῶν
546 2542 637 2620 ὅλων
659 2545 751 2619 θεόν.

445 2667 524 2735 LIX.
560 2661 672 2735 Κίθἐ
603 2667 734 2754 ξης
756 2658 1063 2754 φησινοΚέλσος
1094 2661 1244 2737 ούκοῦν
1272 2659 1291 2736 6
1319 2695 1443 2748 αυτος
1465 2663 1561 2749 θεας
1582 2661 1667 2737 Iov

362 2767 492 2844 δαίοις
513 2790 556 2834 τε
577 2770 641 2833 καί
664 2771 812 2848 τοῖσδε,
835 2758 1036 2853 δῆλονδ’”’
1018 2793 1072 2835 οτι
1095 2783 1167 2848 τοῖς
1190 2771 1418 2852 Κριστιανοίς·
1446 2771 1502 2835 καί
1525 2762 1670 2853 ωσπερεί

362 2859 404 2931 τὸ
435 2857 549 2932 ου’κ’“
530 2890 572 2934 αν
603 2860 780 2953 διδόμενον
806 2859 962 2950 συνάγων
989 2860 1092 2936 τοῦτό
1120 2888 1213 2984 φησι·
1243 2873 1377 2951 σαφῶς
1408 2891 1448 2952 γε
1478 2873 1561 2936 τῶν
1591 2862 1669 2937 ἀπὸ

361 2957 538 3083 μεγάλης
568 2965 780 3052 ἐκκλησίας
809 2968 933 3034 τοῦτο
963 2957 1277 3052 ὁμολογούντων
1306 2970 1370 3034 καί
1400 2962 1447 3035 τὰ
1473 2971 1544 3054 τῆς
1565 2964 1669 3053 παρὰ

311 3083 344 3138 25
361 3058 567 3145 Ἰουδαίοις
603 3068 825 3184 φερομένης
858 3070 1124 3152 κοσμογονίας
1152 3069 1425 3151 προσιεμένων
1456 3060 1508 3146 ῶς
1536 3061 1670 3186 ἀληθη

361 3168 452 3248 περί
487 3189 528 3250 γε
563 3169 648 3232 τῶν
684 3158 771 3248 65‘
752 3169 908 3250 ημερῶν
937 3169 1001 3281 κμὶ
1032 3169 1103 3252 τῆς
1136 3159 1363 3251 {6666ssAE
1369 3191 1389 3232 ν
1418 3153 1454 3248 6,
1486 3160 1534 3246 ῶς
1562 3159 1670 3254 μένῆ

361 3259 473 3350 γραφὴ
495 3267 591 3350 λέγει,
614 3267 896 3345 „xate'azavoev‘,
898 3257 977 3345 ,ἀπὸ
993 3270 1066 3332 τῶν
1088 3263 1196 3350 ἔργων
1212 3263 1342 3332 ἑαυτοῦ
1345 3256 1540 3345 ῦθεὸς
1519 3291 1670 3351 αναχω·

361 3367 444 3448 ρῶν
473 3366 528 3443 είς
557 3359 669 3450 τὴν
657 3367 802 3432 εαυτοῦ
823 3359 1044 3449 περιωπὴν,
1074 3355 1219 3443 ‹636'
1201 3389 1219 3431 ο
1244 3367 1371 3444 Κέλσος
1392 3361 1436 3451 μὴ
1459 3361 1605 3452 τηρήσας
1626 3361 1670 3432 τὰ

362 3465 569 3549 γεγραμμένα
589 3466 672 3550 μηδὲ
696 3465 819 3541 συνιείς
841 3456 927 3531 αύτά
950 3486 1061 3549 φησιν,
1085 3457 1427 3546 ἀναπαυσάμενος,
1452 3455 1535 3550 ὅπερ
1557 3457 1599 3533 ού
1620 3465 1670 3550 γε’·

444 3695 459 3749 λ
483 3695 546 3764 vg1.
566 3695 636 3749 oben
655 3695 667 3748 Ι
685 3696 794 3751 34-38.
816 3725 849 3734 -
872 3694 912 3750 16
935 3694 998 3764 Vgl.
1016 3694 1115 3750 Matth.
1134 3695 1175 3760 ¹21,
1193 3698 1235 3751 43.
1253 3698 1294 3750 41.
1317 3725 1350 3735 -
1374 3697 1414 3752 24
1436 3696 1498 3766 Vgl.
1518 3695 1585 3751 Gen.
1604 3699 1627 3752 1.
1645 3698 1669 3752 2.

358 3807 393 3818 -
410 3779 450 3836 26
467 3779 531 3849 vgl.
549 3779 616 3834 Gen.
635 3781 659 3843 2,
676 3782 701 3834 2.
720 3782 743 3835 3.

444 3980 459 4032 1
484 3973 586 4048 αι’τῶν]
606 3995 655 4032 aus
674 3971 768 4033 αἰτῶν
785 3995 851 4033 εστι.
869 3981 894 4033 A
912 3973 1002 4034 αὐτὸν
1019 3981 1157 4033 τειωυίεί
1175 3979 1257 4035 6υἰεί
1274 3981 1329 4050 [bei
1347 3981 1406 4036 Del.
1425 3983 1438 4036 1
1456 3981 1507 4037 622
1525 3983 1604 4035 Anm.
1617 3981 1642 4047 ε)
1664 3983 1666 4047 ί

360 4063 378 4118 8
402 4057 464 4131 (τὸ)
487 4063 552 4131 ίῦςε
574 4063 619 4117 ich
641 4063 693 4117 mit
711 4063 754 4117 Μ2
771 4081 796 4116 u.
815 4063 868 4117 den
887 4065 989 4132 Ausgg.
1006 4062 1063 4124 eim
1092 4061 1166 4116 diese
1190 4061 1332 4119 Ootrectur
1354 4066 1459 4120 scheint
1479 4065 1533 4118 mir
1554 4065 1670 4120 loichter

358 4147 415 4201 und
433 4147 496 4202 dem
508 4147 751 4217 Spraohgebraueh
769 4147 816 4202 dea
834 4147 966 4216 Origenes
984 4147 1211 4216 entsprechender
1229 4167 1262 4202 zu
1280 4149 1346 4212 sein,
1365 4149 1405 4204 κίε
1423 4167 1503 4204 wenn
1519 4167 1584 4204 man
1602 4169 1625 4204 z.
1637 4151 1668 4204 B.

358 4229 462 4306 Κέλσῳ
479 4232 509 4286 in
522 4231 636 4297 Κέλσος
654 4233 757 4286 andern
769 4231 864 4286 wollte
879 4233 883 4300 1
899 4231 918 4286 6
936 4231 1038 4300 μωῦσῆ
1056 4235 1189 4300 AAusgg.
1205 4235 1208 4298 Ι
1225 4233 1265 4288 16
1284 4231 1519 4306 συμβάλεσθαιΑ
1534 4239 1539 4304 Ι
1556 4235 1593 4291 11
1608 4231 1669 4290 ἐπεί

357 4317 531 4386 ssbergeschr.
549 4319 586 4370 Α1
607 4319 609 4385 ί
632 4317 670 4372 12
690 4307 851 4388 ἦγωνίσατο
875 4315 969 4384 6617
995 4309 1114 4384 ἑαυτῶν]
1139 4310 1234 4371 αι’τῶν
1258 4319 1325 4386 (scil.
1343 4327 1401 4374 τῶν
1419 4316 1586 4389 ἐκκλησιῶν)
1609 4336 1668 4374 τει-

357 4405 446 4456 mutet
469 4401 550 4456 Guiet
572 4401 704 4471 (6εἱΒεί.
723 4403 803 4457 1623
822 4405 901 4455 Anm.
920 4399 949 4467 b)
978 4403 982 4466 Ι
1011 4399 1047 4455 16
1068 4393 1119 4464 τὰς
1144 4393 1202 4456 ἀπὸ
1225 4409 1276 4471 τῆς
1299 4404 1482 4469 διδασκαλίας
1502 4409 1555 4460 τοῦ
1576 4399 1669 4474 Ἰησοῦ

358 4479 504 4557 ἀφορμάς]
531 4480 599 4550 τοῦς
627 4479 686 4541 ἀπὸ
714 4491 764 4555 τῆς
795 4485 979 4549 διδασκαλίας
1002 4489 1057 4539 τοῦ
1081 4477 1173 4554 Ἰησοῦ
1197 4478 1393 4559 ἀφορμῶντας
1419 4488 1484 4543 lieet
1504 4489 1553 4543 Bo.
1571 4489 1669 4558 (Notae

357 4589 383 4641 p.
401 4571 461 4638 392)
485 4571 556 4625 ohne
579 4569 674 4625 Grund
703 4571 706 4638 ί
735 4570 775 4626 25
798 4570 995 4640 κοσμογονίας
1012 4573 1044 4633 Α,
1064 4569 1118 4638 vgl.
1137 4573 1223 4624 unten
1244 4571 1281 4626 VI
1298 4573 1333 4628 60
1350 4591 1374 4626 α
1393 4577 1434 4637 Α,
1460 4574 1669 4643 κοσμογενείας

357 4655 494 4726 MAusgg.
511 4657 515 4722 Ι
530 4655 569 4710 26
587 4653 699 4722 συνιείς]
718 4660 730 4708 'c'
746 4657 805 4722 (vor
822 4655 846 4723 ε)
864 4655 1036 4724 fibergeschr.
1054 4655 1099 4708 Δί.
