3780 5538
355 515 415 578 292
887 509 1112 564 ΩΡΙΓΕΝΟΥΣ

436 675 560 744 LXXV.
606 675 797 760 Προτρέπει
829 667 861 742 δ’
890 667 975 761 ἡμᾶς
1006 677 1134 756 Κέλσος
1162 679 1227 743 καὶ
1262 675 1316 742 ἐπὶ
1347 670 1387 742 τὸ
1421 665 1558 760 ἄρχειν
1586 677 1657 758 τῆς

354 775 563 857 πατρίδος,
582 768 650 840 ἐὰν
672 774 738 858 δέη
758 777 823 841 καί
846 779 969 842 τοῦτο
991 791 1123 844 ποιεῖν
1147 774 1279 843 ἕνεκεν
1300 777 1501 860 σωτηρίας
1523 766 1657 858 νόμων

354 875 418 939 καὶ
440 865 646 953 εὐσεβείας.
690 865 782 959 ἡμεῖς
804 875 839 940 δὲ
861 874 898 940 ἐν
920 867 1042 958 ἑκάστη
1063 867 1162 942 πόλει
1184 867 1269 942 ἄλλο
1291 869 1442 959 σύστημα
1463 877 1656 958 πατρίδος

354 973 495 1040 κτισθὲν
526 965 617 1058 λόγῳ
649 975 734 1040 θεοῦ
765 967 982 1057 ἐπιστάμενοι
1008 970 1089 1052 τούς
1110 970 1276 1054 δυνατούς
1298 967 1389 1060 λόγῳ
1412 976 1468 1040 καὶ
1489 978 1552 1058 βίῳ
1574 966 1659 1057 ύγιεῑ

320 1074 546 1158 σχρωμένους
576 1063 711 1157 ἄρχειν
745 1071 800 1140 ἐπὶ
835 1067 876 1140 τὸ
908 1064 1042 1159 ἄρχειν
1076 1073 1263 1159 ἐκκλησιῶν
1292 1075 1567 1158 παρακαλοῦμεν,
1596 1065 1657 1139 ούκ

354 1163 595 1258 ἀποδεχόμενοι
625 1175 687 1256 μὲν
718 1169 799 1252 τούς
830 1166 1013 1258 φιλόρχους
1043 1165 1232 1257 βιαζόμενοι
1263 1175 1298 1242 δὲ
1328 1170 1409 1252 τοῦς
1439 1167 1493 1240 διὰ
1524 1167 1657 1256 πολλὴν

353 1265 559 1358 μετριότητα
585 1267 650 1357 τὴν
676 1267 795 1357 κοινὴν
817 1273 983 1358 φροντίδα
1006 1274 1067 1357 τῆς
1088 1273 1264 1358 ἐκκλησίας
1284 1275 1348 1340 τοῦ
1369 1274 1454 1339 θεοῦ
1474 1268 1519 1356 μὴ
1540 1279 1657 1356 βουλο-

354 1374 475 1456 μένους
504 1374 688 1456 προπετῶς
721 1363 957 1452 όναδέξασθαι·
986 1375 1042 1438 καί
1071 1372 1104 1439 οἱ
1133 1376 1248 1452 καλῶς
1274 1363 1463 1456 ἄρχοντες
1490 1363 1586 1456 ἡμῶν
1611 1376 1657 1450 βι-

353 1475 516 1549 ασθέντες
544 1461 742 1555 ύπόρχσυσι,
773 1473 835 1539 τοῦ
861 1464 1007 1556 μεγάλου
1028 1474 1220 1551 βασιλέως
1244 1465 1509 1556 ἀναγκάζοντος,
1537 1462 1578 1538 ὃν
1599 1494 1657 1537 πε-

304 1581 337 1636 10
354 1575 518 1658 πείσμεθα
549 1567 633 1638 εἶναι
664 1564 739 1636 υίὸν
770 1572 855 1637 θεοῦ
881 1563 985 1654 λόγον
1011 1563 1103 1638 θεόν.
1146 1575 1201 1638 καὶ
1223 1573 1251 1638 εί
1276 1563 1465 1656 ἄρχουσιν
1491 1570 1523 1636 σί
1544 1574 1658 1646 καλῶς

354 1659 547 1754 ἄρχοντες
573 1668 610 1736 ἐν
632 1673 675 1754 τῇ
697 1670 854 1756 ἐκκλησίᾳ
880 1672 950 1755 τῆς
975 1664 1062 1736 κατὰ
1088 1665 1174 1737 θεὸν
1200 1673 1392 1755 πατρίδος
1419 1673 1519 1754 (λέγω
1541 1671 1576 1736 δὲ
1598 1672 1658 1754 τῆς

355 1770 552 1854 ἐκκλησίας),
576 1761 748 1854 λεγόμενοι
770 1759 790 1854 ό)
813 1761 1044 1853 <βιαςόμενοι>,
1066 1772 1123 1836 καὶ
1145 1761 1309 1854 ἄρχουσι
1331 1765 1418 1838 κατὰ
1441 1764 1484 1836 τὰ
1506 1762 1573 1836 ύπό
1596 1770 1659 1834 τοῦ

354 1872 438 1938 θεοῦ
472 1870 762 1954 προστεταγμένα,
797 1861 896 1935 οὐδὲν
931 1863 1023 1953 παρὰ
1061 1871 1166 1936 τοῦτο
1200 1864 1407 1953 μολύνοντες
1437 1872 1510 1936 τῶν
1541 1871 1659 1934 θετῶν

355 1962 494 2056 νόμων.

304 2089 336 2142 15
436 2074 491 2138 καὶ
518 2061 560 2134 ού
587 2063 770 2154 φεύγοντές
791 2091 826 2152 γε
850 2062 910 2146 τὰς
932 2069 1129 2150 καινοτέρας
1151 2072 1214 2134 τοῦ
1235 2071 1310 2148 βίου
1333 2070 1539 2152 λειτουργίας
1560 2069 1659 2150 Χρισ-

355 2171 465 2237 τιανοὶ
497 2164 539 2236 τὰ
572 2170 713 2235 τοιαῦτα
745 2169 978 2252 περιίστανται
1008 2159 1094 2233 ἀλλὰ
1126 2170 1309 2251 τηροῦντες
1337 2163 1476 2246 ἑαυτούς
1502 2170 1658 2254 θειοτέρςι

354 2273 409 2336 καὶ
441 2261 686 2354 ἀναγκαιοτέρα
717 2269 905 2354 λειτουργίᾳ
936 2267 1110 2350 ἐκκλησίας
1141 2270 1226 2333 θεοῦ
1251 2268 1306 2334 ἐπὶ
1329 2271 1502 2354 σωτηρίᾳ
1523 2259 1659 2350 όνθροί-

354 2393 432 2434 πων
453 2371 509 2434 καὶ
529 2359 719 2452 ἀναγκαίως
741 2356 808 2450 ἅμα
829 2367 884 2432 καὶ
907 2366 1045 2444 δικαίως
1069 2358 1247 2450 ἡγούμενοι
1268 2371 1323 2435 καὶ
1348 2359 1493 2434 πόντων
1513 2389 1659 2450 πεφρον-

355 2460 498 2546 τικότες,
522 2471 595 2534 τῶν
617 2469 677 2551 μὲν
699 2464 807 2546 ἔνδον,
837 2457 877 2532 ἵν’
901 2456 1062 2550 ὁσημέραι
1083 2469 1218 2546 βέλτιον
1239 2469 1344 2546 βιῶσι,
1367 2469 1439 2532 τῶν
1461 2468 1497 2532 δὲ
1519 2461 1657 2532 δοκοῦν·

303 2581 338 2637 20
357 2593 429 2634 των
459 2565 537 2648 ἔξω,
566 2561 622 2631 ἵνα
648 2565 815 2650 γένωνται
841 2565 878 2632 ἐν
907 2579 979 2643 τοῖς
1008 2580 1139 2648 σεμνοῖς
1168 2568 1228 2651 τῆς
1254 2569 1443 2646 θεοσεβείας
1469 2557 1583 2650 λόγοις
1604 2567 1658 2630 καὶ

356 2665 465 2751 ἔργοις
495 2667 550 2732 καὶ
581 2655 675 2731 οῦτω
706 2659 791 2730 θεὸν
822 2656 963 2749 όληθῶς
994 2665 1148 2744 σέβοντες
1177 2668 1232 2732 καὶ
1261 2661 1408 2743 πολλούς
1435 2654 1496 2749 όση
1522 2660 1659 2750 δύναμις

355 2760 573 2843 παιδεύοντες
594 2757 818 2849 ἀνακραθῶσι
840 2768 891 2850 τῷ
914 2766 977 2830 τοῦ
999 2765 1084 2830 θεοῦ
1105 2758 1195 2848 λόγῳ
1218 2767 1273 2829 καὶ
1296 2768 1346 2849 τῷ
1365 2765 1449 2850 θείῳ
1474 2761 1581 2850 νόμῳ
1604 2767 1659 2831 καὶ

356 2855 471 2944 οῦτως
490 2863 648 2932 ἓνωθῶσι
670 2865 724 2948 τῶ
747 2863 800 2930 ἐπὶ
822 2866 904 2930 πᾶσι
925 2865 998 2948 θεῶ
1022 2858 1076 2930 διὰ
1098 2867 1161 2929 τοῦ
1184 2861 1344 2942 ἑνοῦντος
1366 2856 1460 2947 αύτῶ
1485 2861 1558 2930 υίοῦ
1577 2865 1660 2930 θεοῦ

356 2959 460 3050 λόγου
489 2969 546 3030 καί
578 2965 698 3048 σοφίας
727 2965 782 3030 καὶ
813 2955 974 3045 ἀληθείας
1003 2966 1059 3028 καί
1086 2957 1295 3048 δικαιοσύνης
1316 2955 1430 3029 πάντα
1452 2958 1515 3029 τόν
1536 2987 1658 3047 προτε-

303 3079 337 3134 25
356 3066 546 3151 τραμμένον
568 3063 622 3130 ἐπὶ
644 3059 685 3131 τό
707 3057 795 3130 κατὰ
817 3057 902 3128 θεὸν
923 3061 959 3128 ἐν
980 3064 1061 3128 πᾶσι
1084 3064 1152 3146 ζῆν.

437 3163 575 3230 LXXVI.
610 3154 714 3248 Ἔχεις
744 3153 777 3230 δ’
806 3163 843 3230 ἐν
875 3157 1025 3242 τούτοις,
1057 3162 1121 3246 ίερέ
1152 3154 1333 3246 Ἀμβρόσιε,
1362 3155 1401 3227 τὸ
1432 3162 1531 3240 τέλος
1550 3165 1554 3242 Ι
1573 3155 1660 3228 κατὰ
1680 3179 1730 3232 799

355 3258 419 3348 τὴν
444 3265 621 3346 παροῦσαν
648 3255 725 3348 ἡμῖν
751 3265 806 3328 καί
829 3264 988 3330 δοθεῖσαν
1011 3256 1152 3347 δύναμιν
1174 3265 1247 3328 τῶν
1268 3263 1570 3345 προστεταγμένων
1591 3251 1660 3326 ὑπὸ

440 3429 459 3484 θ
479 3429 541 3498 vgl.
560 3429 613 3485 Jes.
633 3432 658 3495 9,
676 3431 700 3484 6.
720 3431 744 3482 7.
767 3429 865 3482 durem.
884 3429 925 3492 23,
943 3429 968 3484 5.
992 3427 1102 3482 Sachur.
1120 3429 1144 3490 9,
1163 3429 1179 3482 9
1197 3426 1306 3496 (Matu.
1324 3427 1365 3490 21,
1384 3429 1408 3482 5.
1431 3425 1608 3494 Joh.12‚15).
1627 3455 1659 3464 -

280 3573 282 3580 ,
356 3513 720 3584 lovgl.J0h.1.1.-24
738 3512 1001 3582 Vgl.J0h.1.1.14.
1027 3515 1067 3580 14,
1080 3513 1102 3567 ε.
1122 3514 1216 3576 17,17.
1235 3511 1659 3577 Luk.11‚49.11{or.1‚24.3u

441 3660 457 3714 5
480 3651 578 3730 ἄρχειν
595 3657 696 3724 (ίύιιίετ
711 3655 887 3729 χρωμένους)
905 3667 938 3715 <
955 3655 1045 3709 PDel.
1070 3659 1074 3724 Ι
1099 3656 1167 3712 6-7
1189 3673 1234 3708 am
1253 3655 1330 3708 Rund
1355 3674 1390 3724 οη
1413 3657 1449 3709 A*
1473 3657 1477 3721 Ι
1503 3656 1541 3710 10
1567 3653 1594 3709 εί
1611 3646 1659 3724 ἂρ-

355 3761 455 3813 γουσιν
474 3739 502 3798 οί
525 3743 620 3806 καλῶς
638 3735 785 3812 ἄρχοντες)
806 3741 832 3798 εί
847 3744 944 3806 καλῶς
962 3733 1100 3812 ἄρχουσιν
1117 3737 1145 3796 σί
1164 3733 1301 3812 ἄρχοντες
1319 3739 1382 3793 Ιίεεί
1393 3741 1441 3794 Bo.
1454 3740 1551 3806 (Notae
1563 3758 1589 3810 p.
1600 3740 1660 3803 409)

357 3845 381 3880 u.
400 3827 471 3881 nauh
489 3827 546 3879 ihm
565 3825 623 3880 Del.
639 3827 643 3894 Ι
660 3827 697 3881 11
722 3826 813 3880 hinter
830 3825 966 3901 έκκλησίη
985 3833 1016 3890 -ί-
1035 3819 1090 3880 {md
1110 3823 1209 3895 HuSp.
1231 3826 1235 3892 Ι
1254 3830 1304 3892 τῆς
1322 3819 1474 3892 ἐκκλησίας
1490 3825 1625 3892 MAusgg.
1645 3816 1661 3891 ἢ

354 3906 506 3980 ἐκκλησίας
523 3913 548 3964 Α
572 3910 577 3978 Ι
602 3909 640 3966 12
667 3905 819 3979 λεγόμενοι
838 3905 854 3980 ἢ
874 3905 1066 3981 (βιαζόμενοι)
1085 3909 1208 3963 schreibe
1225 3909 1281 3971 ich,
1300 3908 1355 3977 vgl.
1373 3909 1445 3962 oben
1464 3909 1490 3962 Z.
1508 3909 1587 3972 6-9‚
1605 3907 1660 3961 und

356 3996 427 4050 lasse
457 3994 584 4048 dahiuter
612 3995 665 4048 deu
694 3995 830 4048 Nuehsutz
860 3995 1011 4064 begiunen;
1041 3989 1233 4062 ἐκλεγόμενοι,
1261 3993 1481 4063 ΜθΟΠΉδὸμ,
1509 3987 1660 4063 λεγόμενοι

355 4074 562 4148 (nouaclum),
589 4073 606 4148 ἢ
625 4079 645 4132 Ρ
668 4080 764 4147 (durch
781 4080 936 4148 Conjectur)
959 4080 1018 4133 Del.
1043 4081 1046 4146 Ι
1073 4079 1111 4134 lu
1137 4075 1377 4150 προστεταγμένα
1399 4076 1485 4130 PDel.
1502 4093 1661 4146 προτεταγ-

353 4162 427 4232 μένα
446 4163 574 4233 Aflu.Sp.
595 4164 599 4232 )
620 4160 802 4233 μολύνοντες)
820 4158 997 4233 μολύνονται
1015 4155 1071 4218 ὑπὸ
1094 4162 1116 4216 Ρ
1135 4162 1231 4227 (durch
1249 4160 1404 4231 Oouiectur)
1421 4161 1481 4216 Del.
1501 4161 1505 4227 Ι
1526 4161 1564 4216 16
1587 4164 1661 4214 θειο-

354 4247 426 4319 τέρα
446 4265 494 4302 uus
512 4244 649 4318 θειότερα
667 4265 734 4303 corr.
754 4252 774 4302 A
792 4249 849 4317 117
870 4243 1082 4318 ἀναγκαιοτέρα
1102 4265 1150 4301 uus
1168 4241 1379 4318 δναγκαιότερα
1401 4263 1469 4301 corr.
1487 4249 1512 4298 A
1527 4248 1530 4313 Ι
1548 4245 1586 4300 19
1603 4250 1662 4300 τῶν

355 4330 387 4386 δέ
406 4327 577 4402 δοκούντων]
596 4339 653 4387 τῶν
671 4331 700 4388 δέ
719 4333 794 4402 [oder
813 4331 847 4403 δ’)
868 4329 1026 4388 οἰκούντων
1044 4331 1163 4386 schreibt
1181 4331 1251 4384 ohne
1272 4331 1367 4386 Grund
1385 4332 1413 4388 (ί.
1431 4331 1474 4387 Fr.
1493 4331 1536 4384 W.
1555 4331 1660 4384 Hussel·

354 4417 426 4470 bach
457 4415 507 4486 (Du
533 4417 739 4487 discipulorum,
767 4419 813 4486 qui
841 4418 936 4488 primis
963 4416 1179 4472 Christianorum
1202 4416 1301 4470 scholis
1325 4417 1532 4480 erudiebantur,
1554 4433 1601 4470 seu
1629 4414 1662 4466 d»

357 4501 619 4555 Catechumenorum
647 4503 801 4564 ordinibus.
829 4507 895 4570 quot
921 4503 1023 4557 fuerint
1043 4500 1072 4555 in
1096 4503 1186 4555 vetere
1208 4501 1323 4556 ecclesia
1345 4505 1373 4556 εί
1396 4518 1496 4570 graecu
1518 4503 1545 4554 εί
1566 4499 1661 4564 latina,

354 4586 447 4652 Progr.
474 4585 521 4638 des
547 4585 676 4640 Stultiner
699 4587 828 4656 Gymnas.
849 4588 927 4650 1839,
952 4605 977 4657 p.
996 4587 1038 4654 21)
1062 4587 1066 4654 Ι
1091 4585 1131 4641 24
1156 4583 1424 4658 προτετραμμένον)
1453 4586 1502 4638 dus
1524 4584 1619 4637 zweite
1641 4601 1663 4650 μ

353 4670 525 4738 dbergeeuhr.
544 4672 575 4723 A.
