3756 5514
588 535 690 590 ΚΑΤΑ
713 536 871 594 umor
895 539 937 596 vl
959 540 1118 597 11.12.13.
1468 544 1513 608 ’83

212 705 254 786 τῆ
284 704 357 768 τῶν
388 702 491 768 είδῶν
515 707 634 790 σοφίᾳ
659 705 703 786 τῆ
729 706 814 788 καλῆ
841 699 948 788 ταῦτη
975 707 1059 789 φημί
1086 700 1152 790 ἐγώ
1179 707 1299 788 καίπερ
1326 705 1437 788 γέρων
1463 695 1515 772 ἀν

210 802 368 884 προσδεῖν
400 803 542 884 σοφίας
567 803 629 887 τῆς
654 804 731 887 περὶ
758 799 837 882 τοῦς
863 799 1034 890 πονηροῦς
1059 807 1114 872 καί
1144 796 1279 882 ἀδίκους
1306 805 1514 889 φυλακτικῆς

210 903 266 966 καί
292 924 385 980 τινος
411 890 597 986 ἀμυντικῆς
624 896 801 988 δυνάμεως.
829 894 976 986 -ἀπειροι
1003 896 1065 988 γάρ
1091 905 1153 970 είσι
1179 897 1234 970 διά
1257 897 1297 970 τό
1318 895 1395 987 μεθ’
1417 895 1514 988 ἡμῶν

209 1002 359 1084 μετρίων
384 991 502 1068 ὄντων
523 1004 581 1068 καὶ
606 994 648 1068 οδ
673 1005 790 1070 κακῶν
816 995 941 1086 συχνόν
961 1004 1212 1088 διατετριφέναι
1240 1004 1303 1069 τοῦ
1332 1004 1418 1083 βίου·
1461 996 1514 1070 διὸ

177 1093 251 1184 5δῆ
272 1092 409 1166 τούτων
429 1101 589 1185 προσδεῖν
615 1099 720 1180 εἶπον,
746 1101 803 1168 ίνα
828 1097 873 1186 μῆ
900 1094 1159 1187 ἀναγκάζωνται
1186 1104 1246 1188 τῆς
1268 1091 1435 1187 ἀληθινῆς
1454 1103 1515 1186 μὲν

211 1188 345 1283 ἀμελεῖν
366 1202 517 1282 σοφίας,
541 1201 600 1285 τῆς
623 1193 652 1267 δ’
666 1192 930 1288 ἀνθρωπίνης
952 1205 1066 1270 τεκαὶ
1089 1193 1271 1286 ἀναγκαίας
1286 1200 1515 1286 ἐπιμελεῖσθαι

210 1289 371 1384 μειζόνως
393 1288 412 1384 ῆ
434 1298 513 1364 δεῖ.“

293 1411 378 1479 XIII.
414 1406 545 1482 Οάκοῦν
571 1411 659 1482 κατὰ
685 1417 793 1483 ταῦτα
819 1409 840 1503 ἡ
865 1421 926 1502 μέν
952 1443 1004 1498 τις
1034 1421 1124 1485 θεία
1154 1417 1274 1499 σοφία
1300 1415 1401 1496 ἐστὶν,
1425 1406 1454 1506 ῆ
1486 1406 1516 1483 δ’

212 1504 460 1598 ἀνθρωπίνη.
502 1517 557 1580 καί
580 1506 600 1600 ἡ
621 1517 682 1600 μὲν
709 1507 947 1603 ἀνθρωπίνη
975 1518 1068 1586 ἐστίν
1090 1509 1111 1602 ἦ
1135 1509 1215 1584 καθ’
1240 1507 1326 1602 ῆμάς
1352 1517 1514 1601 λεγομένη
1588 1587 1589 1591 ,

162 1620 195 1674 10
212 1615 353 1694 ,σοφία
379 1614 442 1680 τοῦ
467 1605 624 1699 κόσμουίί,
652 1604 726 1700 ῆτις
753 1616 823 1684 ἐστὶ
844 1619 974 1702 ,μωρία
996 1611 1087 1702 παρὰ
1109 1619 1160 1703 τῷ
1183 1619 1290 1704 θεῷίί·
1325 1607 1404 1701 ῆδὲ
1425 1615 1515 1682 θεία

211 1710 268 1777 καί
294 1705 392 1794 ἑτέρα
416 1707 506 1796 παρὰ
533 1708 598 1797 τῆν
625 1705 903 1801 ἀνθρωπίνην,
933 1716 1024 1799 εἴπερ
1051 1716 1122 1784 ἐστὶ
1152 1719 1256 1796 θεία,
1287 1709 1399 1800 χάριτι
1431 1717 1516 1783 θεοῦ

213 1811 428 1896 δωρουμένου
454 1803 560 1897 αῦτῆν
587 1827 658 1890 τοῖς
685 1809 824 1892 ἓαντοῦς
850 1813 1058 1900 ἐπιτηδείους
1083 1809 1170 1900 πρὸς
1191 1809 1388 1900 παραδοχὴν
1410 1808 1515 1901 αὐτῆς

212 1902 476 1978 κατασκευάσασι
496 1913 727 1995 παραγίνεται,
753 1915 808 1979 καὶ
834 1905 978 1997 μάλιστα
1004 1927 1077 1992 τοῖς
1103 1914 1140 1980 ἐκ
1162 1915 1226 1980 τοῦ
1247 1913 1430 1996 ἐγνωκέναι
1452 1910 1517 2000 τὴν

212 2003 381 2093 διαφορὰν
413 2005 572 2094 ἑκατέρας
607 2014 750 2094 σοφίας
778 2007 865 2096 πρὸς
895 2007 959 2098 τῆν
990 2010 1108 2097 ἑτέραν
1138 2010 1174 2080 ὲν
1210 2024 1284 2090 ταῖς
1316 2007 1402 2098 πρὸς
1430 2009 1516 2082 θεὸν

162 2123 194 2178 15
211 2101 334 2193 εάγαῖςῑ
347 2111 490 2192 λέγουσι·
529 2101 613 2188 ,κάν
640 2103 703 2194 γάρ
724 2136 777 2190 τις
797 2113 924 2190 τέλειος
949 2113 986 2180 ἐν
1012 2111 1096 2190 υίοῖς
1124 2103 1333 2195 ἀνθρώπων,
1361 2113 1422 2199 τῆς
1448 2103 1516 2180 ἀπὸ

212 2211 273 2277 σοῦ
299 2212 441 2292 σοφίας
468 2199 619 2295 ἀπούσης
645 2210 691 2287 είς
720 2202 818 2278 οῦδὲν
848 2203 1113 2296 λογισθῆσεται.“
1157 2215 1213 2278 καὶ
1244 2203 1427 2295 γυμνάσιον
1455 2214 1517 2296 μέν

212 2331 321 2392 φαμεν
348 2305 432 2376 εἶναι
459 2311 520 2394 τῆς
546 2311 652 2395 ψυχῆς
682 2304 746 2396 τὴν
777 2303 1038 2396 ἀνθρωπίνην
1068 2312 1228 2393 σοφίαν,
1260 2311 1359 2389 τέλος
1389 2312 1424 2377 δὲ
1451 2305 1516 2396 τῆν

211 2412 338 2476 θείαν·
374 2398 447 2492 ῆτις
472 2411 528 2474 καὶ
553 2403 713 2494 ,,στερεά“
741 2411 871 2495 λέγεται
899 2411 960 2495 τῆς
985 2411 1096 2496 ψυχῆς
1127 2407 1211 2476 εἶναι
1241 2403 1397 2495 ,,τροφῆ“
1424 2405 1516 2493 παρὰ

213 2511 263 2594 τῷ
290 2500 452 2592 φήσαντι·
486 2509 647 2588 ,τελείων
673 2510 711 2575 δέ
735 2507 827 2575 ἐστιν
853 2501 874 2595 ἡ
900 2503 1017 2594 στερεὰ
1040 2503 1161 2593 τροφὴ,
1189 2510 1262 2574 τῶν
1284 2503 1338 2575 διά
1360 2503 1425 2594 τῆν
1448 2507 1516 2592 έξεν

160 2617 194 2674 20
212 2602 254 2674 τά
279 2599 483 2693 αίσθητῆρια
510 2609 760 2692 γεγυμνασμένα
785 2599 938 2693 ἐχόντων
963 2601 1050 2694 πρὸς
1076 2601 1239 2691 διάκρισιν
1264 2609 1371 2675 καλοῦ
1397 2613 1516 2676 τεκαὶ

211 2713 345 2774 κακου.“
967 2746 970 2752 2

292 2810 348 2874 καί
378 2796 498 2891 ἀρχαία
528 2807 590 2891 μὲν
616 2798 756 2892 ἀληθῶς
782 2807 875 2874 ἐστιν
900 2797 960 2892 ῆδε
987 2797 1008 2892 ἡ
1035 2798 1129 2889 δόξα,
1159 2797 1233 2890 οάχ,
1266 2797 1314 2884 εδς
1344 2807 1451 2875 οίεται
1481 2809 1517 2875 δέ

213 2909 354 2986 Κέλσος,
391 2907 461 2992 τῆς
496 2909 586 2990 περὶ
623 2901 758 2974 αὐτῶν
786 2899 1055 2992 ἀρχαιότητος
1085 2907 1140 2984 είς
1168 2897 1422 2989 Ἡράκλειτον
1451 2909 1516 2974 καὶ

211 2999 408 3073 Πλάτωνα
443 2998 749 3091 ἀναφερομένης.
795 2998 959 3090 ἀνωτέρω
995 3000 1058 3090 γὰρ
1098 2999 1234 3074 τούτων
1270 3003 1302 3071 οί
1341 3007 1517 3092 προφῆται

160 3115 193 3168 25
212 3107 397 3173 διέστειλαν
429 3099 470 3172 τὸ
500 3107 577 3188 περὶ
604 3103 763 3190 ἑκατέρας
788 3108 943 3189 σοφίας·
981 3097 1076 3188 ἀρκεῖ
1104 3095 1134 3169 δ’
1164 3105 1218 3172 ἐπί
1251 3105 1315 3172 τοῦ
1344 3095 1518 3188 παρόντος

212 3203 316 3272 εἰπεῖν
346 3195 414 3270 ἀπὸ
445 3206 519 3270 τῶν
546 3196 660 3287 λόγων
691 3206 754 3272 τοῦ
786 3205 888 3270 Δαυίδ
916 3198 958 3271 τὸ
987 3206 1064 3286 περὶ
1097 3203 1160 3270 τοῦ
1190 3197 1278 3270 κατὰ
1306 3197 1370 3288 τῆν
1399 3203 1517 3271 θείαν

211 3305 359 3387 σοφίαν
386 3305 512 3385 σοφοῦ
534 3295 729 3387 λεγόμενον,
753 3293 845 3382 όστις
870 3297 952 3384 ,οῦκ
975 3293 1097 3386 ὄψεται
1118 3296 1376 3386 καταφθορὰν,“
1404 3307 1517 3389 φησίν,

211 3391 318 3498 ,όταν
345 3403 399 3486 ίδη
429 3397 580 3484 σοφοῦς
606 3394 917 3486 ἀπσθνῆσκοντας.“
962 3393 983 3487 ῆ
1005 3407 1095 3470 θεία
1118 3405 1235 3468 τοίνυν
1256 3404 1389 3483 σοφία,
1422 3399 1518 3486 ἑτέρα

212 3499 296 3569 σῦσα
319 3503 380 3587 τῆς
400 3503 559 3580 πίστεως,
581 3493 725 3586 πρῶτόν
747 3501 818 3568 ἐστι
840 3505 913 3569 τῶν
932 3503 1152 3585 καλουμένων
1174 3493 1433 3586 ,,χαρισμάτων“
1455 3504 1518 3569 τοῦ

159 3608 194 3662 30
210 3603 308 3682 θεοῦ,
344 3605 400 3668 καί
425 3593 496 3685 μετ’
523 3601 654 3688 ἐκείνην
683 3594 840 3685 δεύτερον
870 3615 942 3680 τοῖς
969 3591 1128 3684 ἀκριβοῦν
1154 3595 1197 3667 τὰ
1220 3601 1362 3667 τοιαῦτα
1384 3599 1518 3669 ἐπιστα-

212 3701 324 3783 μένοις
346 3691 367 3786 ῆ
387 3702 580 3786 καλουμένη
603 3703 739 3784 γνῶσις,
761 3702 817 3766 καὶ
840 3704 967 3784 τρίτον,
991 3701 1062 3767 ἐπεὶ
1085 3693 1254 3785 σῴζεσθαι
1274 3694 1337 3784 χρῆ
1358 3702 1413 3766 καί
1435 3696 1517 3780 τοῦς

280 3913 320 3970 ιο
343 3913 406 3983 Vgl.
424 3915 436 3966 1
454 3913 517 3968 xor.
535 3914 559 3978 ε,
579 3915 619 3969 19.
637 3943 670 3954 -
690 3913 726 3969 ιε
745 3873 849 3969 αισα.
866 3913 920 3968 εει.
938 3915 963 3976 ε,
981 3913 1005 3969 ο.
1022 3943 1056 3953 -
1075 3913 1114 3970 ιε
1133 3911 1197 3982 ng
1215 3911 1297 3968 Ηειε.
1316 3913 1340 3976 ε,
1361 3915 1402 3968 14.
1420 3941 1453 3953 -
1478 3914 1516 3969 ιο

213 3997 294 4053 Hebr.
313 4001 336 4061 5,
356 4001 396 4054 14.
414 4029 447 4037 -
464 3998 499 4056 ‘27
519 3997 589 4052 Psal.
607 3999 648 4062 48,
668 4001 707 4055 10.
728 4003 767 4053 11.
788 3999 959 4068 -20031,
979 3998 1054 4053 Rom.
1075 3999 1115 4061 12,
1133 3999 1157 4053 6.
1181 3997 1194 4050 Ι
1212 3997 1275 4050 Kor.
1295 3999 1335 4062 12,
1352 4001 1377 4050 4.

298 4188 315 4244 1
338 4187 421 4244 εἰδῶν
445 4189 538 4256 Plato,
565 4189 616 4244 Ηδ.
638 4209 683 4246 am
707 4191 799 4255 Rand,
824 4193 867 4262 Sp.
877 4191 936 4246 Del.
958 4191 997 4244 im
1014 4189 1094 4254 ’λεπίς
1121 4181 1245 4243 εἰδώλων
1266 4189 1290 4242 Α
1314 4191 1318 4256 1
1342 4189 1423 4258 φημί]
1447 4182 1517 4258 φήμ’

213 4272 292 4328 Plato
308 4273 312 4340 Ι
328 4273 346 4328 5
364 4270 418 4340 μὲν
434 4282 468 4332 <
485 4272 566 4328 Plato
581 4277 584 4340 Ι
599 4275 619 4330 δ
636 4269 672 4344 δΊ
692 4273 721 4331 δὲ
738 4277 819 4330 Plato
839 4279 843 4344 Ι
865 4276 879 4332 ί
905 4269 922 4344 ῆ
940 4278 983 4330 δεῖ
997 4271 1194 4342 Ρ]αοο8ρ.1)ε1.
1213 4266 1264 4342 ἤδη
1282 4271 1362 4326 Ano.
1387 4274 1391 4340 Ι
1416 4273 1434 4329 8
1453 4266 1516 4327 δἈ

213 4355 242 4412 δὲ
259 4359 361 4426 Ausgg.
385 4361 389 4424 Ι
415 4358 451 4414 11
475 4352 556 4427 εἴπερ
575 4355 644 4430 ἐστί]
663 4355 743 4428 είπερ
763 4355 823 4416 ἔστι
841 4364 866 4415 A
883 4356 913 4416 εί
924 4359 979 4432 πέρ
997 4355 1058 4415 ἐστι
1076 4359 1281 4427 Mem-Ausgg.
1306 4358 1310 4425 1
1335 4357 1374 4414 15
1400 4354 1516 4427 λέγουσι

212 4443 312 4510 11000·
320 4445 422 4512 Ausgg.
445 4441 537 4512 λέγειν
554 4446 590 4506 A;
617 4443 759 4501 vielleicht
783 4445 820 4500 ist
841 4445 907 4500 aber
928 4445 1020 4499 hinter
1042 4442 1136 4514 λέγειν
1152 4443 1197 4498 εἰει
1215 4441 1353 4512 Ρετεὶσὶρ,
1371 4459 1394 4498 ι.
1406 4442 1437 4495 Β.
1455 4439 1516 4498 εἰω·

213 4522 291 4594 θόσι,
309 4527 486 4597 ευεςείεΙίευ,
504 4527 559 4597 vgl.
578 4527 649 4582 oben
666 4529 690 4583 V
708 4532 750 4593 64,
767 4529 793 4584 S.
810 4529 843 4585 67
862 4530 888 4584 Z.
906 4529 941 4585 20
960 4530 964 4597 1
986 4529 1024 4584 10
1047 4522 1130 4583 οὐδὲν
1147 4526 1233 4581 PDel.
1253 4519 1341 4582 ου’θέν
1358 4525 1489 4597 ΑΗσ.θρ.
1510 4529 1513 4596 ί

213 4613 252 4668 23
271 4628 319 4667 τοι
337 4609 450 4677 Κέλσος
468 4619 497 4678 †
518 4606 535 4668 ὁ
553 4613 655 4682 Ausgg.
679 4614 683 4680 Ι
711 4613 750 4669 20
772 4609 824 4683 τῆν
841 4625 872 4672 <
889 4614 992 4683 Ausgg.
1012 4615 1017 4678 1
1036 4612 1072 4667 2⁷
1095 4603 1175 4676 ὅστις
1191 4609 1320 4681 011081).
1341 4601 1386 4667 δτι
1403 4611 1489 4666 PDel.
1510 4613 1513 4682 ί

214 4695 251 4751 81
272 4691 332 4750 ἐπεὶ
352 4692 496 4763 σώζεσθαι
513 4697 648 4766 MAnsgg.
667 4692 858 4766 ἐπισάζεσθαι
877 4700 908 4752 A.

1268 4779 1304 4834 6*
