3772 5526
356 454 397 514 24
897 439 1121 494 ΩΡΙΓΕΝΟΥΣ

438 611 551 678 XXIII.
571 599 676 694 Ἡμεῖς
697 611 758 693 μὲν
781 591 845 674 οὖν
866 597 907 674 οὔ
930 631 1040 693 φαμεν
1056 601 1097 674 τὸ
1119 607 1345 690 διαφθαρὲν
1367 609 1476 691 σῶμα
1498 607 1661 692 ἐπανέρ-

355 717 495 794 χεσθαι
532 710 585 788 εἰς
614 704 688 794 τὴν
718 707 758 790 ἐξ
788 699 910 792 ἀρχῆς
940 701 1075 789 φύσιν,
1107 699 1154 784 οός
1182 698 1258 773 0666
1284 702 1349 774 τὸν
1380 707 1660 837 διαφθαρέντα

356 801 525 891 ,,κόκκον“
540 833 604 877 του
588 810 755 891 ,σίτου
778 807 1069 922 ἐπανέρχεσθαι
1090 801 1194 884 είς
1160 830 1223 874 τον
1243 797 1410 888 ,,κόκκον“
1431 809 1494 873 τοῦ
1514 811 1657 890 ,,σίτου.··

356 911 496 992 λέγομεν
522 903 602 1024 γάρ,
635 897 750 992 ὥσπερ
772 905 827 972 ἐπὶ
850 907 913 973 τοῦ
933 898 1061 973 κόκκου
1090 907 1186 984 τοῦ,
1190 908 1317 981 ,σίτουί
1339 903 1502 988 ἐγείρεται
1527 903 1658 992 στάχυς

319 998 466 1087 δοάτως
491 1001 592 1124 λόγος
619 1033 670 1086 τις
693 1007 835 1090 έγκειται
857 1009 907 1092 τῷ
930 1002 1076 1092 σώματι,
1099 995 1157 1087 ἀφ’
1180 991 1220 1071 06
1243 999 1289 1119 μη
1311 1007 1567 1090 φθειρομένου,
1570 1007 1659 1091 ,έγεί-

353 1111 470 1192 ρεται“
485 1103 526 1175 τό
544 1111 680 1192 σῶμα,
682 1107 720 1172 ἐν
735 1098 937 1193 αφθαροία
967 1105 999 1172 οί
1020 1097 1180 1189 μέντοι’
1159 1101 1227 1174 απὸ
1247 1129 1308 1189 της
1322 1107 1438 1183 Στοας
1460 1100 1501 1172 τὸ
1524 1099 1658 1189 πάντη

354 1209 578 1292 διαφθαρὲν
605 1201 714 1292 σῶμά
745 1225 848 1288 φασιν
876 1205 1165 1288 ἐπανέρχεσθαι
1194 1206 1248 1283 είς
1276 1199 1349 1288 τὴν
1376 1197 1461 1286 έξ’
1441 1206 1561 1290 αρχῆς
1589 1199 1658 1288 φά-

353 1328 416 1371 σιν
443 1301 497 1373 διά
518 1300 566 1372 ’τὰ
593 1306 774 1389 δεδογμένα
799 1296 916 1383 αὐτοῖς
942 1307 1019 1390 περὶ
1045 1307 1119 1370 τῶν
1146 1298 1233 1370 κατὰ
1257 1307 1419 1388 περίοδον
1444 1296 1659 1387 ἀπαραλλάκ-

354 1430 437 1485 των,
458 1408 524 1472 καί
547 1397 672 1490 αὐτὴν
693 1405 860 1488 ἐκείνην,
883 1404 923 1486 ἐξ
944 1391 988 1488 ἧς
1009 1398 1143 1487 ἐλύθη,
1165 1398 1239 1488 τὴν
1260 1400 1426 1488 πρώτην
1444 1407 1446 1486 Ι
1465 1399 1658 1472 σύστασιν
1681 1419 1732 1473 595

302 1519 336 1572 10
354 1500 460 1572 πάλιν
485 1508 568 1588 φασί
594 1496 830 1588 συστήσεσθαι,
862 1505 1084 1580 διαλεκτικοῖς
1114 1496 1175 1587 (ἀς
1197 1502 1342 1588 οἴονται)
1368 1495 1528 1588 ἀνάγκαις
1550 1505 1659 1570 ταῦτα

354 1597 587 1686 παριστάντες.
629 1605 684 1668 καὶ
713 1595 774 1668 οὐκ
804 1601 859 1681 εἰς
892 1595 1165 1686 ἀτοπωτάτην
1193 1625 1230 1685 γε
1251 1593 1506 1686 ἀναχώρησιν
1527 1594 1658 1686 ἀναχω-

355 1705 478 1787 ροῦμεν
506 1704 661 1786 λέγοντες
688 1691 742 1768 ότι
768 1703 846 1768 πᾶν
874 1697 1048 1769 δυνατὸν
1074 1703 1131 1786 τῷ
1152 1701 1249 1786 θεῷ·
1280 1701 1417 1784 οἴδαμεν
1439 1695 1502 1786 γάρ
1524 1693 1660 1768 ἀκούειν

355 1803 418 1866 τοῦ
444 1804 522 1869 πᾶν
549 1794 610 1869 οδκ
635 1801 690 1868 ἐπί
718 1804 792 1867 τῶν
813 1793 1043 1885 ἀνυπάρκτων
1066 1793 1141 1868 066'
1164 1800 1220 1867 ἐπὶ
1241 1803 1315 1866 τῶν
1336 1791 1561 1885 ἀδιανοήτων.
1599 1826 1660 1885 φα-

353 1903 414 1986 μὲν
442 1903 558 1967 δὲκαὶ
584 1891 639 1969 ότι
669 1893 715 1968 06
744 1897 912 1967 δύναται
941 1895 1082 1985 αἰσχρὰ
1114 1891 1132 1967 6
1163 1894 1276 1981 θεὸς,
1307 1899 1380 1966 ἐκεί
1406 1900 1498 1967 ἔσται
1525 1891 1662 1980 ὁθεάς

303 2013 335 2066 15
354 1993 578 2086 δυνάμενος
612 1995 656 2085 μὴ
683 1995 768 2067 εἶναι
804 1991 909 2078 θεός·
942 2000 969 2065 εί
995 1994 1057 2084 γὰρ
1093 1991 1257 2084 αἰσχρόν
1294 2023 1328 2064 τι
1356 2001 1419 2087 δρᾷ
1455 1995 1563 2079 θεὸς,
1601 1993 1662 2066 οὐκ

354 2099 423 2166 έοτι
444 2092 548 2179 θεός.

435 2215 507 2283 ἐπεὶ
529 2218 565 2282 δὲ
587 2220 724 2300 τίθησιν
745 2205 800 2282 ότι
822 2219 877 2282 καὶ
899 2209 946 2281 τά
969 2209 1071 2297 παρὰ
1095 2209 1214 2296 φύσιν
1236 2205 1255 2281 6
1278 2211 1373 2292 θεὸς
1394 2206 1440 2282 οδ
1461 2209 1660 2294 βούλεται.

353 2307 618 2400 διαστελλόμεθα
649 2309 691 2382 τό
721 2306 917 2398 λεγόμενον·
949 2303 1003 2381 ότι
1032 2315 1060 2379 εί
1090 2313 1150 2396 μὲν
1175 2308 1281 2399 παρὰ
1308 2308 1428 2396 φύσιν
1456 2309 1520 2398 τὴν
1541 2319 1662 2381 κακίαν

353 2438 404 2490 τις
431 2414 526 2497 λέγει,
554 2417 610 2479 καὶ
637 2406 729 2498 ἡμεῖς
751 2415 891 2498 λέγομεν
914 2402 969 2479 ὅτι
997 2404 1044 2477 06
1072 2407 1260 2495 βούλεται
1290 2408 1337 2480 τά
1368 2407 1472 2496 παρά
1500 2408 1619 2495 φύσιν
1642 2405 1660 2480 6

295 2532 330 2587 20
352 2507 461 2592 θεὸς,
485 2503 567 2578 οὔτε
589 2505 632 2578 τά
655 2504 723 2578 ἀπὸ
744 2515 862 2591 κακίας
883 2503 965 2578 οὔτε
987 2505 1029 2576 τά
1053 2503 1186 2595 ἀλόγως
1208 2504 1377 2597 γινόμενα·
1408 2511 1488 2578 εἰδὲ
1510 2507 1553 2578 τά
1572 2508 1660 2580 κατά

351 2602 456 2693 λόγον
488 2612 573 2677 θεοῦ
602 2613 658 2677 καὶ
688 2606 849 2696 βούλησιν
879 2604 985 2678 αὐτοῦ
1011 2603 1182 2695 γινόμενα,
1211 2603 1393 2695 ἀναγκαῖον
1420 2603 1548 2690 εὐθέως
1575 2608 1660 2679 εἶναι

349 2703 394 2794 μὴ
425 2704 530 2824 παρά
557 2704 690 2792 φύσιν·
722 2702 764 2776 06
794 2706 889 2796 (γάρ)
917 2704 1022 2792 παρὰ
1049 2705 1171 2792 φύσιν
1198 2705 1240 2777 τά
1262 2703 1481 2796 πραττόμενα
1506 2703 1659 2778 ἀπὸτοῦ

349 2811 448 2889 θεοῦ,
484 2799 549 2876 κάν
584 2797 809 2893 παράδοξα
790 2833 862 2894 ηη
842 2800 1064 2877 660xo6vv6
1093 2829 1162 2876 τισι
1187 2803 1370 2894 παράδοξα.
1413 2809 1441 2876 εί
1467 2811 1504 2876 δὲ
1523 2805 1585 2895 χρι)
1574 2817 1657 2895 )-βε

350 2899 575 2993 βιασμένως’
557 2902 729 2991 ονομάσαι,
748 2897 933 3032 ἐροῦμεν’
915 2935 970 2977 οτι
991 2903 1039 2987 63
1060 2905 1210 2996 πρὸς)
1168 2905 1232 2994 τὴν
1252 2911 1454 2995 κοινοτέραν
1471 2913 1657 3032 νοουμένην

298 3025 332 3080 25
351 3001 472 3125 φάσιν
499 3007 569 3074 έστί
595 3032 673 3075 τινα
698 3001 783 3094 ἀπὲρ
810 3003 1032 3094 τὴνφύσιν,
1060 3000 1081 3076 6
1108 3003 1246 3126 6026666
1268 3002 1310 3075 άν
1331 3032 1417 3076 ποτε
1437 3005 1547 3090 θεὸς,
1569 3003 1654 3094 ὑπὲρ

350 3101 414 3222 την
443 3099 670 3192 ἀνθρωπίνην
696 3103 818 3191 φύσιν
843 3101 1055 3192 ἀναβιβάζων
1082 3105 1145 3176 τὸν
1172 3100 1440 3191 ἄνθρωπονκαὶ
1462 3113 1574 3176 ποιῶν
1596 3102 1654 3176 αά·

350 3204 414 3272 τὸν
443 3199 666 3291 μεταβάλλειν
696 3207 751 3273 έπὶ
786 3201 906 3290 φύσιν
935 3211 1117 3292 κρείττονα
1146 3211 1201 3273 καὶ
1232 3209 1412 3290 θειοτέραν
1447 3211 1503 3275 καὶ
1538 3213 1655 3293 τηρῶν

349 3307 527 3386 τοιοῦτον,
566 3296 648 3376 ὅσον
676 3297 780 3372 κάλ’
760 3331 779 3373 ο
809 3303 1017 3392 τηρούμενος
1047 3297 1093 3373 δι’
1116 3293 1167 3374 ὦν
1194 3299 1340 3391 πράττει
1370 3309 1574 3392 παρίστησιν
1600 3298 1654 3376 ότι

344 3397 542 3486 βούλεται.

429 3588 447 3642 3
469 3586 532 3656 Vgl.
551 3589 562 3641 1
580 3587 643 3642 Κοι.
663 3592 703 3655 15,
721 3591 763 3644 31.
790 3619 822 3628 -
850 3589 869 3645 5
889 3587 1063 3657 18111101.
1083 3589 1183 3655 15,42.
1205 3617 1238 3628 -
1261 3589 1280 3644 θ
1304 3587 1365 3656 vgl.
1385 3588 1456 3643 oben
1475 3589 1497 3642 V
1517 3592 1558 3658 20,
1577 3589 1603 3645 S.
1621 3592 1652 3644 21

345 3669 372 3723 Z.
391 3671 432 3725 23.
450 3701 483 3710 -
503 3671 540 3728 12
558 3672 621 3742 vgl.
639 3673 837 3737 1151111526
855 3673 933 3742 (Luk.
946 3675 970 3740 1,
983 3674 1023 3727 37.
1048 3671 1121 3726 Hiob
1132 3674 1174 3738 42,
1186 3673 1221 3742 2).
1239 3701 1272 3710 -
1291 3671 1549 3745 151ίρ1.11ιιτὶρίι1.1
1567 3675 1654 3730 Belle·

347 3754 423 3824 roph.
441 3754 484 3808 Fr.
501 3756 552 3810 292
570 3759 639 3826 (294)
657 3776 682 3812 v.
702 3761 716 3813 7
740 3758 857 3827 (Tragic.
875 3774 963 3827 graec.
983 3758 1081 3827 fragm.
1100 3774 1152 3811 rec.
1170 3760 1202 3811 A.
1220 3756 1330 3822 Nauck,
1349 3758 1391 3812 ed.
1409 3760 1442 3814 11.
1463 3761 1529 3815 1889
1547 3778 1572 3830 p.
1585 3761 1654 3827 447).

432 3905 451 3962 5
475 3897 567 3972 οὕτως
583 3911 608 3961 A
627 3900 702 3964 οὕτω
720 3909 849 3978 PAusgg.
874 3911 878 3976 Ι
902 3910 920 3964 θ
946 3908 1036 3964 υἰυ1υτ
1055 3909 1152 3973 Στοᾶς
1169 3915 1201 3972 ÷
1219 3900 1254 3962 τδ
1274 3914 1373 3974 στοᾶς,
1392 3909 1463 3964 doeh
1485 3909 1654 3980 expungim,

346 3992 371 4042 A
393 3991 397 4054 1
415 3991 429 4048 ί
450 3987 670 4063 ἐπανέρχεσθαι]
691 4012 727 4047 αν
744 3994 915 4062 iibergesehr.
934 3994 970 4046 A¹
990 3995 994 4060 1
1014 3993 1033 4048 θ
1057 3989 1118 4057 ἐξ
1105 4012 1138 4061 ης
1155 3993 1280 4048 ΡΗ0οη
1275 3989 1421 4064 ·6Ausgg
1424 3999 1472 4063 ξῆς
1488 3995 1513 4047 A
1528 3998 1532 4063 Ι
1549 3995 1589 4050 1⁰
1607 4011 1654 4049 συ-

348 4073 514 4160 στήσάοθαι
534 4092 583 4164 [so]
600 4096 638 4147 A¹
662 4096 666 4162 Ι
692 4095 730 4150 Ῑθ
758 4089 947 4163 ἀδιανοήτων]
971 4093 1106 4148 zwischen
1129 4113 1147 4150 α
1166 4113 1191 4148 u.
1209 4115 1226 4150 ν
1244 4097 1287 4150 ein
1305 4097 1415 4151 Buohst.
1434 4095 1654 4151 ausmdiertA

349 4176 385 4230 15
404 4176 496 4231 Ιιίιιίυτ
515 4171 643 4253 δρᾷψὸ
662 4178 797 4248 MAusgg.
818 4181 823 4247 l
846 4180 881 4235 17
902 4174 1094 4250 βούλλεταιλ
1114 4180 1118 4246 1
1139 4172 1654 4250 181ιίαιετδτι-1-βοόλεται,άοο1ι

345 4261 516 4330 expungiert,
536 4255 645 4330 ΔΙτῆν
661 4264 767 4318 κακίαν
783 4267 914 4328 τιςΑτις
931 4257 983 4332 τὴν
1000 4264 1104 4320 κακίαν
1121 4264 1257 4334 MAusgg
1274 4267 1356 4333 120
1351 4254 1395 4380 ..ε
1412 4262 1484 4320 εἰδὲ
1501 4264 1543 4317 bis
1561 4266 1593 4319 21
1612 4283 1653 4334 γι-

345 4348 455 4420 νόμενα
473 4373 527 4410 von
546 4356 579 4410 ll.
598 4357 640 4420 Η,
659 4375 693 4410 w.
712 4374 734 4411 ε.
753 4357 818 4420 seh„
836 4375 882 4410 am
900 4357 1243 4428 Ηααδιιαοθροίττςοαλ
1264 4361 1326 4428 121
1353 4367 1514 4429 αναγκαῖον
1531 4360 1654 4414 schreibe

345 4437 681 4511 1ο1ιιυ11Βο.(Νοίυυρ
700 4435 1101 4512 3901οίναγκαίωςΑΑυεςς.
1121 4446 1126 4510 Ι
1147 4444 1186 4499 22
1211 4439 1296 4516 (γάρ)
1321 4445 1385 4514 fflge
1402 4445 1446 4498 ioh
1465 4445 1513 4498 der
1530 4445 1652 4499 Satzver-

346 4521 471 4592 bindung
487 4541 583 4593 wegen
601 4526 646 4578 ein
669 4529 673 4592 1
697 4520 768 4580 W
753 4542 813 4580 εστι
831 4527 854 4577 A
879 4529 883 4593 Ι
906 4531 1025 4595 ποιῆσαι
1043 4529 1068 4581 A
1091 4522 1137 4596 )
1119 4548 1156 4583 αν
1173 4529 1345 4598 flbergeschr.
1364 4532 1399 4583 A¹
1424 4533 1428 4598 Ι
1448 4530 1487 4584 28
1507 4523 1589 4598 ὅσον]
1609 4523 1652 4598 ἐφ’

341 4597 419 4661 ἀσον
437 4611 574 4663 vermutet
590 4609 648 4664 Del.
668 4610 689 4678 (1
707 4611 758 4664 595
776 4614 855 4663 Anm.
874 4611 900 4673 ιι)
919 4612 992 4666 wohl
1011 4613 1082 4666 ohne
1101 4613 1201 4667 Grund.
