3790 5526
361 489 418 552 156
894 480 1117 536 ονιναιιονν

357 640 549 731 πνεύματος
575 650 759 730 τοσοῦτον,
787 639 869 718 ὅσον
895 637 938 734 ἦν
964 653 1021 716 καὶ
1047 639 1162 726 αὐτοῖς
1184 659 1256 726 τοῖς
1277 638 1531 730 προφητεύσασι
1551 639 1660 731 χρήσι-

357 771 431 832 μον,
453 750 696 832 προαπέλαυον
717 751 778 834 τῆς
799 751 864 816 τοῦ
884 753 1080 834 κρείττονος
1102 747 1148 827 είς
1170 739 1294 825 αὐτοῦς
1315 745 1500 828 ἐπιδημίας·
1529 750 1586 812 καί
1607 739 1662 812 διά

358 847 419 931 τῆς
444 842 530 930 πρὸς
556 842 621 934 τὴν
646 842 757 933 ψυχὴν
780 841 905 929 αὐτῶν,
934 843 974 914 ἵν’
998 839 1112 927 οὕτως
1141 837 1312 931 ὀνομάσω,
1339 835 1428 929 άφῆς
1454 845 1518 911 τοῦ
1543 851 1663 911 καλου·

355 949 460 1032 μένου
481 937 578 1031 άγίου
598 941 789 1031 πνεύματος
812 943 1089 1031 διορατικώτεροί
1110 971 1147 1014 τε
1169 943 1233 1015 τὸν
1252 948 1337 1012 νοῦν
1356 944 1511 1028 ἐγίνοντο
1526 947 1582 1011 καὶ
1597 939 1662 1030 τὴν

324 1041 467 1131 συνοχὴν
493 1037 721 1132 λαμπρότεροι
750 1038 836 1114 άλλὰ
865 1049 921 1113 καὶ
951 1043 992 1114 τὸ
1023 1051 1133 1130 σῶμα,
1165 1039 1323 1130 οὐδαμῶς
1354 1041 1406 1110 ἐτι
1428 1035 1662 1126 ἀντιπρᾶττον

357 1147 409 1229 τῶ
434 1137 509 1212 κατ’
532 1136 658 1232 άρετίγν
684 1150 756 1230 βίῳ,
780 1136 839 1213 άτε
864 1139 951 1212 κατά
978 1141 1019 1215 τό
1046 1138 1124 1230 παρ’
1148 1137 1226 1230 ἡμῖν
1251 1138 1460 1229 καλούμενον
1482 1135 1662 1228 ,φρόνημα

357 1246 419 1329 τῆς
444 1239 588 1329 σαρκδς“
615 1239 846 1330 νεκροῦμενον.
888 1241 1094 1329 ,,πνεῦματι“
1121 1240 1184 1330 γάρ
1211 1246 1378 1330 θειοτέρῳ
1404 1237 1488 1324 ,τάς
1514 1245 1577 1310 τοῦ
1599 1239 1662 1310 σῶ-

356 1368 463 1429 ματος
494 1337 650 1427 πράξειςκ
673 1347 728 1412 καί
758 1335 827 1414 άπὸ
857 1347 921 1412 τοῦ
952 1338 1170 1430 φρονήματος
1200 1346 1282 1429 ,τῆς
1308 1337 1452 1428 σαρκόςίί
1478 1337 1662 1428 ἀρχομένας

357 1441 488 1528 έχθρας,
510 1436 740 1529 τυγχάνοντος
761 1439 847 1528 πρὸς
868 1439 962 1524 θεὸν,
985 1447 1222 1512 θανατοῦσθαι
1244 1447 1460 1527 πεπείσμεθα.

308 1559 340 1614 10
440 1544 469 1609 εί
499 1535 531 1610 δ’
553 1544 723 1625 ἐξίσταται
752 1545 807 1609 καί
834 1537 897 1612 οῦκ
923 1544 959 1610 ἐν
986 1540 1088 1628 ἑαυτῇ
1114 1545 1207 1611 ἐστιν
1230 1535 1250 1629 ἡ
1271 1545 1419 1622 Πυθία,
1442 1531 1500 1609 ὅτε
1521 1536 1661 1627 μαντεύ-

358 1665 445 1723 εται,
468 1636 626 1710 ποδαπὸν
656 1645 836 1728 νομιστέον
864 1645 1009 1728 πνεῦμα,
1037 1638 1077 1710 τὸ
1100 1635 1226 1711 σκότον
1247 1644 1416 1726 καταχέαν
1438 1643 1501 1708 τοῦ
1523 1644 1586 1709 νοῦ
1606 1643 1661 1707 καί

358 1743 433 1808 τῶν
453 1745 636 1859 λογισμῶν,
659 1732 680 1826 ἢ
704 1745 863 1810 τοιοῦτον
889 1733 1012 1810 ὁποῖόν
1033 1743 1103 1810 ἐστι
1124 1745 1179 1809 καὶ
1202 1736 1243 1810 τὸ
1265 1745 1339 1808 τῶν
1361 1732 1534 1825 δαιμόνων
1553 1741 1661 1858 γένος,

274 1851 340 1906 168r
358 1831 418 1920 οῦς
448 1832 510 1906 οῦκ
537 1831 645 1924 ὀλίγοι
670 1843 889 1924 Χριστιανῶν
913 1833 1169 1925 1άπελαῦνονσι
1196 1845 1269 1908 τῶν
1295 1832 1501 1924 πασχόντων
1526 1834 1587 1906 σῦν
1608 1831 1661 1905 οῦ-

358 1941 427 2006 δενὶ
456 1942 620 2026 περιέργῳ
658 1943 713 2007 καί
743 1943 875 2026 μαγικῶ
909 1931 929 2024 ἢ
961 1943 1219 2026 φαρμακευτικῷ
1255 1933 1426 2024 πράγματα
1458 1929 1544 2006 άλλά
1575 1931 1662 2055 μόνη

308 2055 339 2108 15
356 2031 434 2124 εόχῇ
470 2041 526 2106 καὶ
563 2031 747 2124 δρκῶσεσιν
784 2032 1029 2126 ἁπλουστέραις
1062 2043 1118 2106 καί
1149 2031 1212 2107 ὅσα
1241 2031 1283 2107 άν
1313 2034 1452 2106 δύναιτο
1482 2031 1663 2123 προσάγειν

357 2130 587 2224 άπλοῦστερος
613 2131 815 2224 άνθρωπος;
843 2133 892 2220 ῶς
918 2142 1042 2207 ἐπίπαν
1069 2135 1131 2225 γὰρ
1154 2140 1288 2207 ἰδιῶται
1311 2133 1352 2206 τό
1374 2139 1538 2206 τοιοῦτον
1558 2130 1662 2220 πράτ-

357 2257 463 2320 τουσι,
494 2233 702 2324 παριστάσης
732 2242 792 2325 τῆς
822 2239 860 2306 ἐν
889 2243 939 2326 τῷ
971 2233 1062 2325 λόγῳ
1086 2241 1237 2323 Χριστοῦ
1262 2229 1400 2323 χάριτος
1426 2231 1467 2305 τὸ
1494 2241 1568 2304 τῶν
1594 2240 1663 2304 δαι-

356 2339 487 2420 μονίων
522 2331 653 2417 εὐτελὲς
682 2341 736 2404 καὶ
767 2332 921 2420 άσθενές,
958 2333 999 2407 οῦ
1034 2331 1173 2418 πάντως
1199 2330 1360 2424 δεόμενον
1387 2330 1474 2420 πρὸς
1495 2332 1537 2404 τὸ
1560 2329 1662 2423 ἡττη-

357 2439 462 2522 θῆναι
495 2442 551 2503 καὶ
586 2435 678 2519 εἶξαν
713 2431 912 2521 ὑπεξελθεῖν
946 2432 1015 2506 άπὸ
1052 2441 1159 2524 ψυχῆς
1187 2430 1379 2520 άνθρῶπου
1413 2440 1470 2503 καί
1505 2433 1662 2522 σώματος

306 2539 467 2620 2οσοφοῦ
497 2561 591 2616 τινος
619 2539 675 2603 καί
706 2539 854 2604 δυνατοῦ
883 2539 921 2605 ἐν
949 2553 1024 2616 ταῖς
1049 2543 1197 2622 λογικαίς
1222 2542 1300 2622 περὶ
1328 2540 1389 2622 τῆς
1410 2540 1558 2616 πίστεως
1580 2528 1662 2604 άπο-

358 2638 505 2718 δείξεσιν.

440 2735 478 2800 V.
512 2726 611 2802 Ἀλλὰ
636 2739 693 2802 καί
719 2735 811 2822 εἴπερ
837 2737 1058 2804 πεπίστευται
1085 2728 1126 2804 οῦ
1152 2730 1244 2820 παρὰ
1266 2738 1484 2820 Χριστιανοτς
1510 2740 1565 2802 καὶ
1586 2727 1661 2804 ’Iov-

358 2838 463 2913 δαίοις
483 2827 601 2921 μόνοις
621 2827 708 2902 άλλά
730 2839 784 2902 καί
806 2828 886 2919 παρ’
909 2827 1027 2915 ἄλλοις
1051 2843 1195 2914 πολλοῖς
1214 2827 1384 2921 Ἑλλήνων
1404 2839 1461 2902 καὶ
1481 2829 1662 2920 βαρβάρων

358 2923 413 3002 ότι
440 2937 480 3018 ζῇ
505 2939 561 3002 καὶ
587 2927 726 3019 ῦπάρχει
746 2930 830 3020 μετὰ
853 2929 916 3002 τὸν
938 2927 1006 3002 άπὸ
1028 2938 1091 3003 τοῦ
1113 2932 1270 3021 σώματος
1290 2928 1461 3020 χωρισμόν
1483 2927 1504 3021 ἦ
1525 2927 1661 3021 άνθρω·

306 3046 339 3100 25
356 3035 438 3118 πίνη
466 3028 569 3119 ψυχὴ,
597 3039 654 3101 καί
680 3039 732 3122 τῶ
759 3027 850 3122 λόγῳ
877 3038 1081 3122 παρίσταται
1107 3025 1161 3102 ὅτι
1183 3027 1204 3120 ἡ
1224 3037 1286 3121 μὲν
1306 3029 1440 3119 καθαρά
1461 3038 1517 3103 καί
1539 3030 1583 3121 μὴ
1605 3039 1662 3114 βα-

356 3135 501 3220 ρουμένη
522 3126 590 3200 ῦπό
613 3137 687 3201 τῶν
709 3137 769 3220 τῆς
789 3138 907 3215 κακίας
927 3137 1132 3219 μολιβδίδων
1152 3137 1321 3221 μετέωρος
1343 3137 1482 3221 φέρεται
1504 3137 1558 3203 ἐπὶ
1581 3131 1662 3214 τοὺς

357 3226 486 3313 τόπους
512 3237 586 3300 τῶν
611 3236 867 3319 καθαρωτέρων
892 3237 947 3301 καί
974 3236 1138 3320 αίθερίων
1160 3227 1341 3318 σωμάτων,
1363 3238 1597 3302 καταλιποῦσα
1619 3230 1662 3302 τά

357 3337 438 3418 τῇδε
458 3335 566 3417 παχέα
588 3329 728 3420 σώματα
748 3331 870 3403 καὶτὰ
892 3335 929 3402 ἐν
951 3327 1066 3413 αὐτοῖς
1087 3327 1265 3420 μιάσματα,
1288 3327 1309 3420 ἦ
1331 3337 1367 3402 δέ
1389 3328 1502 3420 φαύλη
1523 3337 1579 3401 καί
1594 3327 1661 3402 ὑπὸ

358 3437 432 3500 τῶν
458 3424 673 3520 άμαρζτάδων
698 3435 932 3519 καθελκομένη
957 3433 1012 3500 ἐπὶ
1034 3429 1098 3520 τὴν
1120 3435 1183 3519 γῆν
1204 3436 1259 3500 καί
1280 3425 1358 3519 μηδ’
1380 3426 1587 3502 άναπνεῦσαι
1610 3436 1662 3500 δυ-
1679 3455 1729 3510 697

307 3543 340 3596 30
358 3535 482 3617 ναμένη
513 3535 594 3617 τῇδε
621 3534 760 3619 φέρεται
780 3537 836 3602 καὶ
857 3536 1077 3615 καλινδείται,
1099 3525 1120 3619 ἡ
1146 3534 1207 3616 μέν
1229 3559 1281 3612 τις
1307 3533 1363 3599 ἐπὶ
1389 3527 1453 3613 ,τά
1474 3527 1662 3618 μνήματα,“

358 3631 443 3698 ἔνθα
473 3635 529 3698 καί
559 3623 665 3716 ῶφθη
697 3635 875 3701 σκιοειδῶν
905 3637 1024 3718 ψυχῶν
1052 3624 1329 3719 ,,φαντάσματα,“
1356 3624 1377 3718 ἡ
1404 3633 1442 3698 δέ
1461 3657 1514 3712 τις
1536 3623 1661 3714 άπαξα-

442 3805 461 3861 6
479 3805 542 3876 Vgl.
560 3805 636 3860 Rom.
648 3806 673 3871 8,
685 3807 709 3862 6.
723 3809 746 3861 7.
760 3809 799 3863 10.
813 3809 852 3862 13.
872 3809 956 3864 -18
973 3810 1037 3883 Vgl.
1055 3809 1127 3864 oben
1144 3809 1157 3862 1
1174 3809 1191 3864 6
1210 3826 1234 3864 ο.
1247 3811 1279 3862 A.
1292 3839 1324 3848 -
1338 3807 1377 3863 25
1395 3807 1459 3876 Vgl.
1477 3809 1504 3862 11
1521 3807 1585 3862 Κατ.
1603 3809 1628 3868 5,
1646 3812 1663 3862 4

356 3908 383 3947 ιι.
401 3891 488 3955 Plato,
506 3890 606 3944 PhAdr.
625 3891 690 3961 Gap.
708 3891 792 3946 XXV.
816 3893 905 3948 XXVI
922 3911 948 3963 p.
966 3895 1017 3949 246
1029 3893 1135 3949 ss-247
1148 3893 1177 3947 C.
1194 3923 1228 3932 —
1246 3893 1286 3949 28
1305 3892 1369 3962 Vgl.
1381 3891 1452 3946 oben
1465 3891 1502 3944 VI
1515 3893 1555 3957 73,
1574 3891 1663 3946 &142

357 3975 383 4028 Z.
396 3977 437 4030 22.
455 4007 488 4018 -
507 3975 547 4031 80
565 3975 627 4045 vgl.
646 3975 734 4042 Plato,
752 3976 868 4032 PhAdon
886 3978 951 4048 Cap.
969 3979 1046 4033 XXX
1062 3995 1088 4048 p.
1106 3980 1139 4034 81
1152 3977 1206 4033 01>
1223 3996 1250 4033 u.
1269 3978 1340 4032 oben
1358 3978 1384 4030 II
1402 3977 1444 4044 60,
1461 3978 1474 4032 I
1493 3977 1542 4033 183
1559 3977 1585 4031 Ζ.
1604 3978 1627 4032 6.

441 4126 508 4182 1-2
525 4143 570 4180 σοι
588 4125 668 4180 Βεαδ
688 4145 723 4196 ση
741 4129 829 4196 A¹12
846 4127 1052 4198 προαπέλανον
1069 4129 1176 4183 P²⁰⁰“·
1187 4129 1235 4184 Bo.
1250 4128 1348 4198 (Notae
1360 4143 1386 4197 p.
1399 4128 1459 4196 399)
1477 4127 1537 4183 Del.
1549 4145 1663 4200 προαπ-

357 4209 463 4283 έλαβον
488 4211 571 4280 (doch
591 4214 613 4282 β
632 4210 794 4266 ααδευίλίολι
816 4212 1003 4282 geschrieben)
1025 4217 1062 4278 A,
1085 4213 1136 4268 Ηὸ.
1147 4214 1193 4283 Sp.
1217 4217 1221 4282 Ι
1244 4215 1262 4270 3
1287 4205 1363 4282 ἁφῆς
1387 4213 1413 4267 A
1440 4206 1516 4282 αίφῆς
1532 4216 1635 4282 Ausgg.
1657 4217 1662 4282 Ι

357 4296 375 4352 5
394 4291 588 4366 α’ντιπρᾶττον
605 4295 626 4348 Ρ
644 4289 839 4368 αίιτιπριίττον
854 4300 994 4368 AAusgg.‚
1014 4291 1190 4367 ἀπέτραπε
1208 4300 1345 4353 νεααυίεί
1362 4299 1410 4352 Βο.
1428 4297 1527 4366 (Notae
1544 4315 1572 4368 p.
1590 4299 1664 4363 399);

358 4397 424 4452 aber
439 4391 474 4452 τό
494 4401 578 4464 σῶμα
596 4397 695 4466 gehbrt
711 4397 763 4452 wie
780 4391 834 4468 τὴν
851 4393 943 4470 ψυχὴν
960 4417 993 4454 τα
1015 4394 1215 4471 λαμπρότεροι
1236 4402 1241 4470 ί
1260 4401 1279 4456 θ
1297 4384 1456 4469 τυγχάνοῆ
1473 4402 1498 4453 A
1515 4393 1664 4469 τυγχάνειν

358 4481 409 4536 Ηδ.
426 4498 471 4534 am
488 4479 576 4548 θεοῦ,
594 4481 639 4551 Sp.
649 4482 708 4536 Del.
726 4482 764 4536 im
781 4483 850 4538 Text
873 4485 877 4552 1
899 4487 1116 4550 θανατοῦσθαι,
1139 4483 1206 4538 iiber
1222 4503 1239 4539 τ
1261 4500 1315 4538 von
1332 4485 1353 4538 I.
1371 4483 1404 4536 Η.
1424 4483 1472 4536 das
1490 4481 1606 4537 Zeichen
1622 4488 1661 4546 ἔτ,

358 4565 428 4620 doeh
450 4583 495 4620 am
514 4565 609 4620 Raude
631 4567 721 4620 nichts
738 4570 763 4622 A
782 4570 786 4636 1
808 4569 846 4624 16
870 4564 982 4638 ἐπίπαν]
1002 4567 1121 4624 ἐπείπαν
1137 4571 1161 4622 A
1177 4569 1181 4636 Ι
1198 4570 1234 4624 17
1260 4567 1416 4634 δαιμονίων
1432 4569 1457 4621 A
1475 4563 1621 4634 δαιμόνων
1638 4564 1662 4618 V

358 4649 408 4704 Ηδ.
427 4651 482 4718 (am
500 4649 588 4718 Rand)
606 4652 650 4722 Sp.
660 4652 719 4706 Del.
738 4653 786 4721 (im
803 4652 880 4720 Text)
896 4654 900 4720 Ι
916 4653 1029 4708 28-29
1048 4671 1092 4706 am
1112 4651 1189 4706 Rand
1209 4671 1245 4723 οη
1264 4656 1307 4707 A2.
