3790 5526
357 501 415 562 γη
896 491 1118 548 ωωωπ

355 655 398 728 τά
418 657 517 730 κακά
541 650 603 741 ούχ
624 649 844 740 ύποίσομεν“,·
866 659 938 726 ἐπεὶ
961 647 1025 727 οὖν
1044 651 1230 743 εύρίσκεται
1253 658 1290 725 ἐν
1306 673 1379 739 ταῖς
1394 661 1502 738 θείαις
1516 674 1663 745 γραφαῖς

356 749 445 828 όπου
471 761 531 844 μὲν
559 757 596 824 ἐκ
616 753 804 840 προσώπου
824 759 910 824 θεοῦ
931 755 973 826 τό
1001 755 1087 844 ,ἐγώ
1111 749 1130 826 ό
1151 760 1266 826 ποιῶν
1293 752 1427 844 εἰρήνην
1453 763 1510 826 καὶ
1532 763 1662 842 κτίζων

353 855 490 938 κακά,“
513 848 601 926 όπου
627 859 663 924 δέ
684 850 790 924 πάλιν
810 861 887 941 περὶ
909 850 1016 924 αύτοῦ
1049 848 1124 940 ,ότι
1150 862 1273 942 κατέβη
1300 854 1399 926 κακά
1425 855 1518 943 παρὰ
1544 861 1663 942 κυρίου

353 958 408 1026 ἐπὶ
422 953 531 1037 πύλας
545 947 762 1042 Ἰερουσαλὴμ,
777 949 894 1040 ψόφος
908 947 1069 1040 άρμάτων
1083 961 1140 1025 καὶ
1153 950 1404 1038 ίππευόντων,“
1419 947 1505 1042 άπερ
1519 952 1662 1041 ἐτάραξε

319 1053 503 1137 οπολλοὺς
524 1059 599 1124 τῶν
620 1049 900 1141 ἐντυγχανόντων
922 1059 965 1140 τῇ
987 1061 1109 1142 γραφῇ,
1131 1053 1176 1143 μὴ
1203 1058 1411 1142 δυναμένους
1436 1059 1592 1141 καθορᾶν
1617 1052 1661 1124 τά

352 1150 427 1225 κατ’
455 1149 564 1244 αότὴν
589 1162 667 1241 περὶ
693 1149 838 1242 άγαθῶν
864 1159 920 1221 καὶ
950 1159 1089 1224 κακῶν
1114 1147 1353 1244 σημαινόμενα·
1383 1149 1472 1236 εἰκός
1499 1156 1662 1223 ἐντεῦθεν

353 1247 430 1343 ἦτοι
456 1250 519 1323 τὸν
543 1258 674 1323 Κέλσον
695 1255 936 1340 ἐπαποροῦντα
957 1257 1140 1342 εἰρηκέναι·
1164 1257 1248 1332 πῶς
1278 1258 1347 1340 μὲν
1368 1251 1468 1323 κακά
1487 1247 1539 1340 <ό>
1564 1251 1661 1333 θεὸς

352 1357 474 1436 ἐποίει;
499 1346 520 1441 ἢ
537 1346 729 1425 ἀκούσαντά
749 1379 843 1434 τινος
857 1352 1120 1439 ἰδιωτικώτερον
1135 1351 1380 1439 πρεσβεύοντος
1395 1358 1471 1439 περὶ
1485 1357 1561 1422 τῶν
1573 1351 1661 1422 κατὰ

353 1451 417 1524 τόν
441 1449 552 1523 τόπον
575 1452 638 1541 τὴν
661 1455 854 1542 ἐκκειμένην
877 1457 968 1537 λέξιν
989 1457 1186 1522 τεθεικέναι.

303 1577 336 1632 10
437 1547 530 1642 ἡμεῖς
555 1557 593 1622 δέ
618 1579 729 1641 φαμεν
756 1545 811 1624 ότι
836 1551 936 1622 κακά
960 1557 1030 1638 μὲν,
1062 1549 1126 1640 τὴν
1155 1556 1356 1620 κακίανκαὶ
1383 1549 1444 1634 τὰς
1469 1547 1526 1622 ἀπ’
1554 1548 1659 1640 αύτῆς

352 1648 499 1773 πράξεις,
523 1645 543 1722 ό
564 1650 659 1734 θεὸς
680 1647 742 1722 ούκ
763 1655 934 1740 ἐποίησε.
978 1657 1053 1732 πῶς
1073 1650 1136 1740 γάρ
1158 1647 1234 1721 οἷόν
1256 1645 1286 1721 τ’
1308 1677 1352 1776 ην
1374 1679 1415 1722 το
1402 1650 1506 1739 περὶ
1520 1659 1658 1739 κρίσεως

353 1749 503 1842 κήρυγμα
532 1752 766 1840 παῤῥησίαν”
750 1779 846 1839 εχειν,
874 1747 1033 1822 διδάσκον
1061 1747 1264 1836 κολάζεσθαι
1293 1756 1354 1838 μὲν
1384 1754 1439 1821 ἐπὶ
1469 1767 1542 1834 ταῖς
1571 1748 1658 1820 κατὰ

352 1857 472 1922 κακίαν
493 1848 631 1940 πράξεσι
651 1845 727 1922 κατ’
749 1847 936 1939 ἀναλογίαν
958 1855 1033 1920 τῶν
1054 1845 1301 1940 ἡμαρτημένων
1323 1878 1404 1933 τους
1419 1847 1578 1936 φαύλους,
1597 1877 1660 1937 μα-

352 1959 490 2040 καρίους
511 1946 541 2022 δ
565 1952 727 2022 εἶναικαὶ
749 1949 928 2036 τεύξεσθαι
950 1953 1024 2018 τῶν
1046 1943 1115 2020 άπὸ
1137 1955 1221 2019 θεοῦ
1242 1955 1354 2037 γερῶν
1378 1949 1458 2030 τούς
1483 1944 1557 2020 κατ’
1584 1944 1660 2036 άρε-

303 2075 336 2128 15
353 2049 418 2140 τὴν
438 2049 628 2138 βιώσαντας
649 2044 670 2139 ἢ
692 2049 755 2131 τάς
775 2045 849 2118 κατ’
873 2045 997 2138 άρετὴν
1016 2046 1153 2135 πράξεις
1174 2046 1393 2137 ποιήσαντας,
1422 2053 1450 2118 εἰ
1476 2047 1519 2119 τά
1546 2043 1660 2129 όντως

353 2149 451 2220 κακά
473 2147 702 2268 πεποιήκει.
710 2143 729 2220 ό
750 2145 862 2233 θεός;
884 2140 921 2218 εὖ
944 2151 1018 2220 οἰδα
1034 2142 1088 2219 ότι
1103 2145 1190 2238 ῥητά
1212 2175 1290 2218 τινα
1311 2146 1571 2269 παραλήψονται
1597 2151 1659 2236 τῆς

354 2255 485 2339 γραφῆς
506 2251 538 2320 σί
560 2256 616 2320 καὶ
638 2255 746 2320 ταῦτα
766 2244 967 2369 βουλόμενοι
988 2254 1118 2336 τολμᾶν
1140 2245 1282 2335 φάσκειν
1309 2243 1378 2319 άπό
1404 2253 1502 2318 θεοῦ
1530 2251 1660 2336 γεγονέ-

355 2378 422 2436 ναι,
445 2347 489 2438 μὴ
512 2345 691 2436 δυνάμενοι
717 2343 801 2418 ἐν“
780 2377 869 2436 υφος
895 2343 1068 2434 άποδεῖξαι
1098 2377 1160 2436 της
1190 2354 1330 2468 γραφὴς,
1365 2352 1566 2436 αἰτιωμένης
1597 2353 1658 2434 μὲν

355 2449 435 2532 τούς
456 2444 714 2537 ἁμαρτάνοντας
736 2443 986 2536 άποδεχομένης
1007 2452 1043 2517 δὲ
1066 2446 1146 2529 τούς
1169 2437 1205 2517 εὖ
1228 2445 1448 2535 πράττοντας
1476 2452 1530 2518 καί
1559 2442 1658 2516 ούδὲν

303 2570 338 2626 20
354 2577 463 2671 ηττον
484 2544 622 2618 κάκεῖνα
644 2544 813 2636 λεγούσης,
837 2540 937 2616 ἅτινα
958 2552 1127 2633 περισπᾶν
1148 2551 1241 2618 δοκεῖ
1255 2543 1349 2636 (ofin)
1365 2542 1462 2636 ὀλίγα
1477 2542 1561 2618 ὄντα
1576 2544 1656 2628 τούς

355 2644 497 2736 άμαθῶς
519 2645 561 2717 τὰ
583 2655 662 2717 θεῖα
683 2643 859 2735 γράμματα
880 2641 1185 2734 ἀναγινώσκοντας.
1223 2651 1421 2718 ἐκτίθεσθαι
1448 2651 1484 2717 δὲ
1509 2651 1572 2716 νῦν
1598 2643 1659 2729 τὰς

353 2745 568 2835 περισπώσας
594 2751 707 2832 λέξεις,
735 2743 866 2827 πολλάς
893 2743 1130 2832 τυγχανούσας,
1161 2752 1215 2817 καί
1247 2746 1309 2830 τὰς
1340 2748 1513 2836 ἑρμηνείας
1542 2741 1658 2816 αὐτῶν

354 2851 484 2935 πολλῆς
503 2852 709 2934 κατασκευῆς
731 2850 890 2932 δεομένας
912 2841 972 2932 ούχ
994 2840 1167 2934 ἡγησάμην
1189 2847 1275 2916 εἶναι
1297 2842 1444 2934 άρμόζον
1466 2853 1509 2933 τῇ
1527 2872 1659 2934 προκει-

352 2951 435 3036 μένη
457 2943 620 3031 συντάξει.

303 3066 336 3119 25
436 3043 535 3116 κακά
558 3051 684 3130 τοίνυν,
707 3047 736 3114 εἰ
756 3049 817 3133 μὲν
839 3043 882 3115 τά
903 3051 1030 3132 κυρίως
1045 3038 1160 3128 οὕτως
1175 3039 1407 3134 ὀνομαζόμενα
1421 3042 1575 3130 ἐξακούω
1599 3073 1659 3128 τις,

355 3141 493 3229 όθεὸς
528 3141 568 3216 ού
598 3150 833 3231 πεποίηκεν,
864 3139 951 3214 άλλά
983 3163 1055 3228 τοῖς
1089 3150 1357 3234 προηγουμένοις
1386 3141 1494 3215 αύτοῦ
1526 3147 1659 3232 ἔργοις

355 3239 452 3335 όλίγα
476 3242 525 3328 ῶς
545 3240 632 3332 πρὸς
654 3242 718 3332 τὴν
732 3250 814 3313 τῶν
836 3237 931 3316 όλων
952 3242 1104 3331 διάταξιν
1131 3243 1345 3333 τυγχάνοντα
1370 3241 1657 3334 ἐπηκολούθησεν,

355 3337 470 3432 ῶσπερ
501 3348 731 3414 ἐπακολουθεῖ
764 3361 836 3425 τοῖς
866 3350 1134 3433 προηγουμένοις
1168 3351 1231 3415 τοῦ
1261 3351 1423 3426 τέκτονος
1452 3345 1581 3431 ἔργοις
1612 3341 1655 3413 τά

357 3443 521 3532 ἑλικοειδῆ
542 3449 688 3532 ξέσματα
708 3448 764 3514 καὶ
785 3448 955 3532 πρίσματα
972 3452 1028 3514 καὶ
1050 3462 1122 3527 τοῖς
1144 3441 1336 3532 οἰκοδόμοις
1353 3462 1464 3514 ποιεῖν
1485 3449 1597 3513 δοκεῖν
1616 3441 1659 3512 τά

304 3564 338 3618 30
355 3549 583 3632 παρακείμενα
598 3560 672 3626 ταῖς
687 3547 879 3630 οἰκοδομαῖς
895 3540 1038 3630 ώσπερεὶ
1060 3539 1184 3632 κόπρια
1199 3540 1443 3616 άποπίπτοντα
1462 3549 1535 3611 τῶν
1550 3547 1661 3611 λίθων

355 3649 410 3712 καὶ
432 3649 493 3732 τῆς
514 3649 639 3725 κονίας.

438 3747 518 3813 LVI.
555 3745 595 3811 Εἰ
617 3747 653 3812 δὲ
675 3741 717 3812 τά
738 3749 1015 3830 καταχρηστικῶς
1029 3737 1143 3824 ούτως
1159 3737 1400 3832 ὀνομαζόμενα,
1415 3735 1577 3828 λεγόμενα
1592 3763 1657 3808 σω·

271 3866 339 3921 158¹*
356 3839 480 3931 ματικά
502 3840 602 3912 κακά
622 3848 626 3926 ἰ
644 3849 701 3912 καὶ
722 3838 829 3926 ἐκτὸς,
857 3845 908 3922 τίς
930 3866 1020 3930 φησι,
1048 3838 1202 3913 δεδόσθω
1231 3837 1301 3913 ἔσθ’
1329 3835 1387 3913 ότε
1415 3837 1551 3910 τούτων
1581 3837 1656 3908 τινὰ

441 4011 634 4075 εωωι.
652 4010 1408 4081 -εωωωῃεῶιυρωεωω,

441 4142 718 4218 όέντυγχανόντων]
737 4165 756 4216 γ
773 4145 945 4216 ssbergeschr.
963 4151 988 4202 Δ
1009 4149 1013 4216 Ι
1032 4149 1046 4202 7
1064 4149 1095 4216 <o
1088 4139 1109 4214 )
1129 4148 1193 4216 stige
1211 4147 1256 4199 ich
1274 4147 1325 4199 mih
1343 4145 1414 4199 Mu.
1427 4146 1481 4200 den
1492 4150 1593 4214 Aungg.
1606 4143 1659 4208 ein,

356 4233 411 4302 vgl.
430 4233 501 4286 oben
520 4233 557 4286 VI
576 4232 652 4296 548
654 4231 772 4286 ,12571
786 4235 817 4284 11
834 4233 837 4296 Ι
853 4233 872 4286 θ
890 4230 1050 4287 τεθεικέναι
1067 4236 1092 4286 Α
1110 4228 1253 4286 ἐκτιθέναι
1272 4231 1406 4300 MAusgg.
1422 4233 1483 4299 110
1500 4229 1591 4285 αἰπεῖαν
1606 4226 1661 4297 μὲν

355 4311 426 4386 -1-ἰγ
443 4317 535 4371 PDel.
556 4318 560 4384 Ι
581 4317 620 4372 15
641 4311 804 4387 βιώσαντας
826 4315 975 4386 ΜΑαεχρ,
999 4317 1053 4387 vgl.
1073 4317 1121 4370 das
1144 4317 1273 4386 folgende
1295 4317 1368 4372 Part.
1385 4319 1449 4370 Aor.
1469 4310 1658 4384 ποιήσανταςς

354 4397 516 4474 βιώσοντες
533 4405 558 4455 Α
581 4404 586 4469 Ι
609 4397 636 4455 εἰ
652 4395 687 4455 τά
706 4393 798 4464 ὄντως
820 4392 923 4468 (ὄντας
940 4401 981 4454 als
999 4401 1144 4472 Conjectm·
1160 4402 1211 4456 Ηδ.
1230 4419 1275 4456 am
1287 4401 1377 4470 Rand)
1396 4401 1439 4472 Sp.
1449 4400 1508 4454 Del.
1525 4400 1565 4454 im
1581 4399 1659 4464 Text,

355 4479 416 4542 εἶτα
435 4477 527 4550 οότως
544 4487 567 4539 Δ
583 4488 587 4554 1
605 4486 642 4542 16
660 4479 819 4556 πεποιήκει]
837 4487 992 4556 πεποίηκεν
1009 4486 1067 4541 Del.
1083 4489 1087 4556 1
1103 4487 1143 4542 20
1162 4481 1243 4556 (οὐκ)
1262 4491 1335 4541 εοίιε
1352 4487 1396 4540 ich
1416 4501 1512 4555 wegen
1528 4486 1577 4540 dor
1589 4485 1614 4538 Z.
1627 4485 1661 4540 22

355 4571 503 4642 folgenden
525 4570 621 4626 Worto
654 4565 787 4636 πολλάς
812 4565 1009 4640 τυγχανούσας
1035 4572 1079 4626 ein
1103 4575 1107 4640 Ι
1132 4571 1168 4626 21
1193 4565 1463 4642 α’ναγιγνώσκοντας
1490 4570 1625 4640 MAnsgg.
1655 4569 1658 4636 ἰ

355 4655 394 4712 27
412 4651 640 4725 έπϊκολούθησεν
656 4659 689 4709 A.
