3790 5526
339 426 398 488 152
647 417 872 475 ΩΡΙΡΕΝΟΥΣ
893 418 995 472 ΚΑΤΑ
1017 418 1180 474 ΚΕΔΣΟΥ
1204 419 1246 478 vl
1268 418 1310 474 80.
1328 419 1370 474 81.

336 577 558 670 πράττοντας
590 575 631 650 οῦ
659 575 767 668 μόνον
795 577 857 652 σῦκ
884 582 977 652 εἶπεν
1006 577 1292 666 ένθεωτάταυς
1320 576 1406 653 ἀλλὰ
1426 587 1482 652 καί
1503 576 1649 652 αὐτίκα

337 677 649 769 ἀπολουμένους.
684 685 790 752 τοῦτο
813 685 873 770 μὲν
891 675 955 770 ἤδη
978 688 1035 751 καί
1057 676 1105 764 οῦς
1125 679 1288 768 μαντικὸς
1311 686 1398 770 λέγει
1419 686 1496 767 περὶ
1519 677 1646 766 αὐτῶν,

337 777 399 869 σῦχ
429 775 523 868 όρτῦν
550 785 662 852 πᾶσαν
689 778 754 869 τὴν
774 787 851 870 περὶ
871 775 1088 862 Ἰουδαίους
1117 787 1173 851 καί
1196 779 1260 870 τὴν
1281 779 1405 870 σεμνὴν
1425 777 1531 852 πάλαι
1553 792 1648 852 πολι-

336 887 431 951 τείαν
454 876 571 952 αὐτῶν
592 885 665 952 τοῦ
687 885 789 952 θεοῦ
812 885 1017 970 οἰκονομίαν,
1040 887 1095 949 καὶ
1117 875 1165 964 οῦς
1180 886 1275 970 „affl
1290 883 1428 952 ἐκείνων
1443 879 1648 968 ,παραπτώ-

302 994 318 1048 5
336 1008 417 1069 ματι
444 974 465 1069 ἡ
491 986 664 1069 σωτηρίαίί
686 985 860 1070 γεγένηται
887 997 981 1064 ,τοῖς
1002 981 1163 1050 ἔθνεσιίί
1184 987 1240 1050 καὶ
1266 977 1329 1065 ,τό
1350 977 1570 1070 παράπτωμα
1592 978 1648 1051 αῦ-

339 1086 412 1150 τοῦν
440 1085 591 1161 πλοῦτος
618 1075 746 1168 κόσμου
771 1087 828 1150 καὶ
855 1077 896 1149 τό
918 1071 1053 1168 ἦττημα
1075 1075 1191 1150 αὐτῶν
1211 1085 1365 1162 πλοῦτος
1385 1084 1554 1152 ἐθνῶνίί·
1585 1080 1649 1162 ἕως

337 1175 400 1264 ,τὸ
426 1175 597 1268 πλήρωμα
624 1185 698 1250 τῶν
724 1183 859 1250 ἐθνῶν
885 1184 1052 1266 είσέλθη,“
1080 1181 1135 1250 ἳνα
1159 1177 1243 1267 μετὰ
1270 1184 1377 1250 τοῦτο
1403 1185 1521 1263 ,,πᾶς,“
1544 1174 1585 1250 όν
1606 1175 1648 1250 οῦ

339 1295 412 1350 νοεῖ
433 1283 571 1364 Κέλσος,
592 1273 759 1367 ,,Ἰσραὴλ“
781 1284 888 1365 σωθῇ.

422 1380 558 1446 LXXXI.
598 1374 666 1448 Οῦκ
692 1377 768 1448 olda
794 1373 826 1446 δ’
851 1371 946 1459 ὅπως
968 1387 1051 1468 φησί
1071 1384 1147 1466 περὶ
1174 1383 1245 1448 τοῦ
1270 1382 1374 1449 θεοῦ
1397 1369 1452 1448 ότι
1474 1371 1493 1448 ό
1514 1373 1647 1448 πάντα

289 1487 322 1542 10
340 1477 455 1559 εἰδὼς
477 1481 601 1547 τοῦτο
625 1471 698 1547 οῦκ
716 1472 925 1566 ἠπίστατο,
943 1470 1006 1548 ότι
1026 1496 1165 1560 κακοῖς
1185 1471 1425 1563 ἀνθρώποις
1445 1483 1510 1546 καί
1527 1471 1647 1564 ἆμαρ-

341 1579 581 1665 τησομένοις
616 1581 681 1646 καὶ
716 1573 958 1647 κσλάσουσιν
994 1573 1113 1647 αῦτοῦ
1150 1573 1222 1646 τόν
1259 1573 1349 1646 υίόν
1377 1581 1530 1664 πέμπει
1573 1569 1645 1644 ἀλλ’

341 1676 430 1746 ἔοικε
459 1680 524 1746 νῦν
553 1681 614 1763 μὲν
646 1675 735 1746 ἑκών
760 1679 980 1765 ἐπιλελῆσθαι
1011 1681 1075 1747 τοῦ
1102 1673 1295 1763 φάσκοντος
1321 1670 1426 1762 λόγου
1457 1669 1648 1759 πάντα,ά

343 1783 491 1847 πείσεται
512 1770 635 1863 Ἰησοῦς
657 1769 676 1845 ό
699 1776 861 1862 Χριστὸς,
884 1781 1140 1864 προεωρακέναι
1165 1781 1250 1865 θείῳ
1277 1773 1486 1864 πνεύματι,
1512 1780 1568 1844 καί
1590 1803 1646 1845 πε-

343 1879 614 1962 προφητευκέναι
644 1873 725 1957 τοῦς
760 1879 831 1945 τοῦ
864 1879 963 1946 θεοῦ
992 1872 1187 1964 προφήτας·
1221 1874 1273 1957 οίς
1302 1870 1365 1962 οῦχ
1396 1877 1512 1946 ἕπεται
1536 1873 1578 1945 τὸ
1604 1872 1649 1962 μὴ

294 1986 325 2039 15
343 1977 524 2063 ἐγνωκέναι
555 1972 627 2046 τόν
657 1971 756 2045 θεόν
787 1968 850 2044 ότι
875 1991 1013 2056 κακοῖς
1038 1981 1102 2044 καί
1123 1969 1470 2064 ἁμαρτανομένοις
1491 1969 1650 2061 άνθροό·

342 2101 434 2156 ποις
467 2077 612 2161 πέμπει
642 2071 715 2144 τόν
746 2071 834 2143 υίόν
863 2081 928 2144 καί
958 2070 1199 2144 κολάσουσιν
1225 2067 1342 2144 αῦτόν.
1385 2067 1516 2156 εῦθέως
1542 2079 1578 2145 δὲ
1600 2079 1651 2142 λί-

344 2202 392 2262 γει
423 2171 466 2244 τὸ
500 2167 623 2243 πάλαι
656 2177 784 2243 ταῦτα
811 2178 1082 2261 προειρῆσθαι
1113 2177 1150 2244 ἐν
1179 2168 1347 2265 ἀπολογίᾳ
1376 2168 1433 2260 ὑφ’
1466 2168 1563 2261 ἡμῶν
1591 2177 1650 2244 λέ·

344 2281 491 2360 γεσθαι
1545 2301 1548 2306 ·

430 2365 503 2441 ἀλλ’
527 2373 598 2440 ἐπεὶ
631 2365 782 2457 αῦτάρκη
806 2375 811 2455 Ι
832 2368 1043 2459 περιγραφὴν
1074 2375 1210 2459 εἴληφεν
1241 2365 1261 2442 ό
1287 2371 1384 2455 ἕκτος
1411 2367 1509 2461 ἡμῶν
1535 2367 1649 2460 τόμος,
1667 2397 1720 2452 694

294 2480 329 2534 20
347 2465 453 2540 αῦτσῦ
479 2497 547 2540 που
572 2466 850 2552 καταπαύσαντες
874 2466 1064 2558 τὸνλόγον
1086 2466 1258 2560 ἀρξόμεθα
1277 2477 1362 2542 θεοῦ
1384 2467 1538 2553 διδόντος
1560 2467 1649 2554 ἑβδό-

344 2593 423 2658 μου·
455 2572 492 2640 ίν
515 2559 543 2657 ᾧ
567 2565 724 2640 άπαντῦν
745 2575 873 2656 νομίζει
894 2565 983 2656 πρὸς.
1002 2567 1043 2640 τὸ
1065 2565 1122 2657 ὑφ’
1139 2566 1236 2660 ἡμῶν
1257 2575 1446 2659 λέγεσθαι
1467 2569 1548 2651 τοῦς
1568 2597 1650 2656 προ·

345 2665 457 2757 φὴτας
481 2665 614 2738 πάντα
640 2666 683 2739 τά
708 2673 783 2756 περί
811 2673 874 2738 τοῦ
894 2664 999 2758 Ἰησοῦ
1020 2675 1315 2759 προειρηκέναι.
1357 2664 1443 2759 ἅπερ
1465 2672 1537 2739 ἐπεὶ
1559 2673 1650 2738 πλεί-

346 2764 410 2838 ονά
438 2771 509 2838 ἐστι
536 2773 592 2838 καί
621 2774 780 2850 πλείονος
807 2763 913 2856 λόγου
939 2773 1045 2838 δεῖται
1071 2775 1134 2841 τοῦ
1154 2767 1241 2856 πρὸς
1263 2766 1364 2852 αῦτὰ,
1387 2763 1469 2840 οῦτε
1491 2763 1650 2856 διακόψαι

344 2863 576 2956 ἐβουλήθημεν
597 2862 665 2937 ῦπό
687 2871 751 2937 τοῦ
771 2873 934 2955 μεγέθους
956 2863 1219 2956 ἀναγκαζόμενοι
1240 2875 1304 2940 τοῦ
1325 2875 1455 2952 βιβλίου
1469 2864 1549 2938 οῦτε
1564 2864 1649 2956 ὑπὲρ

292 2977 326 3032 25
346 2971 409 3036 τοῦ
429 2964 474 3054 μὴ
497 2961 656 3053 διακόψαι
678 2961 867 3054 τὸνλόγον
888 2972 1045 3054 μέγιστον
1066 2973 1206 3056 ποιῆσαι
1227 2975 1282 3039 καί
1304 2964 1388 3057 ῦπὲρ
1404 2965 1445 3039 τό
1460 2966 1650 3056 σύμμετρον

344 3062 408 3136 τὸν
431 3067 531 3136 ἕκτον
553 3061 669 3154 τόμον.

429 3233 448 3289 ι
472 3233 748 3304 vgl.Rom.11,11.
770 3265 804 3274 -
826 3235 845 3292 ε
868 3234 931 3304 Vgl.
949 3235 1027 3290 Ram.
1046 3237 1087 3302 11,
1105 3237 1146 3291 ιε.
1169 3267 1202 3275 -
1227 3239 1242 3295 τ
1262 3236 1326 3307 Vgl.
1344 3237 1421 3292 Rom.
1440 3239 1480 3304 11,
1498 3239 1539 3292 25.
1558 3237 1599 3292 26.
1618 3265 1651 3276 -

347 3318 382 3374 ιε
401 3317 464 3388 vgl.
482 3319 550 3376 nuk.
568 3321 610 3384 ει,
628 3320 669 3375 26.
686 3319 728 3373 ιτ.

430 3469 469 3526 18
492 3465 756 3542 πεπροφητευκέναι
782 3470 829 3538 Sp.
838 3469 898 3524 Del.
919 3469 1187 3541 προπεφητευκέναι
1207 3472 1291 3526 Ano.
1316 3461 1324 3540 ΙΙ
1343 3471 1382 3528 28
1410 3465 1483 3528 αὐτὰ
1506 3490 1555 3526 αυτ
1578 3465 1651 3526 αι’τά

345 3569 411 3606 corr.
439 3557 464 3608 A
486 3554 491 3622 1
521 3554 560 3610 26
587 3553 641 3607 mib
666 3547 759 3616 τόμον
786 3553 905 3622 endigt
932 3554 982 3608 das
1007 3555 1054 3610 VI.
1081 3556 1158 3610 Buch
1185 3557 1236 3610 auf
1258 3557 1305 3612 sol.
1330 3558 1412 3620 166';
1442 3557 1534 3611 hinter
1557 3551 1652 3624 τόμον

345 3637 394 3690 das
412 3635 562 3692 ornament
579 3657 585 3690 :
600 3667 626 3683 a
644 3637 795 3692 siebenmal
812 3637 987 3706 wiederholt,
1006 3639 1136 3694 darunter
1153 3657 1208 3694 von
1225 3643 1246 3697 I.
1264 3641 1297 3696 H.
1315 3641 1367 3695 mit
1388 3641 1540 3694 schwarzer
1556 3639 1650 3693 Tinte:

344 3713 413 3851 ΣΕ
434 3745 545 3818 τὲλ<ος>
563 3753 616 3804 τοῦ
637 3743 722 3804 έκταν
738 3742 831 3816 τόμον
852 3714 921 3854 >ζ<
939 3752 972 3804 Α.
