3780 5532
608 491 707 546 RATA
735 491 893 546 ΚΕΔΣΟΥ
914 491 973 549 vn
998 493 1040 548 64.
1057 491 1098 547 65.
1116 491 1157 547 66.
1492 499 1566 560 215.

249 653 350 745 δόξης
371 663 445 728 τῶν
467 661 598 726 τέκνων
620 659 683 726 τοῦ
703 659 808 725 θεοῦ“
829 660 885 724 καὶ
907 645 963 724 ότι
984 647 1026 742 ,ἦ
1053 647 1308 742 ἀποκαραδοκία
1330 659 1391 744 τῆς
1411 659 1553 736 κτίσεως

250 754 314 845 τὴν
341 751 557 842 ἀποκάλυψιν
583 761 657 826 τῶν
683 756 770 824 υίοόν
796 757 860 823 τοῦ
884 757 970 822 θεοῦ
991 747 1230 840 άπεκδέχεταιίί
1251 760 1308 824 καί
1331 748 1385 826 ότι
1406 760 1471 843 ,τῇ
1491 781 1551 840 μα-

250 851 409 943 ταιότητι
436 849 457 945 ἡ
482 859 589 936 κτίσις
614 849 778 941 ῦπετάγη,
809 846 869 939 οῦχ
896 851 1017 923 ἑκοῦσα
1047 845 1134 923 ἀλλὰ
1161 850 1215 922 διὰ
1243 850 1307 924 τόν
1332 849 1552 939 ῦποτάξαντα

165 953 301 1026 1881έπ’
324 959 464 1039 έλπίδι,“
485 960 541 1026 καὶ
567 952 612 1042 μὴ
637 952 704 1042 μὴν
724 957 780 1022 καὶ
802 956 872 1021 δεῖν
895 956 900 1035 Ι
923 949 966 1020 τά
994 954 1049 1022 ἐπὶ
1071 958 1115 1040 τῇ
1135 957 1269 1043 δουλείᾳ
1292 959 1374 1042 ,τῆς
1396 957 1552 1040 φθορᾶςίί

215 1061 304 1126 ὅκαὶ
335 1059 389 1126 ἐπὶ
420 1061 484 1143 ,τῇ
509 1050 733 1143 ματαιότητικ
762 1047 1020 1139 ῦποτεταγμένα
1050 1057 1107 1121 καί
1135 1048 1208 1136 ,ἐπ’
1229 1055 1360 1124 έλπίδιίί
1381 1057 1552 1142 κρείττονι

248 1161 357 1225 ταῦτα
385 1150 587 1243 πράττοντα
616 1157 654 1224 ἐν
681 1151 774 1243 χώρᾳ
805 1154 906 1238 τιμᾶν
936 1154 1021 1220 θεοῦ
1050 1155 1115 1221 τοῦ
1140 1147 1318 1234 άνενδεοῦς
1343 1146 1366 1241 ἢ
1393 1158 1457 1222 τοῦ
1477 1151 1552 1222 υίσῦ

248 1251 428 1324 αὐτοῦκαὶ
449 1248 677 1344 πρωτοτόκου
698 1248 827 1340 ,πάσης
845 1255 1014 1332 κτίσεως.“
1050 1246 1145 1338 ἀρκεῖ
1164 1255 1283 1322 τοίνυν
1305 1249 1391 1338 πρὸς
1412 1255 1552 1332 ἐκείνοις

247 1359 303 1422 καὶ
324 1359 433 1424 ταῦτα
453 1360 530 1442 περὶ
551 1360 616 1424 τοῦ
637 1359 799 1440 Περσῶν
825 1351 984 1432 ἔθνους,
1011 1349 1166 1437 βασμοὺς
1191 1359 1248 1423 καὶ
1273 1347 1478 1440 ἀγάλματα
1499 1353 1550 1420 ἐκ·

248 1457 468 1542 τρεπομένων
491 1448 731 1542 λατρευόντων
752 1456 788 1522 δὲ
808 1457 873 1538 ,τῇ
894 1453 999 1520 κτίσει
1020 1447 1112 1538 παρὰ
1135 1447 1198 1520 τόν
1218 1458 1412 1521 κτίσαντα.“

198 1577 231 1632 10
330 1556 400 1622 ἐπεὶ
423 1559 458 1622 δὲ
484 1559 540 1622 καὶ
566 1550 631 1640 τὴν
649 1545 905 1640 Ἡρακλείτου
926 1554 1099 1637 παρέθετο
1119 1554 1218 1634 λέξιν,
1241 1545 1550 1639 ῦποδιηγησάμενσς

247 1646 355 1739 αὐτὴν
380 1647 676 1740 ῦπσσημαίνουσαν
704 1646 870 1740 η’λίθιον
898 1649 981 1718 εἶναι
1011 1645 1057 1720 τὸ
1087 1667 1193 1732 ,τοῖς
1215 1645 1460 1739 άγάλμασιν“
1488 1643 1549 1719 εῦ-

246 1759 399 1838 χεσθαι,
422 1748 490 1821 ἐὰν
511 1748 559 1839 μὴ
582 1749 756 1838 γινώσκη
777 1776 838 1831 τις
859 1747 1000 1832 ,θεοὺς
1021 1754 1086 1818 καὶ
1107 1741 1246 1836 ἥρωας,
1270 1753 1421 1833 οἵτινές
1442 1754 1547 1832 είσι,“

246 1854 386 1920 λεκτέον
408 1843 464 1920 ότι
483 1849 696 1938 γινώσκειν
716 1853 777 1936 μὲν
798 1849 868 1918 ἔστι
894 1846 993 1920 θεὸν
1014 1854 1069 1918 καί
1092 1846 1156 1920 τὸν
1176 1855 1343 1940 μονογενῆ
1365 1846 1471 1920 αῦτοῦ
1492 1855 1546 1918 καὶ

245 1947 326 2032 τοῦς
348 1954 588 2038 τετιμημένους
609 1943 677 2019 ῦπὸ
708 1953 805 2018 θεοῦ
838 1954 879 2036 τῇ
909 1946 1005 2032 θεὸς
1033 1955 1241 2041 προσηγορίᾳ
1268 1957 1325 2020 καὶ
1345 1953 1547 2038 μετέχοντας

194 2073 226 2126 15
245 2053 306 2137 τῆς
333 2044 503 2138 θεότητος
525 2045 640 2131 αῦτοῦ,
664 2047 797 2134 ἑτέρους
819 2041 923 2132 ὄντας
943 2045 1036 2137 παρὰ
1057 2045 1190 2131 πάντας
1210 2047 1290 2131 τοῦς
1310 2047 1430 2130 θεοὺς
1452 2054 1547 2132 ,τῶν

243 2151 408 2232 έθνῶν,“
442 2151 616 2233 ,οἵτινές
641 2152 740 2218 είσι“
761 2143 973 2236 ,,δαιμόνια“·
1002 2143 1043 2218 οῦ
1063 2146 1129 2237 μὴν
1152 2144 1300 2219 δυνατόν
1320 2153 1392 2220 ἐστι
1413 2154 1469 2218 καὶ
1490 2175 1545 2236 γι-

244 2245 413 2318 νώσκειν
435 2245 499 2318 τὸν
520 2244 618 2318 θεὸν
638 2253 694 2316 καί
715 2265 821 2332 ,τοῖς
843 2243 1088 2337 άγάλμασινίί
1111 2242 1307 2335 εὔχεσθαι.

325 2351 432 2418 LXVI.
452 2355 457 2432 Ι
478 2351 542 2416 Καὶ
558 2344 599 2418 οῦ
612 2342 720 2436 μόνον
735 2344 776 2418 τό
792 2342 977 2435 εὔχεσθαι
992 2364 1098 2431 ,τοῖς
1121 2343 1357 2436 άγάλμασιν“
1379 2341 1545 2436 ἠλίθιόν
1565 2361 1614 2414 741

242 2449 334 2516 ἐστιν
355 2440 442 2517 ἀλλὰ
464 2444 526 2536 γάρ
547 2451 602 2517 καὶ
625 2444 666 2516 τό
686 2443 1017 2536 συμπεριφερόμενον
1038 2464 1111 2530 τοὶς
1128 2457 1270 2530 πολλοῖς
1283 2456 1543 2534 προσποιεῖσθαι

191 2569 225 2624 20
241 2564 350 2628 ,τοῖς
376 2541 617 2635 οἷγάλμασινκ
638 2541 842 2634 εὔχεσθαι,
865 2541 988 2616 δποῑον
1007 2552 1164 2616 ποιοῦσιν
1180 2550 1213 2618 οί
1227 2545 1270 2616 τὰ
1286 2542 1354 2618 άπὸ
1370 2553 1433 2617 τοῦ
1447 2553 1543 2634 Περι-

227 2641 354 2715 πάτου
384 2651 653 2734 φιλοσοφοῦντες
682 2651 737 2716 καὶ
767 2646 799 2715 οί
829 2643 872 2716 τά
894 2643 1092 2734 Ἐπικούρου
1120 2639 1141 2734 ἢ
1165 2651 1375 2736 Δημοκρίτου
1400 2641 1544 2732 άσπαζό·

240 2768 349 2833 μενοι·
372 2741 556 2834 οὐδὲνγὰρ
579 2741 688 2817 νόθον
706 2743 769 2834 χρὴ
792 2741 991 2834 ἐνυπάρχειν
1013 2748 1050 2816 έν
1072 2751 1115 2832 τῇ
1137 2752 1227 2834 ψυχῇ
1249 2751 1312 2816 τοῦ
1333 2741 1475 2834 άληθῶς
1498 2749 1543 2828 είς

241 2841 282 2912 τό
305 2854 402 2914 θειον
424 2839 587 2929 εῦσεβσῦς.
628 2840 668 2916 οό
690 2852 840 2934 τιμῶμεν
861 2847 897 2914 δέ
919 2843 967 2915 τὰ
989 2839 1195 2934 ἀγάλματα
1216 2851 1272 2916 καὶ
1295 2851 1349 2915 δια
1371 2873 1412 2916 το
1434 2873 1478 2934 μη
1502 2874 1543 2916 το

242 2934 324 3012 όσον
353 2938 408 3029 ἐφ’
434 2938 512 3032 ἡμῖν
541 2951 769 3015 καταπίπτειν
803 2946 848 3024 είς
878 2939 1053 3032 ὑπόληψιν
1083 2943 1148 3033 τὴν
1177 2952 1254 3032 περὶ
1287 2951 1349 3016 τοῦ
1381 2946 1466 3016 είναι
1496 2944 1542 3015 τὰ

189 3037 446 3130 25άγάλματα
485 3041 604 3125 θεοὺς
637 3043 780 3131 ἑτέρους.
823 3041 876 3114 διὸ
906 3050 959 3112 καὶ
991 3047 1197 3132 ἐγκαλοῦμεν
1228 3049 1347 3133 Κέλσῳ
1378 3050 1433 3114 καὶ
1463 3050 1544 3115 πᾶσι

242 3159 313 3222 τοις
342 3135 545 3230 ὁμολογοῦσι
573 3141 618 3231 μὴ
647 3144 732 3212 εἷναι
758 3148 886 3212 ταῦτα
912 3141 1031 3225 θεοῦς
1059 3136 1114 3214 ότι
1140 3149 1213 3213 τῶν
1236 3141 1437 3214 δοκούντων
1458 3143 1543 3214 εἶναι

240 3249 379 3327 σοφῶν
407 3247 463 3312 καὶ
489 3237 510 3330 ἦ
532 3248 718 3332 φαινομένη
739 3247 815 3329 περὶ
838 3239 885 3312 τά
915 3237 1122 3330 ἀγάλματα
1148 3239 1252 3331 τιμή·
1282 3233 1379 3329 ᾗκαὶ
1401 3238 1541 3314 άκολου·

239 3345 387 3422 θοῦνιες
409 3343 441 3411 οἱ
462 3347 583 3412 πολλοὶ
606 3338 646 3412 οῦ
666 3337 773 3431 μόνον
792 3337 879 3412 κατὰ
895 3339 1150 3430 συμπεριφορὰν
1172 3347 1300 3429 σέβειν
1323 3338 1409 3413 αὐτὰ
1432 3350 1541 3431 νομί-

240 3447 377 3524 ζοντες
405 3436 654 3529 ἁμαρτάνουσιν
680 3436 766 3512 ἀλλὰ
792 3439 854 3528 γὰρ
875 3447 931 3510 καὶ
951 3447 1225 3525 καταπίπτοντες
1248 3449 1290 3531 τῇ
1312 3449 1401 3531 ψυχῇ
1423 3445 1478 3514 ἐπὶ
1500 3439 1540 3512 τὸ

187 3561 222 3618 30
239 3546 417 3628 νομίζειν
451 3547 580 3611 ταῦτα
611 3541 696 3610 είναι
726 3538 845 3622 θεοὺς
874 3546 929 3610 καί
959 3535 1036 3628 μηδ
1058 3534 1294 3630 ἀνεχόμενοι
1324 3537 1459 3614 άκούειν
1485 3535 1541 3614 ότι

239 3633 300 3708 οῦκ
322 3643 383 3708 εἰσὶ
406 3645 535 3710 ταῦτα
556 3646 644 3711 θεοὶ
667 3637 709 3710 τά
731 3635 789 3711 ὑπ’
813 3635 929 3709 αὐτῶν
950 3637 1235 3728 προσκυνούμενα.

323 3744 450 3821 Κέλσος
471 3745 532 3828 μὲν
555 3730 619 3811 οῦν
641 3763 744 3829 φησιν
765 3735 850 3810 αῦτά
872 3736 916 3828 μὴ
948 3733 1133 3827 ἡγεῖσθαι
1162 3739 1281 3824 θεοὺς
1311 3736 1411 3813 ἀλλὰ
1433 3749 1540 3812 θεῶν

238 3833 492 3928 ἀναθήματα,
507 3837 552 3928 μὴ
574 3833 786 3922 ἀποδεικνὺς,
809 3845 883 3919 πῶς
906 3833 967 3908 οῦκ
990 3831 1190 3924 ἀνθρώπων
1212 3843 1272 3911 εἰσὶ
1299 3845 1426 3912 ταῦτα
1449 3836 1539 3911 ἀνα-

322 4007 435 4064 lnam.
454 4009 479 4075 8,
498 4011 538 4064 19.
556 4009 626 4064 -2
648 4009 769 4074 1111168,
787 4009 827 4063 20.
854 4037 886 4046 -
913 4007 932 4063 4
956 4007 1017 4076 Vgl.
1036 4007 1114 4062 Rom.
1131 4009 1155 4072 8,
1174 4011 1215 4064 21.
1233 4010 1275 4066 20.
1301 4041 1335 4050 -
1360 4011 1375 4066 ί
1398 4011 1460 4080 ng
1479 4011 1540 4066 Kol.

237 4093 318 4158 1,15.
340 4123 374 4134 -
396 4093 416 4150 9
440 4094 502 4164 Vgl.
525 4095 602 4149 Rom.
622 4099 648 4158 1,
667 4097 708 4151 25.
733 4123 768 4134 -·
795 4092 1162 4162 18v31.J0h.1,14.18.
1187 4095 1330 4158 3,16.18.
1359 4095 1449 4150 IJoh.
1467 4100 1496 4160 4,
1515 4097 1539 4152 9.

235 4207 268 4216 -
292 4177 331 4234 14
354 4177 417 4248 vgl.
435 4179 506 4233 Psal.
529 4181 669 4246 49,1.-
697 4179 735 4236 16
758 4177 822 4248 Vgl.
841 4177 912 4231 Psal.
930 4179 976 4240 95,
994 4180 1018 4232 5.
1040 4207 1074 4218 -
1102 4177 1140 4234 19
1163 4177 1225 4247 vgl.
1248 4179 1319 4233 oben
1341 4178 1455 4236 Exhort.
1474 4180 1538 4250 Cap.

235 4261 273 4316 VI
291 4280 315 4318 ο.
333 4266 365 4317 Α.
388 4263 444 4317 und
466 4263 499 4318 H.
518 4263 630 4331 Usener,
648 4263 782 4334 Epicurea
798 4281 824 4334 p.
843 4261 900 4325 259,
920 4264 952 4316 14
969 4261 1015 4316 Nr.
1034 4262 1092 4318 390.

321 4399 358 4454 12
376 4391 520 4470 γιγνώσκῃ
532 4401 665 4468 AAusgg'.
680 4400 685 4468 Ι
702 4399 740 4455 19
752 4393 922 4468 γιγνώσκειν
934 4397 1065 4466 AAusgg.
1080 4399 1084 4466 Ι
1099 4395 1140 4454 2⁰
1152 4392 1326 4471 Περιπάτου]
1340 4393 1434 4454 πάτου
1446 4415 1539 4454 ausser

233 4501 250 4538 τ
267 4500 293 4538 u.
312 4485 338 4536 d.
355 4485 428 4538 Δουί
445 4483 500 4537 fast
516 4499 588 4553 ganz
606 4483 810 4564 ausgebrophen
828 4484 872 4549 ΑΙ
893 4480 932 4536 22
951 4476 982 4536 έν
993 4491 1026 4541 <
1038 4485 1140 4552 Ausgg.
1157 4483 1214 4548 121
1234 4484 1283 4538 καί
1302 4483 1362 4554 (vor
1374 4475 1411 4554 ιΙΙΙ
1430 4483 1537 4554 γίνεται

233 4568 445 4708 ἔρξὲιεθίιρ1ΔΒο.
469 4567 566 4638 (Notae
586 4585 612 4638 p.
628 4569 689 4636 404)
708 4569 712 4636 Ι
732 4565 749 4637 ἡ
773 4570 798 4621 Α
822 4569 865 4632 σίς
888 4565 1099 4636 ΜῦῡΜυεςρ.
1118 4569 1123 4636 Ι
1143 4566 1182 4622 98
1207 4559 1380 4638 διτοδεικνῦς]
1405 4586 1419 4624 ε
1441 4585 1536 4639 ausge-
