3780 5538
613 525 712 580 ΚΑΤΑ
740 523 898 580 ΚΕΔΣΟΥ
921 523 995 581 vm
1013 523 1054 579 72.
1072 524 1112 578 73.
1131 525 1171 578 74.
1477 533 1534 596 291

236 693 386 777 πολέμου
410 683 665 773 καταλαβόντος
690 693 745 758 καὶ
767 687 847 771 τούς
868 690 966 777 ίερεῖς
988 683 1194 774 στρατεύετε.
1236 690 1265 755 εί
1286 713 1349 757 ουν
1371 684 1465 759 τοῦτ’
1489 688 1539 761 εύ-

237 783 348 876 λάγως
369 795 509 875 γίνεται,
536 785 633 879 πόσῳ
655 793 786 878 μᾶλλον
807 782 925 859 ἄλλων
946 790 1224 874 στρατευομένων
1243 791 1299 854 καὶ
1321 776 1420 858 οὗτοι
1441 812 1539 880 στρα·

236 885 394 958 τεύονται
415 886 463 970 ως
483 891 581 978 ἱερεῖς
603 895 665 961 τοῦ
687 893 772 958 θεοῦ
790 893 846 956 καὶ
868 892 1083 974 θεραπευταί,
1104 882 1259 974 καθαράς
1280 891 1341 972 μὲν
1356 895 1540 975 τηροῦντες
1612 897 1616 906 ’

237 986 297 1069 τάς
327 987 436 1074 δεξιάς
466 985 710 1077 ἀγωνιζόμενοι
744 992 779 1058 δὲ
810 985 865 1058 διὰ
896 993 969 1058 τῶν
999 983 1086 1073 πρὸς
1116 980 1202 1054 θεὸν
1229 981 1337 1072 εὐχῶν
1356 982 1443 1077 ύπερ
1465 999 1539 1061 τῶν

202 1091 371 1170 5δικαίως
406 1095 683 1179 στρατευομένων
716 1094 773 1157 καὶ
807 1081 893 1174 ύπέρ
930 1090 993 1155 τοῦ
1028 1091 1164 1167 δικαίως
1199 1083 1449 1172 βασιλεύοντος,
1484 1091 1540 1162 ἵνα

236 1185 278 1256 τά
310 1191 447 1259 ἐναντία
476 1186 592 1260 πάντα
621 1195 676 1259 καὶ
711 1185 816 1275 ἐχθρά
846 1203 919 1267 τοῖς
950 1191 1087 1265 δικαίως
1117 1180 1305 1272 πράττουσι
1334 1197 1541 1280 καθαιρεθῇ;

236 1281 327 1374 ἡμεῖς
355 1292 389 1357 δὲ
415 1295 471 1358 καὶ
493 1306 567 1370 ταῖς
588 1285 697 1375 εύχαῖς
714 1283 847 1368 πάντας
869 1290 930 1355 δαί
936 1311 1073 1374 μόνας,
1100 1283 1181 1366 τούς
1202 1289 1393 1372 ἐγείραντας
1415 1289 1457 1358 τά
1479 1317 1540 1360 πο-

236 1385 353 1472 λεμικά
380 1395 435 1456 καὶ
464 1381 586 1474 ὅρκους
611 1392 811 1476 συγχέοντας
836 1390 891 1456 καὶ
914 1383 978 1472 τὴν
1000 1381 1135 1472 εἰρήνην
1156 1381 1400 1470 ταράσσοντας,
1423 1397 1542 1459 καθαι-

237 1491 376 1572 ροῦντες
410 1491 541 1575 μᾶλλον
576 1494 768 1577 βοηθοῦμεν
803 1503 876 1567 τοῖς
914 1480 1144 1567 βασιλεύουσιν
1174 1477 1260 1571 ἤπερ
1296 1488 1327 1556 σί
1359 1492 1542 1572 δοκοῦντες

186 1595 219 1649 10
237 1583 488 1671 στρατεύεσθαι.
535 1591 816 1675 συμπονοῦμεν
847 1590 883 1656 δὲ
913 1601 987 1665 τοις
1016 1601 1145 1664 κοινοῖς
1174 1579 1364 1672 πράγμασιν
1394 1590 1426 1657 οἱ
1456 1591 1541 1678 μετά

237 1682 451 1773 δικαιοσύνης
481 1681 711 1774 ἀναφέροντες
741 1680 941 1772 προσευχάς,
972 1681 1032 1752 σύν
1058 1677 1213 1771 άσκήσεσι
1239 1689 1295 1752 καί
1321 1691 1474 1770 μελέταις
1496 1695 1542 1760 δι-

237 1781 435 1865 δασκούσαις
460 1803 691 1873 καταφρονεῖν
718 1779 854 1873 ἡδονῶν
879 1788 934 1852 καὶ
961 1779 1005 1870 μὴ
1033 1775 1174 1870 άγεσθαι
1201 1777 1257 1852 ὐπ’
1279 1779 1423 1856 αύτῶν.’
1450 1783 1541 1876 ἡμεῖς

237 1889 445 1971 καὶμᾶλλον
471 1879 779 1973 ύπερμαχοῦμεν
806 1887 879 1953 τοῦ
904 1885 1110 1966 βασιλέως·
1139 1887 1194 1950 καὶ
1216 1877 1258 1952 ού
1278 1884 1542 1971 συστρατευό-

237 1991 340 2069 μεθα
360 1989 421 2070 μὲν
444 1980 563 2072 αύτῷ,
590 1977 664 2054 κάν
685 1986 835 2069 έπείγη,
863 1977 1115 2068 στρατευόμεθα
1143 1985 1177 2050 δὲ
1198 1975 1285 2069 ύπέρ
1308 1979 1433 2055 αύτοῦ
1454 1991 1543 2060 ἴδιον

189 2097 220 2150 15
239 2077 472 2166 στρατόπεδον
501 2080 663 2167 εὐσεβείας
692 2085 957 2170 συγκροτοῦντες
988 2079 1042 2150 διά
1073 2087 1147 2150 τῶν
1177 2077 1263 2168 πρὸς
1294 2079 1334 2151 τὸ
1365 2092 1462 2155 θεῖον
1492 2091 1542 2158 ἐν-

239 2179 394 2268 τεύξεων.

321 2285 458 2350 LXXIV.
497 2287 537 2350 Εί
558 2286 595 2352 δέ
615 2279 771 2365 βούλεται
794 2276 878 2370 ἡμᾶς
901 2273 919 2349 ὁ
938 2283 1063 2360 Κέλσος
1084 2288 1139 2350 καί
1162 2298 1402 2368 στρατηγεῖν
1423 2279 1542 2374 <ύπέρ>

238 2387 447 2470 πατρίδος,
478 2385 562 2451 ίστω
592 2374 647 2451 ότι
676 2388 732 2451 καὶ
759 2385 868 2450 ταῦτα
893 2385 1065 2466 ποιοῦμεν,
1093 2375 1134 2448 ού
1159 2376 1244 2466 πρὸς
1266 2377 1307 2449 τὸ
1331 2392 1334 2462 1
1358 2387 1542 2464 βλέπεσθαι
1561 2393 1612 2451 798

237 2472 306 2550 ύπδ
338 2487 411 2550 τῶν
442 2475 641 2568 ἀνθρώπων
671 2487 726 2550 καί
756 2484 948 2564 κενοδοξεῖν
974 2473 1025 2548 ἐπ’
1048 2473 1164 2548 αὐτῶν
1185 2483 1293 2549 ταῦτα
1314 2478 1541 2570 πράττοντες·

186 2593 220 2648 20
237 2582 275 2649 ἐν
297 2579 359 2667 γάρ
381 2585 433 2668 τῷ
455 2584 597 2668 κρυπτῷ
621 2574 717 2667 ἡμῶν
742 2575 816 2648 κατ’
839 2573 923 2648 αὐτὸ
947 2574 989 2647 τὸ
1012 2572 1211 2665 ἡγεμονικὸν
1233 2574 1326 2666 εύχαί
1348 2586 1438 2668 εἰσιν,
1462 2581 1540 2656 άνα-

237 2675 447 2768 πεμπόμεναι
473 2676 521 2762 σάς
542 2675 611 2750 άπὸ
633 2680 752 2766 ίερέων
772 2673 857 2765 ύπέρ
879 2685 952 2749 τῶν
973 2683 1011 2748 ἐν
1037 2684 1080 2765 τῇ
1106 2684 1269 2765 πατρίδι
1296 2675 1399 2769 ἡμῶν.
1440 2689 1539 2772 Χρισ-

151 2785 348 2849 2161τιανοί
374 2784 379 2866 1
408 2785 443 2850 δὲ
476 2784 606 2867 μᾶλλον
636 2774 847 2866 εὐεργετοῦσι
878 2776 939 2858 τάς
969 2782 1164 2864 πατρίδας
1200 2771 1221 2866 ἢ
1257 2781 1289 2848 σί
1318 2787 1432 2852 λοιποί
1465 2793 1539 2855 τῶν

235 2874 450 2966 ἀνθρώπων,
477 2876 697 2961 παιδεύοντες
729 2877 809 2959 τούς
834 2883 978 2957 πολίτας
1003 2881 1059 2946 καὶ
1081 2871 1226 2960 εύσεβεῖν
1252 2875 1468 2965 διδάσκοντες
1493 2891 1539 2968 είς

236 2976 299 3047 τὸν
331 2983 452 3049 πολιέα
488 2975 582 3058 θεὸν,
613 2973 910 3066 ἀναλαμβάνοντες
940 2980 985 3057 είς
1015 2981 1112 3046 θείαν
1144 2974 1221 3046 τινὰ
1250 2985 1306 3047 καί
1333 2979 1540 3069 ἐπουράνιον

185 3091 217 3144 25
235 3072 338 3147 πόλιν
369 3076 448 3159 τοὺς
479 3080 516 3146 ἐν
547 3094 621 3158 ταῖς
647 3081 833 3165 ἐλαχίσταις
859 3071 978 3145 πόλεσι
1003 3083 1117 3156 καλῶς
1138 3075 1341 3159 βιώσαντας·
1370 3079 1456 3168 πρὸς
1478 3078 1539 3167 ούς

236 3180 370 3264 λέγοιτο
397 3170 453 3246 άν·
484 3179 553 3263 <έν>
580 3180 737 3264 ἐλαχίστη
763 3172 861 3246 πόλει
888 3173 1029 3261 ,πιστὸς
1055 3177 1205 3262 ἐγένου,“
1226 3166 1287 3263 ἡκε
1311 3183 1366 3247 καὶ
1392 3183 1447 3250 ἐπὶ
1474 3180 1539 3270 τὴν

234 3272 394 3364 μεγάλην,
428 3268 517 3346 ὅπου
546 3272 648 3357 ,θεὸς
679 3276 757 3364 ἔστη
787 3280 824 3346 ἐν
853 3281 1031 3362 συναγωγῇ
1058 3279 1163 3356 θεῶν,
1195 3279 1231 3345 ἐν
1257 3281 1347 3365 μέσῳ
1374 3283 1410 3348 δὲ
1436 3280 1540 3364 θεούς

219 3381 429 3462 Δδιακρίνει,κ
451 3380 506 3444 καὶ
542 3380 577 3444 σε
609 3382 828 3462 συναριθμῶν
863 3369 992 3456 αὐτοῖς,
1027 3371 1086 3443 ἐάν
1119 3379 1238 3461 μηκέτι
1270 3371 1317 3458 αίς
1351 3369 1538 3464 άνθρωπος

235 3469 458 3562 άποθνὴσκης
479 3470 559 3563 μηδ’
581 3470 650 3557 ,σός
672 3473 718 3555 εἷς
740 3481 813 3543 τῶν
836 3469 1035 3561 άρχύντωνί(
1057 3481 1192 3558 πίπτης.

321 3661 359 3716 18
377 3659 440 3729 Vgl.
459 3659 618 3725 TerIuIIian,
638 3660 679 3714 De
696 3659 761 3714 idol.
780 3660 845 3730 Cap.
857 3659 928 3714 XIX.
955 3659 995 3712 De
1014 3675 1113 3712 corona
1127 3659 1190 3730 Cap.
1203 3659 1248 3714 XI.
1268 3691 1301 3700 -
1320 3663 1358 3720 18
1379 3663 1440 3732 Vgl.
1453 3669 1538 3720 unten

236 3743 298 3797 VIII
323 3746 364 3809 75,
382 3744 407 3798 8.
425 3745 477 3799 292
498 3743 523 3797 Ζ.
542 3745 566 3799 2.
592 3775 625 3785 -
652 3743 693 3800 24
714 3743 997 3814 VgI.Hebr.11‚16.
1022 3745 1062 3804 12,
1081 3745 1122 3798 22.
1149 3774 1182 3784 -
1204 3744 1244 3800 28
1271 3745 1334 3815 VgI.
1353 3747 1418 3802 [ωλι.
1439 3751 1478 3813 19,
1498 3751 1538 3806 10.

235 3830 279 3894 19,
298 3831 329 3882 17
358 3828 467 3897 (Matth.
485 3829 531 3896 25,
549 3829 593 3897 21)
619 3829 676 3882 und
698 3834 730 3884 A.
749 3829 848 3892 Resch‚
871 3829 1002 3898 Agrapha
1022 3828 1060 3897 (T.
1078 3828 1111 3882 U.
1130 3829 1155 3881 V
1172 3831 1199 3896 4)
1221 3829 1248 3884 S.
1266 3833 1316 3884 144
1339 3831 1390 3901 [wo
1409 3833 1486 3900 VIII,
1505 3837 1538 3889 74

233 3915 301 3968 stat)
318 3913 390 3976 VIII,
407 3915 440 3967 47
459 3931 492 3967 zu
509 3913 584 3968 lesen
600 3914 655 3984 ist).
676 3945 704 3954 -
724 3914 761 3970 27
780 3913 852 3968 Ρεαί.
870 3915 912 3976 81,
932 3917 954 3968 ].
973 3943 1005 3952 -
1024 3913 1063 3968 28
1081 3913 1144 3983 vgl.
1162 3913 1234 3968 Psal.
1252 3915 1293 3981 81,
1312 3917 1336 3970 7.

318 4081 391 4136 2-8
409 4097 454 4136 am
471 4080 551 4136 Rand
569 4099 605 4152 ση
617 4083 652 4136 Αι
669 4083 708 4150 12
728 4078 942 4154 στρατεύονται]
963 4075 997 4136 ού
1014 4075 1219 4151 στρατεύονται
1232 4085 1367 4137 vermutet
1377 4083 1437 4140 Del.
1452 4085 1537 4154 (1797

232 4170 312 4220 Anm.
331 4165 359 4233 d)
378 4166 525 4234 unrichtig,
544 4165 599 4235 vgl.
617 4169 702 4222 unten
720 4167 747 4222 Z.
765 4170 817 4236 14)
837 4169 856 4224 8
880 4166 993 4230 δικαίως
1010 4165 1038 4218 in
1058 4165 1176 4228 δικαίοις
1193 4181 1260 4220 corr.
1279 4169 1303 4220 A
1319 4167 1357 4233 18
1380 4167 1472 4222 hinter
1488 4186 1537 4224 τα-

233 4244 398 4322 ράσσοντας
415 4253 450 4318 -1-
466 4253 523 4314 καί,
542 4250 612 4304 doch
630 4251 800 4320 expungiert)
818 4253 861 4320 ΑΙ
879 4252 917 4307 18
937 4243 1232 4319 συνεστρατευόμεθα,
1250 4250 1321 4304 doch
1338 4269 1352 4306 ε
1370 4255 1429 4320 (vor
1447 4253 1475 4321 ο)
1493 4269 1537 4307 ex·
1595 4317 1600 4332 ¹

232 4335 366 4405 pungIerA
385 4337 429 4403 A)
446 4335 482 4392 17
503 4329 603 4404 <ίιπερ>
621 4335 686 4404 Age
708 4335 754 4388 ich
771 4335 822 4390 mit
839 4335 883 4390 Jol
901 4337 957 4404 (am
975 4335 1062 4400 Rand)
1081 4333 1132 4388 Ηὸ.
1150 4333 1248 4402 (Notae
1267 4353 1292 4404 p.
1309 4334 1370 4403 496)
1388 4335 1448 4390 Βυί.
1465 4337 1510 4390 ein
1530 4339 1535 4406 )

232 4420 273 4475 29
290 4414 380 4488 εὐχαί]
404 4437 423 4474 α
441 4419 508 4472 halb
526 4419 731 4488 ausgebrochen
749 4423 774 4474 A
796 4423 801 4488 )
825 4420 864 4476 22
892 4420 945 4474 mi)
966 4417 995 4476 δὲ
1014 4419 1128 4488 beginnt
1144 4417 1191 4474 fol.
1210 4419 1268 4485 216,
1287 4436 1336 4474 vor
1353 4419 1453 4475 diesem
1474 4421 1537 4476 sind

232 4504 279 4559 sol.
297 4505 347 4557 211
365 4503 422 4557 und
440 4505 490 4558 215
509 4503 596 4558 salech
615 4503 791 4574 eingehestet,
808 4507 852 4574 A)
876 4505 916 4560 24
933 4501 1038 4560 πολιέα
1055 4501 1261 4573 VIVI-HAS)
1279 4506 1337 4558 τῶν
1353 4494 1431 4560 δ’λιυν
1448 4505 1537 4562 PDoI.

231 4589 332 4661 πολιάί
349 4604 397 4674 [so]
416 4605 515 4674 4128
533 4603 648 4675 λέγοιτο
668 4599 704 4660 άν
720 4624 769 4660 aus
787 4604 863 4675 λέγει
880 4600 916 4662 τὸ
934 4599 969 4661 ἐν
986 4623 1052 4660 corr.
1074 4608 1098 4659 A
1114 4607 1118 4675 )
1134 4601 1194 4676 <έν>
1213 4603 1278 4674 fuge
1293 4607 1339 4660 ich
1356 4607 1427 4661 nach
1445 4607 1467 4660 P
1484 4608 1537 4663 mit

232 4689 292 4744 Del.
310 4688 354 4742 ein
370 4691 374 4757 )
390 4689 427 4746 27
448 4683 516 4758 έστη
535 4692 636 4758 Ausgg.
655 4685 734 4746 ἐστὶν
751 4694 775 4745 A
795 4695 799 4759 )
819 4691 859 4749 28
877 4684 938 4761 ἐάν]
956 4685 1005 4745 ίνα
1026 4693 1162 4746 vermutet
1178 4691 1226 4745 Βο.
1245 4689 1342 4830 (Νμέρε
1359 4707 1384 4762 p.
1401 4692 1472 4760 409).
