3780 5532
632 459 729 512 ΚΑΤΑ
754 459 914 516 ΚΕΛΣΟΥ
936 462 1011 518 VIII
1033 463 1075 516 43.
1093 463 1134 515 44.
1151 463 1193 514 45.
1497 470 1558 532 259

253 622 317 688 τοῦ
346 614 473 707 κόσμου
502 618 590 709 πρὸς
621 622 846 711 Χριστιανοὺς
875 621 1018 714 εἰρήνην.
1060 624 1147 696 ἐπάν
1177 630 1212 695 δὲ
1242 630 1468 710 συλλέξωνται
1495 623 1559 714 τῆν

253 716 393 807 δύναμιν
415 725 470 788 καὶ
491 716 558 790 ύπὸ
581 727 642 810 τῆς
662 730 780 804 κακίας
802 721 1030 812 τυφλούμενοι
1056 722 1160 795 πάλιν
1185 719 1405 812 άμύνεσθαι
1430 730 1560 796 θέλωσι

166 819 308 888 215Υκαί
331 819 564 906 Χριίστιανούς
593 821 740 906 διώκειν,
769 819 874 893 πάλιν
905 821 1230 914 καθαιρεθῆσονται·
1259 829 1314 894 καὶ
1344 820 1425 896 τότε
1455 821 1560 896 πάλιν

251 920 285 987 αί
313 925 416 1006 ψυχαί
449 927 522 990 τών
553 917 783 1010 εὐσεβούντων
813 928 867 990 καὶ
898 918 940 991 δι’
963 919 1130 1012 εὐσέβειαν
1156 920 1403 1012 άποδυομένων
1429 922 1473 994 τά
1495 923 1559 994 σώ-

217 1037 340 1106 σματα
359 1025 544 1090 καθελοῦσι
567 1019 607 1092 τὸ
630 1028 694 1094 τοῦ
716 1027 871 1109 πονηροῦ
895 1019 1137 1111 στρατόπεδον.

333 1119 400 1206 ἐγώ
428 1113 461 1188 δ’
483 1121 574 1206 οίμαι
601 1113 657 1193 ότι
683 1117 880 1210 αἰσθόμενοι
902 1125 934 1192 οἱ
959 1127 1146 1212 δαίμονες
1173 1116 1229 1194 ότι
1257 1126 1289 1193 οί
1310 1128 1372 1211 μὲν
1393 1127 1559 1205 νικῶντες

250 1223 305 1286 καὶ
328 1213 369 1288 δι’
389 1213 556 1303 εύσέβειαν
580 1217 860 1310 άποθνῄσκοντες
887 1228 1113 1311 καθαιροῦσιν
1133 1219 1253 1295 αύτών
1275 1220 1340 1311 τῆν
1361 1227 1561 1292 δυναστείαν

251 1320 283 1386 οί
313 1321 349 1388 δὲ
380 1315 434 1389 διὰ
464 1319 547 1402 τοῦς
577 1317 706 1404 πόνους
737 1316 929 1410 ἡττώμενοι
959 1329 1014 1391 καὶ
1044 1321 1109 1411 τῆν
1137 1329 1331 1405 θεοσέβειαν
1357 1317 1559 1410 ἀρνούμενοι

250 1411 436 1506 ὑποχείριοι
457 1423 598 1504 έκείνοις
618 1429 785 1508 γίνονται,
806 1417 877 1491 ἔσθ’
901 1414 959 1494 ὅτε
980 1415 1304 1510 προσφιλονεικοῦσι
1325 1439 1398 1504 τοῖς
1420 1425 1558 1507 παραδι-

201 1533 234 1586 10
251 1520 404 1603 δομένοις
426 1524 654 1606 Χριστιανοῑς,
677 1520 725 1604 ώς
746 1517 1012 1609 κολαζόμενοι
1037 1528 1099 1610 μὲν
1124 1518 1192 1592 ύπό
1215 1527 1277 1610 τῆς
1299 1514 1481 1608 ὁμολογίας
1502 1515 1558 1588 αύ-

252 1621 325 1684 τών
350 1611 601 1707 ἀναπαυόμενοι
628 1626 663 1692 δὲ
685 1626 738 1692 ἐπὶ
765 1628 808 1709 τῆ
834 1616 969 1710 ἀρνήσει
997 1617 1120 1692 αύτών.
1164 1627 1218 1690 καὶ
1246 1623 1338 1690 ἔστιν
1364 1647 1400 1707 γε
1422 1616 1559 1689 τούτων

251 1717 325 1802 ἰ’χνη
348 1711 539 1788 θεάσασθαι
559 1726 614 1788 καὶ
637 1722 673 1790 έν
695 1738 769 1802 τοῖς
791 1725 976 1806 δικασταῖς,
998 1726 1288 1808 κολαζομένοις
1313 1725 1374 1808 μὲν
1395 1714 1463 1788 ῦπὸ
1486 1735 1559 1800 τοῖς

250 1809 455 1902 ύπομένουσι
489 1815 550 1900 τὰς
579 1823 686 1902 αἰκίας
722 1827 777 1889 καὶ
812 1818 875 1901 τάς
909 1816 1075 1903 βασάνους
1109 1825 1351 1908 γαυρουμένοις
1386 1823 1435 1902 δὲ,
1474 1811 1558 1888 ὅταν

251 1913 457 2002 Χριστιανὸς
484 1911 628 2005 ἡττηθῇ.
670 1924 725 1988 καὶ
752 1917 815 2006 γάρ
843 1915 920 1990 ούδὲ
948 1919 1001 1991 διὰ
1028 1925 1196 1991 δοκοῦσαν
1223 1914 1338 2000 αύτοίς
1360 1926 1559 2005 φιλανθρω-

201 2029 234 2082 15
251 2021 335 2084 πίον
356 2021 465 2086 ταῦτα
487 2022 632 2103 ποιοῦσι,
655 2026 773 2105 σαφῶς
789 2013 939 2106 ῦριῦντες
955 2012 1011 2092 ότι
1025 2014 1088 2108 ,,ῆ“
1102 2025 1163 2108 μὲν
1178 2025 1353 2106 ,,γλιῦσσα“
1369 2025 1442 2088 τών
1456 2043 1556 2087 νικω-

250 2118 365 2202 μένων
393 2111 461 2186 ύπό
494 2111 605 2186 πόνου
636 2111 830 2207 ὀμώμοκεν,
855 2114 898 2207 ,,ῆ
925 2123 960 2189 δὲ
982 2115 1094 2208 φρῆνκ
1117 2123 1210 2188 ἐστιν
1230 2113 1460 2205 ,,άνώμοτος.“
1502 2121 1558 2184 καὶ

252 2219 361 2284 ταῦτα
396 2209 429 2284 δ’
452 2220 499 2297 εἰς
530 2212 571 2286 τὸ
606 2212 689 2287 ἀλλ’
721 2208 837 2288 οῦτοί
872 2247 913 2307 γε
947 2226 1012 2288 καὶ
1048 2213 1203 2307 σφόδρα
1233 2213 1456 2306 ἀμύνονται
1486 2211 1558 2285 τὸν

249 2321 574 2404 βλασφημοῦντα,
603 2311 696 2404 ἤτοι
723 2314 926 2406 φεύγοντα
952 2315 1017 2388 διά
1044 2323 1169 2388 τοῦτο
1191 2322 1256 2388 καὶ
1277 2311 1557 2403 κρυπτόμενον

250 2406 271 2499 ῆ
294 2407 564 2503 άλισκόμενον
585 2421 650 2486 καί
671 2412 958 2507 ἀπολλύμενον.
993 2410 1058 2486 κάν
1081 2415 1203 2504 φεύγῃ
1222 2421 1260 2486 δέ
1272 2444 1326 2497 τις
1342 2411 1556 2503 Χριστιανὸς,

199 2531 233 2586 20
250 2507 292 2582 ού
323 2511 377 2583 διά
406 2518 533 2584 δειλίαν
567 2513 716 2605 φεύγει,
748 2511 833 2588 άλλά
865 2525 981 2606 τηρῶν
1010 2515 1156 2605 ἐντολὴν
1182 2521 1245 2586 τοῦ
1273 2511 1476 2586 διδασκάλου
1501 2520 1556 2584 καὶ

250 2610 372 2683 ἑαυτὸν
395 2611 582 2700 φυλάττων
603 2614 759 2706 καθαρὸν
779 2616 906 2704 ἑτέρων
929 2613 1252 2705 ώφεληθησομένων
1274 2621 1436 2704 σωτηρίη.

331 2734 424 2802 XLV.
456 2726 593 2822 Ἰδωμεν
625 2738 661 2804 δε
690 2742 746 2804 καὶ
776 2731 819 2804 τὰ
848 2733 921 2821 ἑξῆς
950 2725 1062 2814 οῦτως
1090 2735 1224 2820 έχοντα·
1252 2738 1291 2801 τί
1312 2736 1372 2801 δεῖ
1391 2734 1558 2800 καταλέ-

250 2856 334 2916 γειν
361 2823 432 2901 ὅσα
458 2835 500 2902 έκ
525 2839 779 2923 χρηστηρίων
801 2837 927 2902 τοῦτο
949 2836 1018 2920 μὲν
1039 2837 1249 2920 προφῆται
1269 2837 1334 2900 καὶ
1356 2826 1557 2918 προφῆτι-

249 2932 311 3011 δες
337 2935 463 3000 τοῦτο
491 2936 530 3000 δὲ
557 2927 672 3003 ἄλλοι
693 2927 862 3019 κάτοχοι
882 2939 948 3002 καί
969 2927 1112 3019 ἄνδρες
1133 2938 1200 3000 καὶ
1222 2948 1407 3018 γυναῖκες
1428 2934 1557 3018 ένθέῳ
1597 2973 1600 2982 ·

197 3036 363 3116 25φωνῆ
403 3049 622 3116 προειπον;
664 3026 734 3102 όσα
774 3036 813 3102 δὲ
849 3035 888 3116 ἐξ
929 3025 1089 3101 άδῦτων
1129 3027 1264 3100 αῦτών
1299 3025 1558 3118 ῆκούσθησαν

248 3123 465 3215 θαυμάσια;
493 3121 564 3198 ὅσα
594 3135 635 3200 δὲ
662 3133 701 3217 ἐξ
727 3132 886 3219 ἱερείων
911 3137 976 3200 καὶ
1003 3126 1197 3216 θυμάτων
1222 3147 1309 3210 τοῖς
1333 3135 1557 3216 χρωμένοις

248 3226 450 3317 ἐδηλώθη,
484 3221 555 3298 όσα
583 3224 617 3297 δ’
648 3233 688 3315 ἐξ
719 3225 854 3301 ἄλλων
887 3238 1115 3320 τεραστίων
1145 3224 1373 3316 συμβόλων,·
1408 3247 1495 3310 τοῖς
1523 3222 1556 3296 δ’

248 3330 392 3416 ἐναργῆ
422 3332 599 3416 παρέστη
626 3325 820 3418 φάσματα.
862 3327 1006 3418 μεστὸς
1033 3327 1196 3400 τούτων
1218 3323 1237 3398 ὁ
1259 3333 1336 3410 πᾶς
1357 3331 1442 3399 έστι
1464 3331 1556 3410 βίος.

246 3422 369 3496 πόσαι
397 3431 469 3516 μὲν
500 3423 637 3511 πόλεις
665 3431 706 3498 ἐκ
736 3435 992 3518 χρηστηρίων
1024 3425 1283 3518 ώρθώθησαν
1316 3435 1381 3498 καὶ
1414 3423 1557 3509 νόσους

197 3543 231 3598 30
247 3520 454 3598 άπέθεντο
476 3533 539 3597 καὶ
561 3527 715 3616 λιμοὺς,
737 3525 861 3599 πόσαι
883 3526 915 3599 δ’
931 3525 1174 3618 άμελῆσασαι
1196 3526 1358 3598 τούτων
1381 3520 1558 3614 ῆΙέκλα·
1575 3553 1625 3607 775

334 3729 372 3787 ιε
393 3730 453 3801 Vgl.
472 3730 602 3802 Euripid..
620 3733 755 3804 Hippolyt
771 3733 804 3788 v.
823 3734 881 3790 612.
901 3763 934 3772 -
953 3733 993 3789 εο
1012 3731 1074 3801 Vgl.
1092 3731 1192 3786 Μιιιε.
1211 3732 1251 3800 10,
1270 3731 1311 3786 23.

332 3915 351 3970 8
369 3909 572 3986 Χριστιανούς]
595 3917 647 3971 mit
665 3911 799 3983 στιανούς
820 3918 936 3988 beginnt
958 3933 1056 3987 wegen
1074 3917 1149 3972 einer
1169 3915 1416 3985 Blattverhestung‚
1436 3915 1479 3970 die
1498 3933 1556 3972 vor

247 3998 296 4053 der
313 3999 514 4070 Numeriemng
531 4002 735 4072 stattgefunden
756 4003 818 4067 hat,
841 4002 888 4057 fol.
907 4003 957 4058 215
975 4005 1042 4056 statt
1059 4001 1106 4056 sol.
1124 4002 1174 4056 204
1190 4002 1194 4069 Ι
1209 4002 1226 4056 ῦ
1245 3993 1455 4072 στρατόπεδον]
1475 4019 1490 4056 ε
1507 4019 1555 4056 aus

247 4101 362 4139 αιοοη.
381 4085 493 4154 11111
513 4079 591 4141 ἔστιν
607 4089 632 4142 Δ
652 4082 712 4143 ἔστι
730 4087 832 4155 Ausgg.
852 4088 856 4155 Ι
877 4087 915 4142 12
937 4080 993 4142 ὕπὸ
1013 4093 1075 4151 τοῖς
1096 4079 1281 4154 ὑπομένουσι]
1301 4075 1356 4140 ὑπὸ
1374 4091 1434 4139 τῶν
1451 4078 1555 4154 ῦπομε·

245 4163 356 4224 νόντων
379 4173 516 4225 vermutet
532 4171 592 4225 Del.
611 4173 633 4241 (Ι
652 4175 701 4226 774
719 4175 800 4225 Anm.
817 4171 846 4240 b)
864 4171 935 4226 ohne
953 4171 1048 4224 Grund
1063 4172 1067 4238 Ι
1084 4171 1122 4226 13
1140 4167 1350 4242 γαυρουμένοις
1366 4170 1469 4239 Ausgg.
1487 4188 1553 4240 γαυ-

245 4252 405 4325 ρουμένους
423 4257 467 4323 ΑΙ
484 4255 520 4311 17
542 4250 701 4324 α’μύνονται
718 4256 761 4328 Sp.
773 4255 841 4320 Del..
860 4256 915 4325 ναί.
935 4256 1007 4311 oben
1024 4255 1090 4308 VIII
1102 4259 1143 4321 41,
1162 4255 1187 4310 S.
1204 4255 1254 4311 255
1272 4253 1298 4307 Z.
1317 4253 1350 4307 19
1367 4271 1393 4308 u.
1406 4255 1447 4322 43,
1466 4253 1491 4307 S.
1504 4255 1555 4310 258

245 4337 271 4390 Z.
289 4341 336 4404 173
362 4332 538 4408 ἀμυνοῦνται
554 4340 636 4395 ΑΗδ.
656 4341 660 4408 1
681 4341 720 4397 Ιθ
738 4337 931 4408 α’λιοκόμενον
947 4343 991 4408 ΑΙ
1012 4340 1050 4396 21
1070 4339 1163 4394 hinter
1180 4333 1452 4409 ω’φεληθησομένων
1469 4345 1502 4403 -Ι-
1519 4343 1554 4410 τῇ

245 4433 334 4496 «σοι
351 4441 442 4497 ευρ.
462 4444 466 4510 ι
490 4443 529 4498 τε
555 4440 585 4498 ιε
605 4444 630 4496 A
652 4461 685 4513 γε
707 4444 809 4513 Ausgg.
834 4445 838 4510 ι
861 4443 972 4499 εε-εε
994 4460 1039 4498 ιω
1064 4441 1144 4496 Rana
1166 4425 1251 4504 καθ’,
1282 4439 1350 4494 uber
1372 4457 1387 4495 ε
1409 4439 1454 4494 ein
1471 4441 1553 4505 noch,

245 4525 331 4580 durch
348 4527 465 4582 welches
478 4527 618 4582 vielleicht
629 4529 674 4582 ein
686 4530 758 4582 Aeut
770 4530 885 4583 2012er
896 4527 1009 4582 worden
1021 4527 1064 4596 ist,
1076 4531 1102 4582 A
1116 4528 1121 4596 1
1136 4526 1176 4584 28
1195 4523 1325 4598 παρέστη
1343 4524 1442 4578 Maon.
1450 4525 1552 4594 Ausgg.

244 4605 366 4681 πάρεστι
383 4613 407 4664 Α
427 4615 431 4680 Ι
451 4613 491 4668 29
509 4603 697 4683 ώρθώθησαν
715 4617 747 4667 Α.
1331 4695 1346 4730 *

1294 4697 1325 4748 II
