3780 5532
653 498 754 554 ΚΑΤΑ
781 498 938 552 Amor
961 498 1019 556 vn
1041 497 1083 552 62.
1099 497 1142 553 63.
1159 497 1201 551 64.
1510 501 1569 565 213

268 653 327 747 ἀφ’
350 650 402 730 ῶν
423 654 614 749 ὁρμώμενοι
643 657 714 731 σύκ
742 656 953 749 ἀνέχονται
983 666 1092 730 ναῶν
1121 666 1185 730 καὶ
1207 654 1450 747 ἀγαλμάτων
1470 661 1503 728 οί
1525 656 1570 747 μὴ

268 755 504 849 άνεχάμενοί
532 788 568 849 γε
596 756 727 831 αὐτῶν·
756 756 808 845 ἵν’,
831 765 860 832 εί
887 765 949 848 μὲν
974 755 1041 831 άπὸ
1063 756 1168 849 ύχιῶν
1190 754 1371 847 δογμάτων
1393 754 1457 830 ούκ
1483 755 1570 828 άνέ-

266 887 392 948 χεται,
422 862 599 949 ἐπαινῆται
628 854 647 932 δ
676 858 721 949 μὴ
750 854 1004 949 ἀνεχόμενος,
1035 865 1063 932 εί
1092 855 1126 929 δ’
1153 854 1221 929 άπὸ
1250 861 1484 946 ἐσφαλμένων,
1513 861 1571 944 ψέ-

267 985 375 1048 γηται.

233 1075 249 1128 5
351 1057 498 1130 δυνατὸν
524 1057 586 1148 γάρ
613 1057 654 1129 τδ
680 1055 764 1131 αύτδ
792 1055 860 1131 άπὸ
887 1057 1064 1148 διαφόρων
1090 1055 1271 1147 δογμάτων
1292 1064 1452 1144 γίνεσθαι.
1496 1057 1570 1128 οῖον

267 1162 322 1230 ἐπὶ
349 1162 619 1247 παραδείγματος
647 1161 835 1230 ἐκκλίνουσι
864 1158 905 1230 τὸ
931 1157 1098 1249 μοιχεύειν
1123 1161 1156 1228 οί
1183 1156 1225 1228 τά
1252 1164 1314 1228 τοῦ
1337 1162 1480 1240 Κιτιέως
1508 1155 1569 1248 Ζή-

268 1285 380 1340 νωνος
408 1265 678 1346 φιλοσοφοῦντες
707 1255 791 1330 ἀλλὰ
819 1267 875 1330 καὶ
904 1262 936 1331 οἱ
966 1259 1008 1332 τά
1029 1256 1228 1347 Ἑπικούρου
1250 1261 1339 1340 τινὲς
1361 1261 1396 1329 δέ
1417 1265 1473 1327 καὶ
1495 1255 1570 1327 τῶν

267 1363 447 1440 παντελῶς
473 1362 634 1429 ἰδιωτῶν.
676 1355 751 1431 ἄλλ’
775 1352 837 1448 δρα
864 1352 926 1448 άση
952 1367 1124 1446 διαφωνία
1145 1361 1215 1428 ἐστὶ
1237 1363 1312 1444 περί
1336 1362 1397 1446 τῆς
1417 1362 1481 1426 τσῦ
1501 1384 1569 1445 μοι-

266 1452 375 1543 χεύειν
398 1460 574 1540 ἐκκλίοεως
596 1463 670 1529 τῶν
692 1459 885 1530 τοσούτων·
909 1462 941 1530 σί
962 1463 1023 1546 μὲν
1045 1456 1098 1528 διά
1121 1455 1162 1528 τὸ
1181 1454 1387 1528 κσινωνικδν
1403 1463 1459 1527 καὶ
1478 1455 1569 1544 παρὰ

219 1568 250 1621 10
268 1554 370 1641 φύσιν
400 1556 484 1626 εἶναι
512 1563 562 1644 τῷ
593 1565 718 1647 λογικῷ
749 1557 828 1648 ζῴῳ
854 1555 1014 1629 νοθεύειν
1040 1555 1105 1644 τὴν
1130 1552 1198 1627 ύπδ
1225 1561 1300 1626 τῶν
1325 1553 1441 1644 νόμων
1463 1557 1569 1645 ἑτέρῳ

267 1665 613 1744 προκαταληφθεισαν
641 1675 783 1746 γυναῖκα
810 1665 867 1728 καί
895 1663 1050 1745 φθείρειν
1081 1655 1146 1727 τὸν
1172 1651 1278 1726 ἄλλον
1304 1651 1497 1744 άνθρῶπου
1523 1657 1569 1726 σί-

267 1779 340 1836 κον,
372 1754 404 1824 οἱ
432 1761 467 1825 δὲ
495 1749 564 1826 άπδ
585 1751 785 1844 Ἐπικούρου
813 1751 855 1827 ού
882 1757 936 1828 διά
963 1759 1070 1826 τοῦτο
1098 1751 1139 1826 ού
1164 1754 1382 1844 μοιχεύουσιν,
1410 1749 1468 1826 ύτε
1490 1749 1568 1825 άπέ-

266 1879 385 1940 χονται
418 1859 481 1924 τοῦ
512 1854 689 1942 μοιχεύειν,
719 1850 805 1926 άλλά
832 1856 885 1927 διὰ
916 1854 957 1926 τδ
988 1859 1197 1941 νενομικέναι
1223 1859 1321 1936 τέλος
1346 1854 1412 1943 τὴν
1432 1850 1568 1944 ἡδονήν,

267 1950 379 2022 πολλά
401 1948 433 2024 δ’
456 1949 614 2024 άπαντδιν
634 1955 806 2024 κωλυτικδι
829 1961 889 2044 τῆς
911 1950 1035 2044 ἡδονῆς
1056 1961 1107 2044 τῷ
1131 1957 1255 2038 εἴξαντι
1275 1957 1334 2044 μιᾷ
1352 1961 1395 2041 τῇ
1417 1959 1480 2024 τοῦ
1498 1981 1569 2042 μοι·

217 2067 248 2120 15
265 2050 376 2139 γεύειν
404 2047 509 2142 ἡδονῇ
538 2060 594 2122 καὶ
623 2049 693 2123 ἐσθ’
717 2047 775 2125 ὅτε
797 2049 956 2141 ’φυλακάς
982 2049 1002 2142 ἢ
1029 2055 1137 2143 φυγὰς
1163 2049 1183 2142 ἢ
1206 2053 1379 2136 θανάτους
1405 2051 1569 2135 πολλάκις

267 2156 302 2220 δέ
329 2151 398 2238 πρὸ
428 2148 568 2222 τούτων
596 2159 651 2222 καὶ
679 2151 860 2236 κινδύνους
888 2153 976 2224 κατὰ
1009 2155 1050 2225 τὸ
1079 2158 1250 2244 ἐπιτηρεῖν
1275 2152 1340 2242 τήν
1361 2160 1425 2224 τοῦ
1446 2149 1569 2240 άνδρδς

267 2253 384 2336 ἔξοδον
406 2244 475 2322 άπὸ
496 2257 558 2340 τῆς
580 2257 687 2335 οἰκίας
707 2259 764 2322 καὶ
785 2257 860 2322 τῶν
882 2251 925 2324 τά
947 2258 1077 2324 ἐκείνου
1098 2253 1339 2342 φρονούντων·
1369 2250 1417 2335 ῶς
1439 2256 1466 2322 εί
1487 2247 1567 2322 καθ’

265 2345 433 2421 ύπόθεσιν
459 2348 664 2439 μοιχεύοντα
685 2349 762 2421 οίόν
784 2347 814 2422 τ>
837 2343 879 2440 ἦν
901 2363 1021 2424 λαθεῖν
1043 2359 1098 2423 καὶ
1120 2354 1183 2422 τὸν
1205 2347 1311 2440 άνδρα
1333 2357 1394 2441 τῆς
1411 2350 1568 2440 γυναικδς

266 2446 425 2532 καὶτοὺς
450 2451 593 2532 οίκείσυς
619 2447 751 2533 πάντας
777 2447 883 2521 αύτοῦ
904 2461 959 2524 καὶ
981 2454 1077 2536 τούς,
1103 2449 1184 2541 παρ’
1207 2452 1257 2535 οῖς
1280 2479 1331 2534 τις
1353 2457 1390 2524 ἐκ
1412 2457 1475 2522 τοῦ
1497 2479 1569 2541 μοι-

182 2564 250 2620 188r
265 2545 376 2636 χεύειν
404 2543 530 2634 άδοξεῑ,
557 2543 622 2620 κάν
648 2555 815 2638 ἐμοίχευσε
841 2551 896 2620 διά
922 2551 986 2640 τὴν
1012 2548 1139 2641 ἦδονιΙν
1165 2546 1438 2640 δἘπικούρειος.
1457 2557 1462 2638 Ι
1483 2558 1511 2622 εί
1532 2557 1568 2622 δὲ

266 2655 322 2718 καί
348 2643 367 2718 ὁ
394 2649 532 2736 ἰδιώτης
556 2655 643 2720 ποτὲ
667 2650 780 2737 παρὸν
800 2649 965 2738 μοιχεύειν
987 2648 1028 2722 ού
1048 2649 1206 2741 μοιχεύει,
1228 2647 1381 2740 εύρεθείη
1401 2646 1443 2721 άν
1461 2655 1569 2722 ἐνίοτε

267 2747 322 2819 διά
349 2749 412 2820 τὸν
438 2753 611 2819 ἐνεστῶτα
636 2752 673 2818 ἐκ
700 2755 763 2820 τοῦ
789 2746 896 2838 νόμον
923 2747 1032 2837 φόβον
1056 2758 1112 2820 καὶ
1138 2750 1198 2833 τάς
1223 2748 1375 2833 κολάσεις
1401 2747 1473 2840 <ού>
1499 2779 1569 2840 μοι·

265 2847 385 2935 χεύων,
407 2855 462 2920 καί
484 2843 525 2918 σύ
547 2847 601 2918 διά
623 2849 664 2920 τὸ
687 2854 861 2937 θηρᾶσθαι
880 2857 1040 2933 πλείονας
1062 2845 1184 2940 ἡδονάς
1206 2845 1224 2921 δ
1246 2857 1405 2934 τοιοῦτος
1419 2846 1568 2938 άπέχοιτ’
1612 2853 1616 2862 ’

266 2943 309 3017 liv
338 2953 402 3018 τοῦ
431 2948 605 3037 μοιχεύειν.
648 2942 729 3040 δρᾷς
758 2939 821 3018 οὖν
851 2942 905 3020 ὅτι
931 2949 973 3021 τὸ
1000 2953 1036 3020 έν
1064 2951 1148 3021 εἶναι
1173 2948 1395 3039 νομιζόμενον
1418 2954 1524 3036 ἔργον,
1547 2947 1568 3038 ἡ

216 3063 249 3115 25
267 3052 328 3136 τῆς
352 3053 499 3135 μοιχείας
524 3042 648 3136 άποχιΙ,
674 3047 767 3136 παρά
792 3047 854 3131 τάς
879 3055 1059 3138 προθέσεις
1083 3055 1158 3120 τῶν
1182 3044 1402 3139 άπεχομένων
1428 3045 1470 3120 σύ
1493 3044 1568 3119 ταύ-

267 3145 329 3216 τδν
350 3142 437 3218 ἀλλὰ
459 3143 626 3236 διάφορον
642 3153 784 3236 γίνεται·
806 3142 827 3235 ἢ
842 3146 905 3235 γάρ
920 3143 989 3220 άπό
1004 3145 1112 3236 ύχιῶν
1125 3146 1308 3238 δογμάτων
1322 3143 1342 3238 ἢ
1358 3146 1427 3220 άπδ
1441 3159 1567 3238 μοχθη-

266 3251 340 3334 ρῶν
361 3252 416 3316 καί
439 3241 674 3330 άσεβεστάτων
695 3254 769 3318 τῶν
790 3251 828 3318 ἐν
849 3255 900 3338 τῷ
915 3243 1132 3338 Ἐπικουρείῳ
1151 3243 1173 3337 ἢ
1193 3256 1243 3338 τῶ
1260 3253 1383 3340 τοιῷδε
1398 3249 1527 3336 ίδιῶτη.

348 3367 458 3434 LXIV.
484 3356 609 3451 Ὥσπερ
634 3353 698 3434 ούν
724 3361 765 3434 τὸ
794 3367 830 3434 ἐν
856 3369 963 3436 τοῦτο
984 3369 1131 3453 πρᾶγμα,
1154 3361 1175 3455 ἦ
1197 3371 1258 3455 τῆς
1278 3372 1424 3455 μοιχείας
1446 3360 1566 3453 ἀποχὴ,

267 3467 303 3534 ἓν
336 3464 421 3534 εἱναι
452 3468 597 3535 δοκούσα
631 3461 743 3535 πολλά
773 3459 944 3535 ἁλίσκεται
974 3462 1185 3553 τυγχάνουσα
1215 3465 1306 3555 παρὰ
1341 3463 1383 3535 τὰ
1419 3461 1567 3554 διάφορα

350 3651 369 3704 6
392 3648 456 3719 Vgl.
473 3647 533 3704 'rho
555 3649 705 3720 fragments
728 3649 760 3704 σί
773 3650 845 3706 Zeno
862 3649 917 3704 and
935 3649 1082 3705 Cleanthes
1100 3651 1137 3720 by
1154 3654 1186 3706 A.
1206 3651 1234 3708 G.
1253 3652 1384 3716 Ρεεπεοα,
1403 3651 1567 3722 Cambridge

266 3736 340 3801 1891,
359 3751 385 3804 p.
403 3735 454 3790 209
471 3733 517 3788 Nr.
536 3735 593 3789 178.
611 3764 644 3774 -
661 3735 675 3789 7
694 3734 757 3804 vgl.
776 3733 809 3788 Η.
828 3733 939 3798 Usener,
955 3733 1091 3804 Epicurea
1107 3753 1133 3806 p.
1151 3737 1209 3802 322,
1227 3737 1260 3792 23
1277 3735 1323 3789 Nr.
1341 3739 1400 3792 535.

350 3894 366 3949 l
389 3887 554 3966 δρμῶμενοι
576 3893 722 3950 116011δοί
740 3895 788 3949 Bo.
806 3893 904 3961 (Notae
921 3911 946 3964 p.
964 3895 1024 3962 403)
1042 3895 1101 3952 Del.
1121 3887 1238 3963 δμῶμεν
1256 3890 1286 3950 τί
1302 3897 1327 3948 A
1347 3897 1351 3964 Ι
1376 3897 1395 3952 θ
1417 3891 1566 3964 ἐπαινῆται

265 3984 360 4037 VM·
369 3979 429 4036 Del.
448 3977 604 4038 ἐπαινεῖται
621 3979 754 4049 ΔΗδ.8ρ.
779 3982 782 4048 Ι
809 3979 880 4035 7-8
904 3997 949 4033 am
967 3978 1046 4033 Rand
1069 3996 1105 4050 ση
1123 3981 1160 4032 A¹
1184 3981 1188 4048 Ι
1212 3979 1307 4036 θψῙθ
1333 3998 1378 4035 am
1396 3979 1475 4034 Rand
1492 3972 1566 4033 καλά

265 4073 301 4124 A¹
321 4071 325 4135 Ι
346 4069 365 4122 θ
387 4067 479 4121 ίιίοίεε
500 4067 550 4121 καὶ
567 4075 600 4132 -Ι-
618 4062 663 4122 διὰ
681 4063 715 4122 τδ
738 4063 772 4119 Η.
791 4063 906 4128 Usener,
929 4062 1063 4134 Epicurea
1084 4083 1110 4136 p.
1127 4065 1186 4129 322,
1204 4065 1237 4119 27
1255 4065 1319 4119 adn.
1339 4065 1343 4134 Ι
1365 4067 1401 4121 11
1421 4082 1566 4132 προκατα-

266 4155 426 4222 ληφθεῖσαν
451 4150 594 4219 MAusgg.
615 4151 922 4219 πρακαταλειφθεῖοαν
942 4151 967 4202 A
991 4152 995 4216 Ι
1020 4149 1058 4205 12
1082 4151 1213 4206 διατοντο
1237 4149 1286 4220 [so]
1307 4151 1330 4202 A
1355 4151 1359 4218 Ι
1383 4150 1421 4205 14
1437 4143 1568 4203 ἀπαντᾶν

264 4237 376 4292 J01eorr.
387 4235 446 4290 Del.
466 4236 487 4303 ΙΙ
505 4236 555 4290 739
571 4235 650 4290 Anm.
668 4235 697 4303 b)
715 4229 830 4289 δπαντᾶ
848 4233 976 4305 ΔΗδ.θρ.
992 4236 996 4302 Ι
1013 4235 1046 4290 17
1066 4229 1265 4306 φρονούντων]
1283 4230 1492 4306 φρουρούντων
1509 4249 1565 4285 νει·-

265 4325 354 4376 mutet
371 4321 431 4376 Del.
448 4322 471 4389 (I
489 4319 539 4374 739
557 4323 637 4373 Anm.
656 4319 684 4386 b)
708 4321 713 4389 Ι
737 4319 778 4376 20
796 4314 959 4388 ἐπίκουριος
977 4319 1024 4389 [so]
1043 4320 1067 4373 A
1091 4321 1095 4386 Ι
1119 4319 1158 4374 22
1179 4336 1226 4373 vor
1243 4315 1385 4389 μοιχεύων
1402 4326 1434 4382 -Ι-
1453 4313 1517 4387 (σύ)
1536 4317 1564 4371 Μ

265 4407 320 4472 δσί,
338 4405 388 4460 Hb.
405 4423 432 4459 u.
450 4404 494 4474 Sp.
513 4422 556 4458 am
575 4404 668 4466 Ram
691 4421 741 4458 vor
757 4397 900 4472 μοιχεύων
915 4411 947 4468 -Ι-
966 4399 1033 4473 <μιΙ>
1051 4403 1144 4458 70071·
1151 4405 1253 4474 Auugg.
1265 4403 1303 4457 im
1314 4403 1384 4458 'l'ext
1397 4407 1402 4463 1
1417 4403 1455 4458 24
1472 4393 1528 4472 δτι]
1548 4423 1564 4456 ο

264 4493 294 4545 in
312 4491 454 4545 Correctur
474 4491 499 4542 A
522 4491 527 4554 Ι
551 4483 582 4544 ἓν
603 4483 676 4545 εἶναι
696 4488 740 4541 M²
766 4492 821 4558 (am
838 4487 928 4556 Rand)
947 4487 1099 4560 JolAusgg.
1121 4487 1224 4546 ἐνεῖναι
1246 4491 1271 4543 A
1294 4491 1299 4558 Ι
1322 4489 1362 4546 25
1388 4485 1482 4558 α’ποχὴ
1505 4488 1564 4542 Del.

265 4577 286 4642 ΙΙ
306 4575 355 4630 739
367 4577 448 4629 Δαω.
466 4574 499 4642 ο),
517 4574 572 4644 vgl.
590 4577 675 4628 unten
692 4573 743 4627 VII
760 4574 794 4628 64
811 4591 835 4627 ε.
855 4575 900 4639 A.;
927 4567 1057 4643 ἄποδοχὴ
1075 4576 1207 4645 AAusgg.
1228 4575 1232 4644 Ι
1251 4570 1357 4630 ταυτδν
1374 4576 1397 4628 A
1413 4577 1418 4642 Ι
1442 4575 1479 4630 27
1505 4569 1563 4628 ἐπι-

264 4660 372 4730 κουρίω
389 4660 413 4713 A
428 4662 432 4726 Ι
448 4660 550 4714 τοιῶδε
568 4660 591 4712 A
609 4652 704 4732 τοιῷδ’
722 4661 824 4726 Ausgg.
