3758 5564
367 491 427 554 402
908 489 1130 545 ΩΡΙΓΕΝΟΥΣ

366 641 606 735 ἐξομολόγησιν
635 655 691 718 καὶ
724 657 1014 740 μεγαλοπρέπειαν
1048 651 1207 738 ἐνεδύσω,
1241 647 1261 724 ό
1290 646 1562 740 ἀναβαλλόμενος
1592 659 1668 740 φάς

368 741 416 827 ιῦς
436 742 580 832 ἱμάτιον,
603 741 622 819 ό
644 750 805 820 ἐκτείνων
826 750 889 823 τὸν
909 747 1056 840 ούρανὸν
1078 751 1155 825 οόσεὶ
1179 759 1278 842 δέριν,
1299 745 1504 839 όστεγάζων
1519 755 1555 822 ἐν
1570 745 1668 824 ῦδασι

367 842 410 916 τά
431 841 570 934 ῦπερῷα
590 842 709 932 αύτοῦ,
738 843 757 920 ό
783 858 891 933 τιθεὶς
912 857 998 941 νέφη
1021 850 1085 942 τήν
1106 857 1258 937 ἐπίβασιν
1280 847 1399 936 αύτοῦ,
1426 845 1446 922 ό
1467 860 1668 940 περιπατῶν

367 949 420 1015 ἐπὶ
442 943 621 1034 πτερύγων
641 943 785 1038 άνέμων,
809 943 828 1020 ό
849 956 962 1022 ποιοῦν
984 951 1065 1033 τούς
1086 946 1245 1041 ἀγγέλους
1268 947 1373 1022 αύτοῦ
1393 948 1569 1037 πνεύματα
1587 957 1593 1039 Ι
1611 957 1736 1022 κα1272

333 1058 349 1113 5
367 1043 447 1127 τοῦς
474 1047 689 1136 λειτουργούς
715 1045 820 1120 αὐτοῦ
845 1047 952 1136 πυρὸς
974 1045 1098 1138 φλόγα,
1122 1045 1141 1123 ὁ
1162 1055 1333 1140 θεμελιῶν
1354 1047 1419 1139 τήν
1440 1055 1504 1140 γήν
1525 1055 1581 1123 ἐπὶ
1602 1049 1667 1140 τήν

367 1140 553 1232 άσφάλειαν
575 1142 691 1237 αύτής,
716 1143 757 1218 ού
776 1145 971 1238 κλιθήσεται
993 1151 1038 1232 εἰς
1060 1147 1123 1221 τὸν
1144 1155 1253 1220 αἰῶνα
1274 1156 1338 1222 τοῦ
1358 1155 1497 1232 αἰῶνος·
1526 1145 1667 1234 ἄβυσσος

367 1241 415 1325 εἰς
436 1241 571 1333 ἱμάτιον
592 1243 633 1317 τὸ
655 1243 873 1336 περιβόλαιον
896 1243 1014 1333 αύτοῦ,
1040 1252 1096 1321 ἐπὶ
1117 1255 1191 1320 τῶν
1214 1244 1324 1338 ὀρέων
1345 1245 1528 1338 στήσονται
1544 1242 1666 1320 ῦόατα·

367 1339 435 1416 άπὸ
468 1342 690 1436 ἐπιτιμήσεως
719 1369 780 1418 σου
811 1344 1006 1435 φεύξονται,
1038 1344 1106 1420 άπὸ
1134 1354 1251 1438 φωνῆς
1281 1354 1426 1437 βροντῆς
1460 1370 1522 1419 σου
1548 1345 1665 1418 δειλιά-

367 1454 494 1517 σουσέί·
524 1443 647 1516 καὶτὰ
673 1457 815 1517 πλείστα
842 1451 878 1517 δὲ
904 1444 1031 1517 τούτου
1055 1453 1119 1518 τοῦ
1145 1453 1283 1538 ψαλμοῦ
1304 1453 1505 1536 δοξολογίαν
1525 1453 1666 1535 περιέχει

317 1551 429 1618 1οτοῦ
454 1541 591 1634 πατρός.
634 1547 742 1617 ἔνεστι
769 1551 806 1616 δέ
830 1573 907 1617 τινα
933 1546 1043 1637 ἑαυτῷ
1069 1553 1211 1619 πλείονα
1232 1543 1479 1636 ἀναλεγόμενον
1502 1541 1596 1636 ὁρᾶν,
1618 1544 1666 1630 ὦς

367 1638 386 1716 ὅ
408 1639 516 1727 τόπος
538 1649 599 1734 τής
620 1649 815 1734 δοξολογίας
835 1650 1009 1733 πολλαχοῦ
1031 1650 1235 1732 διέσπαρται.
1396 1733 1398 1735 ¹

449 1753 476 1818 3.
512 1750 573 1834 τής
603 1749 638 1816 δὲ
669 1742 875 1834 εὐχαριστίας
905 1749 1069 1816 ἐκκείσθω
1096 1751 1200 1816 τοῦτο
1229 1741 1437 1834 παράδειγμα
1462 1748 1500 1815 ἐν
1526 1751 1569 1833 τῇ
1595 1749 1665 1815 δευ-

366 1851 447 1937 τέρᾳ
472 1849 548 1915 τῶν
570 1849 760 1914 Βασιλειιῦν
785 1850 948 1933 κείμενον,
974 1841 1057 1932 μετά
1084 1842 1146 1928 τὰς
1172 1841 1226 1915 διὰ
1253 1849 1316 1915 τοῦ
1336 1843 1462 1916 Νάθαν
1488 1842 1575 1934 πρὸς
1602 1841 1666 1915 τὸν

367 1949 470 2016 Δαυίδ
494 1949 690 2034 ἐπαγγελίας
714 1939 781 2014 ῦπὸ
809 1949 872 2015 τοῦ
899 1947 1002 2012 Δαυίδ
1025 1937 1327 2032 ἀπαγγελλόμενον,
1354 1947 1579 2032 ἐκπλαγέντος
1604 1941 1666 2026 τὰς

316 2061 349 2114 15
366 2051 429 2116 τοῦ
459 2049 543 2116 θεοῦ
574 2041 701 2132 δωρεάς
732 2050 788 2114 καὶ
814 2038 1094 2132 εὐχαριστοῦντος
1120 2038 1171 2114 ἐπ’
1195 2039 1310 2124 αύτατς
1335 2043 1389 2114 διὰ
1415 2041 1565 2114 τούτων’
1592 2048 1665 2128 ,τίς

367 2149 431 2233 εἰμι
453 2144 529 2233 ἐγώ,
551 2140 644 2232 κύριέ
663 2171 729 2232 μου
746 2139 847 2230 κύριε,
869 2149 925 2212 καὶ
947 2147 999 2224 τίς
1020 2135 1039 2214 ό
1062 2138 1154 2225 οἰκός
1174 2170 1248 2232 μου,
1271 2135 1326 2215 ὅτι
1347 2137 1518 2232 ἠγάπησάς
1539 2168 1579 2231 με
1600 2141 1665 2224 ἕως

366 2242 517 2328 τούτων,·
548 2251 604 2314 καί
630 2239 921 2332 κατεσμικρύνθην
951 2241 1072 2330 μικρὸν
1103 2237 1254 2312 ἐνώπιόν
1279 2263 1353 2326 σου,
1383 2239 1479 2329 κύριέ
1501 2268 1580 2329 μου,
1608 2249 1665 2312 καὶ

365 2341 527 2432 ἐλάλησας
552 2338 636 2430 ῦπίρ
661 2347 725 2413 τοῦ
752 2344 848 2412 οἰκου
874 2345 938 2412 τοῦ
965 2338 1089 2411 δούλου
1114 2363 1176 2411 σου
1203 2346 1249 2424 εἰς
1275 2337 1422 2431 μακράν·
1452 2331 1556 2424 οὗτος
1582 2345 1618 2410 δὲ
1644 2335 1664 2412 ὁ

365 2439 469 2533 νόμος
502 2448 566 2514 τοῦ
601 2437 803 2530 άνθριύπου,
835 2438 930 2528 κύριέ
957 2467 1023 2528 μου
1052 2437 1153 2529 κύριε.
1194 2447 1251 2511 καί
1282 2447 1316 2510 τί
1345 2437 1532 2530 προσθήσει
1563 2445 1666 2512 Δαυῒῦ

314 2554 348 2610 20
366 2545 416 2614 ἔτι
442 2547 505 2613 τοῦ
531 2547 673 2631 λαλῆσαι
699 2539 783 2628 πρός
810 2561 860 2624 σε;
889 2546 945 2610 καὶ
971 2545 1035 2610 νῦν
1057 2537 1097 2610 σῦ
1118 2540 1211 2623 οἶδας
1232 2538 1296 2611 τὸν
1318 2537 1444 2612 δοῦλόν
1465 2562 1534 2625 σου,
1561 2537 1664 2629 κύριε·

365 2641 419 2714 διά
449 2640 512 2715 τόν
539 2639 665 2714 δοῦλόν
691 2662 753 2710 σου
773 2645 969 2728 πεποίηκας,
991 2640 1151 2710 καὶκατὰ
1174 2637 1238 2728 τήν
1258 2643 1400 2727 καρδίαν
1422 2661 1483 2710 σου
1504 2644 1664 2729 ἐποίησας

365 2748 477 2814 πᾶσαν
503 2740 567 2831 τήν
592 2737 832 2830 μεγαλωσύνην
857 2761 918 2809 σου
943 2736 1073 2827 ταύτην
1095 2746 1256 2828 γνωρίσαι
1277 2745 1327 2829 τῷ
1351 2737 1463 2828 δούλῳ
1485 2761 1547 2810 σου
1569 2741 1664 2810 ἕνεκα

366 2847 429 2914 τοῦ
450 2846 632 2930 μεγαλῦναί
653 2860 698 2924 σε,
720 2836 815 2928 κύριέ
833 2865 899 2926 μου
919 2836 1040 2926 κύριε.“

447 2953 476 3013 4.
511 2947 585 3012 τῶν
616 2945 651 3012 δέ
684 2934 956 3028 ἐξομολογήσεων
985 2936 1206 3028 παράδειγμα·
1228 2933 1317 3022 ,άπὸ
1344 2942 1466 3009 πασιῦν
1493 2943 1568 3008 τιῦν
1588 2934 1664 3010 άνο·

313 3061 346 3116 25
363 3047 451 3131 μιοῦν
476 3069 542 3131 μου
567 3041 666 3130 ῥῦσαί
690 3045 766 3129 με,“
791 3044 846 3110 καὶ
872 3041 909 3107 ἐν
935 3031 1066 3120 ἄλλοις·
1096 3037 1333 3124 ,προσώςεσον
1358 3043 1412 3108 καί
1440 3037 1612 3127 ἐσάπησαν
1632 3039 1664 3108 οἰ

362 3141 531 3230 μιόλωπές
560 3167 626 3228 μου
656 3135 724 3210 άπὸ
759 3136 947 3227 προσώπου
978 3142 1040 3226 τῆς
1074 3133 1268 3226 ἀφροσύνης
1294 3159 1375 3225 μου·
1404 3137 1663 3227 ἐταλαιπώρησα

362 3247 418 3312 καί
443 3237 690 3330 κατεκάμφθην
717 3239 782 3321 ἕως
808 3243 942 3320 τέλους,
965 3230 1050 3326 ὅλην
1071 3235 1136 3326 τήν
1157 3233 1282 3327 ἡμέραν
1303 3235 1565 3326 σκυθρωπάζων
1587 3241 1662 3308 ἐπο-

362 3336 534 3431 θεῶνταί

446 3453 473 3512 5.
503 3445 575 3511 τοῖιν
598 3445 633 3513 δὲ
656 3436 822 3529 αἰτήσεων
843 3441 880 3508 ἐν
902 3441 1044 3525 εἰκοστῷ
1067 3434 1197 3526 ἑβδόμῳ
1220 3443 1357 3528 ψαλμῷ·
1378 3433 1443 3525 ,μή
1462 3433 1663 3524 συνελκύσης

312 3558 346 3614 30
362 3567 402 3628 με
423 3537 506 3630 μετά
529 3535 754 3629 ἁμαρτωλῶν,
777 3544 832 3607 καὶ
853 3535 937 3625 μετὰ
959 3538 1191 3626 ἐργαζομένων
1213 3531 1346 3607 άόικίαν
1366 3533 1410 3625 μή
1433 3542 1663 3623 συναπολέσης

362 3649 433 3730 με,“
453 3647 510 3710 καὶ
531 3643 560 3710 εἰ
580 3667 613 3710 τι
635 3636 772 3719 τούτοις
795 3631 922 3725 ὅμοιον.

445 3751 472 3812 6.
509 3734 651 3828 εύλογον
680 3741 716 3808 δὲ
743 3733 930 3825 ἀρξάμενον
956 3731 1024 3808 άπὸ
1051 3741 1246 3824 δοξολογίας
1270 3739 1317 3817 εἰς
1343 3740 1542 3824 δοξολογίαν
1562 3762 1661 3805 κατα·

362 3837 512 3931 λήγοντα
537 3835 745 3909 καταπαύειν
771 3834 835 3925 τήν
862 3833 976 3925 εύχήν,
1006 3831 1179 3924 ύμνοῦντα
1204 3840 1260 3904 καί
1286 3833 1473 3920 δοξάζοντα
1500 3832 1563 3906 τόν
1589 3839 1662 3904 τῶν
1722 3870 1725 3875 ’

295 3961 344 4017 38ν
363 3934 457 4013 όλων
482 3944 612 4026 πατέρα
640 3935 713 4021 ,διὰ
739 3931 844 4024 Ἰησοῦ
866 3940 1037 4026 Χριστοῦ(
1064 3939 1101 4006 ἐν
1126 3929 1209 4024 άγὶρο
1230 3939 1234 4022 Ι
1253 3931 1432 4021 πνεύματι,
1459 3924 1509 4023 ,ᾧ
1538 3929 1558 4024 ή
1581 3932 1662 4020 δόξα

311 4057 343 4110 35
363 4045 408 4122 εἰς
430 4036 509 4122 τούς
532 4041 687 4118 αἰεῦναςέ(

447 4193 486 4249 1ss
508 4191 570 4262 Vgl.
588 4191 614 4245 ΙΙ
631 4190 701 4246 Sam.
720 4193 743 4258 7,
760 4192 853 4246 4-17.
879 4220 912 4230 -
940 4189 978 4246 15
1001 4189 1027 4242 ΙΙ
1044 4189 1116 4243 Sam.
1134 4191 1158 4255 7,
1177 4188 1284 4243 18-22.
1310 4217 1344 4227 -
1369 4185 1406 4243 24
1431 4187 1502 4242 Psal.
1520 4187 1566 4255 38,
1585 4189 1609 4243 9.
1627 4217 1660 4227 -

362 4278 489 4337 25Psa1.
507 4279 548 4342 37,
566 4277 590 4332 6.
610 4277 684 4330 7.-
703 4275 742 4332 29
765 4273 835 4330 Psal.
854 4275 895 4342 27,
913 4275 936 4330 3.
956 4304 989 4314 -
1013 4273 1052 4330 84
1075 4273 1137 4342 vgl.
1155 4274 1231 4327 ma.
1250 4274 1290 4338 16,
1309 4273 1350 4326 27.
1378 4271 1460 4327 Hebr.
1479 4273 1519 4338 13,
1538 4273 1569 4328 21
1589 4271 1659 4344 (Gal.

361 4368 384 4430 1,
403 4367 427 4422 5.
453 4363 479 4416 11
496 4361 564 4415 Tim.
582 4363 607 4424 ι,
627 4362 676 4428 18).

445 4489 568 4570 θ’θέριν]
588 4493 684 4568 δέρῤιν
702 4497 750 4553 Ox.
759 4497 844 4552 Lond.
864 4497 868 4566 Ι
890 4495 928 4552 18
950 4501 1002 4552 τοῦ
1019 4489 1132 4564 Νάθαν]
1150 4497 1203 4551 τοῦ
1219 4490 1349 4550 θανάτου
1370 4493 1418 4564 [ευ]
1442 4492 1464 4547 Τ
1484 4493 1488 4562 Ι
1510 4492 1549 4549 14
1571 4486 1661 4563 άιιαγ-

360 4579 535 4655 γελλόμενον
551 4583 574 4637 Τ
592 4577 841 4652 ἐπαγγελλόμενον
858 4583 960 4650 Ausgg.
984 4581 989 4650 1
1012 4581 1047 4636 17
1068 4573 1365 4658 κατεσμακρύνθην-Τ
1385 4579 1389 4646 Ι
1411 4578 1449 4634 18
1468 4571 1595 4648 ἐλάλησα
1612 4577 1635 4631 Τ
1655 4579 1658 4644 ἰ

361 4669 398 4724 21
414 4664 570 4737 ἐποίησαΤ
585 4669 589 4734 Ι
605 4666 644 4722 23
661 4661 817 4736 μεγαλύνει
829 4665 959 4735 TAusgg.
975 4665 1033 4735 129
1050 4662 1173 4737 εἰκοστῷ
1185 4658 1304 4737 ἑβδόμῳ]
1322 4665 1357 4731 κζ
1374 4661 1404 4716 Τ.
