3780 5532
601 509 699 562 ma
727 509 882 564 ΚΕΑΣΟΥ
906 507 962 564 vll
983 511 1024 562 41.
1041 509 1082 562 42.
1100 511 1142 563 43.
1464 519 1522 581 193

218 668 395 762 άρῤητον
426 678 560 743 θέλων
589 671 744 759 διδάξαι
774 671 1026 762 θαυμάσαιμι
1056 669 1089 743 δ’
1111 666 1158 742 liv
1188 678 1221 744 εί
1247 667 1522 765 άκολουθῆσαι

218 769 453 862 δυνήσεσθε,
481 779 691 855 παντελῶς
720 779 768 860 τῇ
797 778 909 860 σαρκὶ
937 775 1189 861 ἐνδεδεμένοι
1217 781 1281 844 καὶ
1310 779 1430 864 μηδὲν
1456 803 1522 846 κα-

218 871 349 962 θαρόν
369 879 597 961 βλέποντες.

321 980 545 1062 μεγαλοφυώς
571 979 633 1062 μὲν
659 965 722 1044 οὖν
748 981 804 1044 καὶ
826 969 887 1043 οὑκ
910 969 1218 1061 εὐκαταφρονήτως
1245 972 1309 1061 τὴν
1331 977 1523 1062 ἐκκειμένην

185 1089 201 1140 5
220 1079 310 1158 λέξιν
331 1067 350 1143 ό
366 1069 536 1143 Πλάτων
557 1078 772 1161 προφέρεται.
807 1065 869 1159 όρα
888 1076 924 1142 δὲ
942 1071 1028 1161 εἰμὴ
1044 1069 1379 1162 φιλανθρωπότερον
1394 1069 1413 1144 ὑ
1429 1083 1523 1158 θεῖος

219 1169 320 1261 λόγος
350 1169 469 1262 εἰσάγει
500 1169 563 1242 τόν
591 1177 649 1258 ,ἐν
678 1168 761 1260 άρχῇ
787 1169 873 1258 πρὸς
900 1169 963 1241 τὸν
984 1169 1090 1243 θεὸν(
1113 1169 1197 1243 θεὸν
1219 1169 1323 1261 λόγον
1345 1169 1522 1262 γινόμενον

219 1271 338 1358 σάρκα,
360 1276 413 1342 ἵνα
436 1277 481 1353 εἰς
502 1269 633 1354 πάντας
654 1269 798 1352 δυνατὸς
819 1263 839 1358 ᾖ
863 1269 1011 1358 φθάνειν
1033 1265 1052 1341 ὑ
1075 1267 1189 1359 λόγος,
1213 1267 1254 1343 ὑν
1274 1279 1328 1342 καὶ
1352 1271 1415 1344 τόν
1436 1272 1522 1358 ,εὑ-

134 1376 202 1431 181r
218 1368 344 1458 ρόντα
366 1376 422 1454 είς
443 1369 598 1470 πάντας
620 1367 822 1442 άδόνατον
844 1375 1001 1459 λέγειν“
1028 1378 1132 1460 φησὶν
1155 1365 1173 1440 ὁ
1196 1369 1375 1444 Πλάτων.
1395 1383 1399 1457 Ι
1419 1375 1522 1446 Πλά-

219 1499 299 1542 των
327 1478 388 1560 μὲν
419 1471 482 1542 σὺν
511 1476 661 1559 λεγέτω
691 1469 787 1554 ,τὸν
815 1469 988 1560 ποιητὴν
1021 1477 1085 1540 καὶ
1119 1478 1273 1559 πατέρα
1304 1479 1420 1544 τοῦδε
1450 1481 1523 1546 τοῦ

168 1579 201 1632 10
218 1569 373 1653 παντὸς
400 1573 541 1658 ἔργονΗ
563 1571 648 1640 είναι
677 1567 861 1657 ,,εὑρεῖν,“
883 1566 1137 1654 ,,άδύνατον“
1166 1574 1341 1658 ἐμφαίνων
1369 1575 1452 1643 εἶναι
1480 1581 1522 1662 τῇ

171 1693 175 1700 ’
218 1664 423 1756 άνθρωπίνη
459 1667 557 1756 φύσει
592 1671 634 1739 τὸ
671 1666 800 1757 εὑρεῖν
828 1667 903 1740 κατ’
926 1664 1023 1755 άξίαν
1052 1669 1115 1740 τὸν
1143 1670 1242 1744 θεὸν,
1272 1666 1292 1758 ἢ
1324 1678 1352 1742 εί
1376 1671 1421 1762 μὴ
1447 1670 1522 1746 κατ’

219 1765 316 1855 άξίαν
346 1765 417 1840 ἀλλ’
441 1773 495 1839 ἐπὶ
524 1766 643 1840 πλεῖόν
673 1796 709 1856 γε
735 1775 790 1838 καὶ
816 1767 907 1854 παρὰ
930 1767 1010 1850 τοὺς
1031 1766 1194 1851 πολλούς·
1225 1763 1308 1859 ὅπερ
1332 1775 1359 1842 εί
1380 1764 1423 1860 ἦν
1445 1769 1522 1862 άλη-

219 1875 278 1952 θὲς
304 1876 359 1938 καὶ
391 1866 474 1950 θεὸς
502 1863 576 1938 κατ’
600 1863 794 1957 άλήθειαν
823 1862 970 1957 εὑρητο
994 1863 1223 1956 Πλάτωνιῆ
1251 1897 1320 1939 τινι
1341 1864 1521 1961 Ἑλλήνων,

219 1964 280 2039 οὑκ
301 1962 375 2056 <άν>
398 1963 482 2038 άλλο
510 1995 544 2037 τι
574 1970 687 2050 ἔσεβον
715 1975 770 2038 καὶ
798 1967 884 2039 θεὸν
913 1964 1058 2038 ἐκάλουν
1083 1973 1139 2036 καὶ
1167 1967 1425 2060 προσεκύνουν,
1444 1969 1521 2059 ἦτοι

168 2079 201 2132 15
218 2073 348 2138 τοῦτον
377 2068 626 2150 καταλιπόντες
655 2061 675 2156 ἢ
705 2064 1094 2156 συμπαραλαμβάνοντες
1122 2065 1164 2138 τά
1184 2066 1228 2157 μὴ
1251 2071 1521 2160 ουμπαραληπτά

221 2172 224 2254 Ι
249 2171 300 2254 τῷ
330 2165 525 2256 τηλικούτῳ
554 2172 639 2254 θεῷ·
669 2162 760 2256 ἡμεῖς
789 2170 824 2236 δὲ
853 2162 1119 2253 άποφαινόμεθα
1149 2159 1204 2238 ότι
1227 2164 1287 2237 οὑκ
1309 2165 1478 2259 αὐτάρκης
1501 2167 1521 2260 ἡ
1544 2191 1594 2244 725

218 2261 422 2354 άνθρωπίνη
442 2266 542 2353 φύσις
560 2261 835 2337 ὑπωσποτανσῦν
858 2270 1024 2354 ζητῆσαι
1046 2265 1109 2336 τὸν
1131 2264 1216 2336 θεὸν
1236 2274 1291 2336 καὶ
1314 2265 1444 2356 εὑρεῖν
1465 2267 1520 2340 αὑ-

220 2367 282 2438 τὸν
309 2373 511 2453 καθαρῶς,
541 2363 585 2454 μὴ
615 2374 823 2454 βοηθηθεῖσα
851 2360 918 2435 ὑπὸ
948 2371 1012 2436 τοῦ
1048 2371 1306 2454 ζητουμένου,
1343 2365 1522 2456 εὑρισκο-

218 2472 339 2555 μένου
368 2483 440 2548 τοῖς
463 2459 663 2553 ὁμολογοῦσι
685 2462 769 2552 μετὰ
791 2462 833 2534 τό
854 2459 933 2551 παρ’
956 2459 1079 2544 αὑτοὺς
1100 2481 1211 2535 ποιεῖν
1234 2460 1287 2537 ότι
1310 2473 1445 2539 δέονται
1467 2467 1523 2540 αὑ-

168 2575 202 2630 20
219 2570 292 2651 τοῦ,
322 2569 568 2653 ἐμφανίζοντος
597 2563 717 2634 ἑαυτὸν
746 2562 797 2645 οίς
825 2556 867 2632 όν
894 2570 991 2649 κρίνη
1018 2559 1161 2652 εὔλογον
1182 2564 1268 2636 είναι
1290 2561 1452 2658 ὀφθῆναι,
1475 2566 1523 2652 ώς

218 2670 348 2752 πέφυκε
369 2664 451 2747 θεὸς
471 2670 532 2753 μὲν
554 2659 731 2752 άνθρώπῳ
754 2661 980 2751 γινώσκεσθαι
1002 2657 1193 2752 ἀνθρώπου
1214 2670 1250 2736 δὲ
1269 2664 1357 2755 ψυχὴ
1374 2670 1423 2738 ἔτι
1438 2659 1522 2737 οὖσα

218 2769 256 2836 ἐν
277 2765 408 2853 σώματιΙ
430 2763 607 2851 γινώσκειν
628 2763 691 2834 τὸν
712 2759 805 2834 θεόν.

301 2884 409 2950 XLIII.
444 2874 541 2950 Ἀλλά
573 2886 628 2949 καὶ
660 2884 771 2968 λέγων
798 2873 817 2948 ὑ
843 2875 1014 2949 Πλάτων
1045 2873 1099 2950 ότι
1126 2877 1189 2950 τόν
1215 2877 1407 2967 ,εὑρόντα
1434 2878 1521 2954 άδὺ-

220 2976 363 3051 νατόνίί
389 2982 480 3049 ἐστιν
511 2981 586 3063 ,είς
615 2975 771 3060 πάντας
793 2983 943 3067 λέγειν“
965 2976 1058 3062 ,τόν
1079 2979 1252 3068 ποιητὴν
1279 2987 1341 3051 καὶ
1369 2988 1522 3070 πατέρα

168 3095 201 3150 25
220 3087 292 3152 τοῦ
313 3076 501 3162 παντὸς,“
524 3075 702 3166 άῤῥητον
722 3084 783 3167 μὲν
804 3084 859 3147 καὶ
882 3072 1218 3167 ἀκατονόμαστον
1240 3076 1282 3149 οὔ
1298 3103 1401 3169 φησιν
1416 3079 1522 3153 αὑτὸν

220 3182 305 3251 είναι
336 3176 442 3268 ῥητὸν
477 3173 508 3249 δ’
538 3172 623 3248 άντα
658 3182 704 3259 είς
734 3172 868 3264 όλίγσυς
899 3175 1063 3248 δύνασθαι
1093 3182 1260 3264 λέγεσθαι.
1313 3176 1376 3248 εἶθ’
1409 3174 1522 3270 ώσπερ

220 3275 467 3366 ἐπιλαθόμενος
482 3267 534 3346 ών
548 3281 719 3366 παρέθετο
736 3273 954 3358 Πλάτωνος
974 3280 1100 3360 λέξεων
1122 3271 1141 3348 ὁ
1158 3284 1285 3359 Κέλσος
1305 3285 1408 3368 φησίν
1430 3276 1521 3351 άκα-

220 3376 478 3468 τονόμαστον
504 3377 587 3447 εῖναι
613 3374 698 3446 θεὸν
733 3372 879 3456 τούτοις·
909 3374 1044 3464 ἐπειδὴ
1072 3380 1111 3446 δέ
1148 3375 1296 3447 τούτου
1324 3375 1439 3467 χάριν
1464 3383 1521 3467 ἐξ·

219 3477 393 3568 ηὕρηται
426 3495 568 3563 σοφοῖς
600 3472 804 3562 ἀνδράσιν,
835 3471 888 3558 ώς
918 3469 965 3544 Bw
995 3481 1067 3546 τοῦ
1097 3471 1431 3566 ἀκατονομάστου
1458 3489 1521 3552 καὶ

304 3665 401 3735 flvgl.
419 3664 480 3718 Joh.
501 3665 523 3729 1,
543 3667 566 3718 1.
584 3664 607 3716 2.
627 3666 667 3716 14.
687 3693 717 3702 -
739 3663 793 3718 w.
806 3679 831 3715 u.
845 3662 884 3717 28
905 3659 968 3730 vgl.
986 3662 1075 3726 Plato,
1093 3663 1161 3718 Tim.
1180 3663 1243 3734 Gap.
1264 3664 1287 3716 V
1306 3683 1330 3736 p.
1349 3666 1382 3720 28
1392 3665 1421 3722 C.

305 3833 319 3889 l
340 3830 446 3902 θέλων]
467 3829 614 3886 θέλουσαν
636 3832 698 3900 (mit
718 3830 837 3900 Tilgung
860 3830 907 3884 des
930 3830 1077 3900 folgenden
1095 3824 1133 3898 δ’)
1156 3829 1219 3884 lieet
1236 3832 1283 3885 Βο.
1302 3831 1400 3900 (Notae
1417 3851 1443 3904 p.
1460 3835 1521 3904 402)

219 3917 296 3972 nicht
314 3916 461 3987 ςιοεευιε,
479 3913 557 3970 ειιω
575 3915 634 3969 ου.
654 3916 675 3981 ρ
693 3916 743 3969 τοι
762 3917 841 3970 Anm.
854 3914 881 3982 d)
900 3915 1003 3978 bessem
1022 3913 1099 3969 οιιω
1118 3912 1199 3984 (μην
1216 3920 1339 3972 vennute
1356 3917 1400 3971 ioh
1417 3920 1420 3988 Ι
1435 3919 1453 3974 ι
1471 3905 1522 3988 οὖν

221 4013 252 4061 <
265 4002 400 4071 MAusgg.
416 4005 420 4069 Ι
436 4001 455 4056 θ
473 3996 628 4071 γινόμενον
640 3998 770 4069 ΔΗδ.8ρ.
788 3993 946 4068 γενόμενον
957 3999 1050 4051 peorr.
1057 3999 1115 4053 Del.
1132 4000 1136 4068 Ι
1154 4000 1192 4056 1⁰
1210 4017 1258 4054 vor
1270 3994 1411 4057 σίδὺνατον
1423 4009 1455 4067 -Ι-
1468 3998 1521 4060 οὐκ

219 4089 267 4142 Βο.
286 4086 382 4154 (Notae
399 4103 425 4156 p.
442 4088 502 4143 4021
521 4103 546 4139 u.
565 4084 624 4139 Del.
643 4085 666 4152 ΙΙ
683 4085 733 4138 724
751 4086 832 4138 Anm.
850 4083 876 4152 f)
894 4083 1039 4152 unrichtig‚
1058 4083 1094 4138 δα
1111 4084 1188 4138 nicht
1204 4077 1305 4156 εὑρεῖν,
1324 4086 1440 4141 εοοδειυ
1458 4085 1522 4143 κατ’

220 4169 302 4240 α’ξίαν
318 4172 355 4242 (Z.
375 4174 416 4238 11Ι
434 4170 531 4224 betont
548 4169 584 4222 ist
606 4171 611 4236 Ι
636 4169 673 4224 18
696 4169 788 4222 hinter
804 4186 859 4223 τινι
880 4172 906 4232 4·
927 4169 1137 4238 va'MAusgg.
1161 4170 1165 4236 Ι
1190 4169 1228 4225 14
1250 4162 1313 4238 (ἂν)
1335 4169 1401 4238 filge
1418 4171 1463 4224 ioh
1481 4172 1521 4225 als

219 4256 378 4325 notwendig
396 4255 439 4310 eiu
456 4257 459 4320 Ι
475 4255 509 4310 17
528 4245 767 4320 ὁπῶοπστανοῦν,
784 4252 871 4306 Βεεαε
888 4252 957 4307 fiber
975 4273 1001 4314 α,
1019 4271 1045 4307 u.
1063 4254 1131 4308 {lber
1148 4254 1226 4308 vein
1243 4253 1357 4323 Spiritus
1375 4254 1443 4308 lenis
1460 4273 1519 4310 αυε-

219 4342 329 4406 radim,
347 4343 372 4394 Δ
396 4343 400 4408 Ι
425 4338 463 4394 19
490 4331 561 4410 παρ’
578 4330 690 4407 αὑτοὺς]
712 4331 782 4406 παρ’
799 4327 897 4402 αὑτοῖς
918 4340 1054 4391 vermutet
1075 4339 1123 4392 Bo.
1142 4337 1239 4404 (Notae
1256 4355 1282 4408 p.
1300 4340 1373 4406 402),
1399 4334 1433 4394 τδ
1452 4336 1521 4395 καθ’

219 4421 338 4491 ἑαυτοὺς
354 4425 418 4479 Ιίεεε
435 4423 517 4478 Guiet
531 4422 585 4490 (bei
603 4422 662 4477 Del.
681 4424 693 4476 Ι
711 4423 761 4478 725
778 4423 857 4475 Anm.
876 4423 903 4490 αΙ
918 4422 922 4490 Ι
938 4421 979 4478 20
1001 4413 1113 4492 ἐαυτδν]
1130 4422 1198 4477 fiber
1217 4441 1233 4478 ο
1251 4425 1324 4476 Acut
1340 4423 1405 4477 und
1422 4423 1521 4480 Gravis

219 4513 244 4567 A
259 4513 264 4581 Ι
279 4511 317 4567 21
336 4503 585 4580 γιγνώσκεσθαιΑ
601 4510 605 4575 Ι
620 4507 659 4563 22
673 4501 841 4578 γιγνώσκειν
853 4506 985 4576 AAusgg.
1001 4509 1005 4575 Ι
1021 4506 1059 4562 25
1073 4523 1143 4577 φησι
1155 4511 1180 4562 Α
1195 4510 1199 4572 Ι
1215 4507 1253 4563 26
1273 4501 1386 4578 ὀλίγους
1398 4509 1520 4565 schreibe

219 4597 265 4651 ich
280 4595 332 4650 mit
343 4597 392 4651 Bo.
409 4593 506 4663 (Notae
523 4611 549 4663 p.
567 4593 628 4660 402)
650 4610 677 4646 u.
696 4589 756 4647 Del.
774 4591 796 4659 (I
815 4592 864 4645 725
882 4593 963 4645 Δηώ.
982 4591 1019 4658 b).
1040 4587 1147 4662 λόγους
1165 4593 1372 4662 AAusgg.128
1395 4590 1519 4664 τούτοις]

221 4677 252 4736 ἐν
269 4671 381 4743 τούτοις
398 4680 533 4732 τεηοιιίεί
549 4677 597 4732 Βο.
617 4677 714 4744 (Notae
732 4693 757 4746 p.
775 4677 836 4743 402)
853 4675 931 4728 nicht
948 4676 1018 4730 ohne
1036 4676 1341 4734 Wahrscheinlichkeit.

283 4764 400 4818 origene·
414 4763 445 4807 11.
1282 4765 1313 4816 13
