3772 5526
643 501 744 556 κατι
766 501 969 559 καλεσει
992 505 1031 558 15.
1051 503 1091 557 ιο.
1485 511 1523 570 17

215 656 465 749 ἐμφαινόμενον
495 662 536 734 τό
569 659 638 736 άπό
670 669 743 734 τῶν
769 669 990 753 σκυθρωπῶν
1018 672 1073 734 καί
1105 660 1281 736 ἐπιπόνων
1310 660 1521 754 ἐπαγόμενον

215 779 288 841 τοῖς
321 754 462 848 άλγοῦσι
495 769 601 845 τέλος.
645 759 739 852 άρκεῑ
771 759 803 834 δ’
826 768 881 834 ἐπὶ
910 770 974 835 τοῦ
1003 761 1177 853 παρόντος
1205 770 1422 852 παραθέσθαι
1451 760 1521 836 άπὸ

214 865 278 930 τοῦ
299 855 431 930 Ἡσαΐου
463 857 518 931 τό·
549 863 683 946 ,ένεκεν
714 869 777 934 τοῦ
806 868 889 950 ἐμοῦ
917 858 1086 950 ὀνόματος
1115 868 1213 948 δείξω
1242 887 1294 935 σοι
1324 863 1388 935 τόν
1409 860 1521 951 θυμόν

212 987 285 1050 μου,
316 967 372 1030 καί
405 960 448 1030 τὰ
478 958 598 1048 ἐνδοζά
630 990 695 1050 μου
724 959 840 1048 ἐπάξω
871 967 925 1034 ἐπὶ
948 969 997 1046 σὲ,
1026 966 1080 1034 ίνα
1107 962 1152 1051 μὴ
1181 961 1426 1052 ἐζολοὶθρεύσω
1456 971 1519 1032 σε.“
1540 983 1595 1039 589

179 1055 473 1149 ῦὴναγκάσθημεν
513 1065 549 1130 δὲ
591 1061 635 1132 τὰ
669 1061 714 1150 μὴ
755 1057 949 1151 ἁρμόζοντα
992 1080 1064 1145 τοις
1107 1058 1343 1150 ἁπλούστερον
1384 1062 1519 1132 πιστεύ-

212 1182 286 1229 ουσι
316 1165 371 1228 καί
400 1164 569 1249 δεομένοις
598 1167 659 1250 τῆς
689 1157 921 1250 ἁπλουστέρας
951 1165 988 1232 ἐν
1014 1157 1127 1250 λόγοις
1154 1165 1347 1248 οἰκονομίας
1374 1167 1516 1248 αίνίξασ·

211 1267 286 1341 θαι,
323 1258 379 1329 ἵνα
413 1258 457 1348 μὴ
495 1267 648 1350 δοκῶμεν
684 1259 924 1350 ἀνεξέλεγκτον
964 1265 1024 1331 ἐάν
1062 1259 1126 1350 τὴν
1162 1265 1226 1332 τοῦ
1255 1267 1386 1332 Κέλσου
1417 1289 1517 1351 κατη

211 1363 343 1444 γορίαν,
372 1363 545 1446 λέγοντος·
576 1361 739 1434 ἐπειδάν
774 1357 793 1432 ὁ
822 1361 918 1444 θεὸς
947 1355 1080 1450 ῶσπερ
1108 1357 1294 1451 μάγειρος
1326 1363 1518 1448 ἐπενέγκῃ

210 1485 256 1526 το
277 1484 363 1545 πυρ.

159 1598 193 1653 10
291 1585 375 1651 XVI.
410 1577 463 1651 ’Ex
493 1587 528 1652 δὲ
557 1589 632 1653 τῶν
659 1586 843 1674 εἰρημένων
870 1603 942 1667 τοῖς
969 1585 1200 1674 συνετώτερον
1217 1580 1378 1655 άκούουσι
1400 1588 1515 1672 δῆλον,

125 1691 192 1742 121v
209 1687 286 1764 πῶς
317 1678 544 1770 άπανῖτητέον
565 1689 622 1752 καὶ
644 1682 731 1770 πρὸς
753 1679 807 1754 τό·
838 1681 883 1754 τό
909 1689 979 1770 μὲν
1002 1680 1098 1754 ἄλλο
1121 1691 1199 1756 πᾶν
1221 1681 1516 1772 ἐξοπτήσεσθαι

209 1786 337 1867 γένος)
371 1779 519 1863 αύτούς
550 1785 589 1848 δὲ
621 1777 768 1868 μόνους
801 1788 1013 1869 διαμενεῖν.
1050 1781 1091 1852 ού
1113 1785 1314 1866 θαυμαστὸν
1336 1779 1369 1852 δ’
1392 1789 1421 1853 εί
1443 1811 1513 1854 τοι·

209 1884 295 1948 αῦτα
318 1877 455 1968 νενόηκε
477 1879 562 1964 ,,τά“
584 1883 620 1950 ἐν
641 1875 720 1968 ἧμιν
741 1876 808 1950 ύπό
831 1876 1018 1966 τοῦλόγου
1039 1881 1157 1969 »μωρὰ
1179 1888 1243 1951 τοῦ
1266 1878 1412 1968 κόσμου(
1434 1876 1513 1951 όνο-

208 1974 377 2066 μαζόμενα
408 1985 463 2050 καὶ
494 1974 647 2068 ,,άγενῆ“
679 1987 736 2048 καί
765 1983 1057 2066 ,,ἐξουδενωμένα“
1089 1987 1144 2048 καί
1178 1979 1246 2068 ,μὴ
1273 1975 1387 2063 όνταξ(
1414 1973 1514 2050 άτινα

159 2087 190 2138 15
209 2075 283 2160 ,διὰ
310 2083 370 2166 τῆς
396 2084 523 2167 μωρίας
544 2084 608 2148 τοῦ
633 2076 845 2168 κηρύγματος
867 2073 1046 2166 εύδόκησεν
1069 2073 1087 2148 ό
1109 2076 1191 2160 θεὸς
1212 2085 1318 2148 σῶσαι
1339 2078 1420 2158 τοῦς
1439 2103 1511 2148 πισ·

209 2173 371 2258 τεῦοντας
396 2173 501 2266 αύτῷ,
528 2181 600 2247 ἐπεὶ
625 2175 669 2266 μὴ
697 2181 734 2247 ἐν
760 2184 803 2264 τῇ
829 2183 932 2268 σοφίᾳ
960 2183 1022 2246 τοῦ
1048 2184 1132 2248 θεοῦ
1160 2180 1245 2266 ἔγνω
1270 2172 1288 2248 ό
1310 2174 1434 2265 κόσμος
1457 2176 1513 2247 διὰ

208 2280 268 2364 τῆς
294 2283 414 2361 σοφίας
441 2273 503 2346 τόν
527 2273 644 2360 θεὸν,“
665 2274 706 2348 ού
728 2273 895 2363 δυνάμενα
920 2282 1131 2364 διαρθρῶσαι
1160 2275 1203 2347 τά
1232 2276 1319 2348 κατὰ
1348 2276 1428 2358 τούς
1456 2273 1513 2348 τό·

206 2401 292 2457 πους
322 2372 399 2446 οῦδὲ
429 2380 646 2462 βουληθέντα
681 2372 840 2462 σχολάσαι
871 2381 914 2462 τῇ
944 2373 1061 2461 ἐρεύνη
1088 2381 1149 2464 τῆς
1171 2382 1314 2465 γραφῆς,
1342 2381 1454 2446 καίτοι
1475 2403 1513 2464 γε

207 2479 270 2543 τοῦ
300 2469 404 2562 Ἰησοῦ
431 2480 602 2560 λέγοντος·
631 2478 807 2560 ,,ἐρευνᾶτε
833 2473 894 2556 τὰς
920 2473 1080 2562 γραφάς,“
1101 2483 1157 2545 καὶ
1183 2481 1326 2546 τοιαῦτα
1347 2473 1512 2566 ύπείληφε

155 2581 188 2635 20
205 2578 282 2661 περὶ
305 2580 368 2643 τοῦ
390 2575 599 2661 ἐπαγομένου
624 2572 751 2660 πυρὸς
776 2571 843 2644 ύπό
867 2581 938 2644 τοῦ
959 2580 1057 2644 θεοῦ
1077 2580 1133 2644 καὶ
1154 2580 1230 2662 περὶ
1252 2583 1326 2645 τῶν
1348 2584 1509 2665 συμβησυ

204 2677 316 2761 μένων
343 2690 415 2754 τοῖς
443 2667 659 2762 άμαρτήσασι.
701 2679 756 2741 καί
784 2669 868 2760 τάχα
896 2665 1009 2760 ῶσπερ
1035 2690 1106 2755 τοῖς
1132 2681 1248 2744 παισίν
1274 2670 1410 2764 ἁρμόζει
1431 2675 1512 2746 τινὰ

205 2776 360 2859 λέγεσθαι
390 2769 586 2861 κατάλληλα
618 2773 660 2860 τῇ
690 2768 872 2860 νηπιότητι
901 2767 1017 2842 αύτῶν
1047 2771 1133 2862 πρὸς
1159 2771 1200 2844 τό
1228 2771 1276 2856 ῶς
1297 2779 1419 2857 παῖδας
1451 2804 1510 2845 κο-

203 2875 281 2958 μιδῇ
318 2878 460 2958 νηπίους
492 2875 707 2959 ἐπιστρέφειν
736 2868 859 2953 αύτούς
885 2875 939 2940 ἐπὶ
970 2869 1011 2942 τό
1046 2879 1191 2956 βέλτιον,
1215 2867 1329 2957 οῦτως
1351 2874 1401 2956 οἶς
1424 2871 1510 2944 ῶνό-

202 2989 306 3057 μασεν
336 2964 356 3040 ό
392 2966 493 3058 λόγος
522 2988 649 3058 μωροῖς
680 2977 743 3042 τοῦ
772 2966 899 3059 κόσμου
927 2977 982 3040 καί
1005 2966 1133 3058 άγενέσι
1154 2979 1209 3042 καὶ
1231 2977 1511 3061 ἐξουδενωμένοις

152 3063 224 3156 2ῧῆ
259 3065 436 3158 πρόχειρος
476 3063 610 3158 άρμόζει
656 3075 732 3157 περὶ
765 3078 839 3141 τῶν
877 3067 1053 3142 κολάσεων
1090 3071 1223 3160 ἐκδοχὴ,
1265 3068 1306 3144 ού
1339 3079 1511 3161 χωροῦσιν

202 3163 311 3256 άλλην
347 3161 368 3258 ἢ
403 3167 468 3257 τὴν
503 3167 557 3239 διά
593 3164 703 3256 φόβου
737 3175 793 3240 καὶ
826 3177 1013 3256 φαντασίας
1047 3178 1120 3241 τῶν
1153 3167 1327 3242 κολάσεων
1355 3177 1511 3259 ἐπιστρο-

203 3265 272 3356 φὴν
299 3273 355 3337 καὶ
384 3276 458 3340 τῶν
486 3275 629 3340 πολλῶν
665 3277 781 3340 κακῶν
811 3263 951 3357 άποχὴν.
1000 3264 1019 3340 ό
1050 3267 1150 3357 λόγος
1182 3262 1246 3341 οῦν
1276 3267 1422 3358 μόνους
1448 3277 1510 3360 μὲν

202 3362 384 3455 ἀγεύστους
421 3374 492 3438 τοῦ
527 3364 654 3456 πυρός
683 3375 739 3438 καί
771 3377 844 3439 τῶν
873 3365 1048 3439 κολάσεῶν
1079 3393 1161 3457 φησι
1192 3377 1393 3458 διαμενεῖν
1428 3370 1511 3450 τοῦς

202 3465 244 3536 τά
275 3462 426 3555 δόγματα
455 3473 511 3537 καὶ
544 3466 586 3537 τά
613 3463 685 3556 ἤθη
705 3473 759 3536 καὶ
783 3465 823 3537 τό
847 3462 1047 3554 ἡγεμονικόν
1077 3463 1191 3556 άκρως
1223 3475 1509 3557 κεκαθαρμένους·

151 3571 185 3625 30
202 3564 282 3647 τοὺς
314 3571 349 3635 δὲ
383 3565 428 3654 μὴ
459 3565 653 3649 τοιούτους,
680 3564 766 3636 κατὰ
793 3564 857 3653 τὴν
885 3560 981 3652 άξίαν
1006 3565 1193 3655 χρῄζοντος
1218 3574 1279 3656 τῆς
1306 3567 1359 3639 διὰ
1381 3569 1511 3657 πυρός

287 3799 377 3856 θίεε.
394 3801 437 3864 48,
455 3801 480 3855 9.
498 3830 531 3839 -
551 3801 590 3856 13
609 3799 671 3869 vgl.
689 3801 702 3854 I
720 3800 874 3864 Κοτ.1,27.
892 3801 934 3856 28.
952 3831 985 3841 -
1005 3803 1043 3858 15
1065 3802 1126 3872 Vgl.
1139 3805 1151 3856 I
1164 3803 1227 3858 Kor.
1240 3807 1263 3866 1,
1276 3805 1317 3858 21.
1336 3834 1368 3844 -
1388 3805 1426 3860 19
1445 3805 1508 3861 Joh.

200 3885 225 3946 5,
243 3885 284 3940 39.
303 3915 336 3924 —·
354 3883 394 3941 28
413 3884 507 3955 vgl.1
526 3885 589 3940 Kor.
607 3888 630 3950 1,
649 3885 689 3940 27.
708 3885 748 3939 28.

285 4099 303 4154 θ
321 4092 373 4154 τόν
390 4109 423 4160 <
440 4099 549 4170 Sp.Del.
569 4102 573 4170 ί
594 4099 612 4156 5
635 4097 664 4155 δὲ
681 4101 705 4154 A
724 4094 756 4170 δη
778 4101 969 4172 MAusgg.16
988 4103 1046 4173 τῆς]
1066 4108 1083 4172 ῆ
1100 4101 1130 4157 in
1148 4105 1288 4159 Correcbur
1306 4107 1349 4176 Al
1367 4107 1403 4162 11
1424 4102 1506 4174 ἐξοπ-

198 4195 339 4269 τήσεοθαι
351 4205 376 4254 A
393 4196 642 4270 ἐξοπτηθὴσεοθαι
659 4203 760 4271 Ausgg.
776 4205 780 4265 Ι
797 4203 835 4258 12
853 4206 973 4258 τοιαῦτα
987 4205 1009 4258 Α
1021 4208 1111 4258 ταῦτα
1123 4204 1258 4276 MAusgg.
1274 4208 1279 4276 Ι
1300 4208 1339 4264 14
1356 4189 1443 4278 άγένῆ
1456 4208 1506 4278 [so]

199 4287 235 4336 Αι
252 4285 255 4351 Ι
272 4279 482 4354 ἐξουδενωμένα
500 4283 640 4340 PMVHb.
654 4285 702 4354 (im
711 4286 797 4354 Text),
813 4287 866 4356 vgl.
879 4290 962 4342 unten
977 4288 1002 4342 Z.
1015 4289 1047 4342 24
1053 4309 1060 4352 ;
1083 4285 1286 4359 ἐξουθενημένα
1298 4293 1415 4364 Sp.Dol.,
1428 4290 1505 4360 ἐξον·

198 4383 342 4474 θενημένα
359 4385 440 4452 N.'I'.,
459 4369 671 4454 ἐξονδενῶμένα
690 4387 739 4457 [so]
758 4389 814 4455 211
830 4379 913 4442 ἅτινα
931 4391 955 4442 Δ
973 4378 1023 4444 άτε
1039 4389 1090 4445 Ηδ.
1111 4408 1155 4444 am
1174 4391 1263 4457 Rand‚
1281 4393 1325 4464 Sp.
1343 4411 1369 4448 u.
1387 4395 1446 4451 Del.
1463 4397 1504 4450 im

197 4468 277 4532 Tem
297 4473 342 4534 οὶς
359 4471 565 4526 vermutetDel.
579 4472 662 4536 (1589
675 4473 754 4524 Anm.
767 4472 796 4539 b)
812 4477 815 4538 Ι
832 4472 871 4527 22
889 4477 925 4541 τῆ
942 4468 1090 4544 νηπιότητι
1107 4492 1156 4530 aus
1173 4471 1225 4546 τὴν
1237 4471 1367 4548 ηἰιιότητι
1380 4495 1446 4536 corr.
1458 4485 1483 4534 A
1498 4483 1502 4550 Ι

198 4569 239 4625 24
251 4553 366 4640 α’γένέσι
379 4571 427 4642 [εο]
438 4576 474 4626 A¹
490 4575 494 4633 Ι
515 4567 759 4642 ἐξουδενωμένοις]
774 4591 800 4628 οι
813 4575 863 4628 auf
873 4573 960 4628 Rasur
970 4577 995 4628 A
1010 4578 1014 4644 Ι
1030 4576 1069 4633 28
1082 4578 1223 4646 διαμενεῖν
1234 4580 1282 4634 Βο.
1294 4581 1391 4649 (Notae
1403 4599 1429 4652 p.
1442 4583 1504 4650 390)

197 4654 264 4714 Del„
283 4653 424 4722 διαμένειν
440 4656 518 4711 ΑΗδ.
525 4657 569 4726 Sp.

250 4737 366 4794 Origenes
380 4741 411 4786 II.
1276 4749 1292 4802 2
