3780 5532
638 495 737 550 ΚΑΤΑ
759 493 1015 552 mmmm
1040 496 1065 548 4.
1082 495 1107 548 5.
1125 495 1149 548 0.
1480 494 1540 558 225

237 655 344 749 αύτῷ,
359 653 402 729 ἵν’
412 653 535 740 αῦτοῦς
549 662 834 746 πεπαιδευμένους
847 664 991 748 παραδῷ
1007 662 1207 746 γενομένους
1221 660 1430 739 ,,βασιλείαν“
1445 648 1542 736 ἀξίαν

239 765 339 831 θεοῦ
368 765 425 848 τῷ
457 764 539 847 θεῷ
574 763 630 828 καὶ
659 764 770 844 πατρί.
813 752 900 828 ἀλλὰ
929 765 986 828 καὶ
1024 753 1332 844 ἄποσχίζουσικαὶ
1368 749 1542 840 ἀπορρη-

240 857 431 948 γνύουσιν
452 856 619 940 ἑαυτοὺς
640 853 717 928 ἀπὸ
740 863 822 928 τῶν
836 853 1031 946 ἀλλοτρίων
1045 861 1127 944 ,τῆς
1141 859 1336 936 πολιτείαςίί
1351 857 1423 922 τοῦ
1445 855 1543 920 θεοῦ

240 965 296 1030 καί
323 963 431 1044 ξένοιν
456 962 551 1041 ,τῶν
574 962 770 1046 διαθηκῶνίί
793 952 912 1041 αῦτοῦ,
939 961 993 1026 ἵνα
1014 952 1077 1042 ,τό
1100 959 1136 1025 έν
1158 949 1315 1042 οῦρανοῖς
1336 955 1543 1039 πολίτευμαίί

208 1073 224 1126 5
242 1055 525 1140 πολιτεύσωνται,
552 1053 813 1146 προσερχόμενοι
844 1063 927 1145 θεῷ
951 1064 1055 1142 ζῶντι
1077 1061 1153 1139 ,καὶ
1175 1049 1273 1124 πόλει
1295 1057 1407 1134 θεοῦ,
1429 1045 1543 1138 Ἱερου·

243 1155 351 1246 σαλὴμ
381 1159 587 1244 ἐπουρανίῳ,
623 1163 678 1226 καί
713 1153 870 1245 μυριάσιν
904 1151 1055 1244 οίγγέλων
1089 1151 1273 1243 πανηγύρει
1304 1157 1359 1220 καὶ
1389 1153 1544 1240 ἐκκλησίᾳ

244 1252 493 1346 πρωτοτόκων,
516 1251 825 1345 ἀπογεγραμμένων
847 1259 884 1326 έν
905 1250 1073 1344 οῦρανῷ.“

328 1378 381 1442 VI.
417 1368 502 1442 Ἀλλ’
525 1367 600 1443 οὐδ’
622 1369 675 1454 οῦς
700 1375 982 1460 βλαπτομένου
1007 1375 1082 1442 τοῦ
1103 1373 1213 1452 θεοῦ,
1240 1364 1288 1448 ὦς
1309 1373 1403 1438 δοκεῖ
1422 1363 1547 1450 βλιίπ-

247 1483 387 1544 τεσθαι
409 1467 627 1559 ἄνθρωπος
648 1468 715 1542 ῦπό
739 1478 802 1542 τοῦ
823 1477 887 1540 καὶ
910 1462 1016 1558 ἄλλῳ
1039 1464 1117 1556 παρ’
1136 1465 1242 1539 αῦτόν
1264 1465 1548 1550 δουλεύοντος,

197 1591 231 1646 10
248 1576 444 1658 ἰκκλίνομεν
474 1569 515 1640 τὸ
547 1569 753 1640 δουλεύειν
782 1565 888 1658 όλλῳ
922 1575 1003 1639 τινί
1035 1562 1055 1658 ἢ
1087 1573 1143 1657 τοῦ
1175 1572 1257 1656 θεῷ
1286 1568 1340 1638 διὰ
1361 1573 1425 1638 τοῦ
1447 1563 1550 1654 λόγου

248 1667 354 1741 αῦτοῦ
380 1676 436 1740 καί
463 1675 524 1758 τῆς
550 1666 708 1758 ἀληθείας
735 1667 852 1752 αῦτοῦ,
880 1664 952 1740 ἀλλ’
976 1671 1031 1738 ἵνα
1057 1663 1149 1756 ἡμεῖς
1174 1665 1219 1756 μὴ
1246 1672 1456 1753 βλαβῶμεν
1478 1665 1550 1736 έαυ·

250 1769 330 1853 τοῦς
350 1777 552 1858 χωρίζοντες
573 1776 634 1859 τῆς
659 1775 731 1840 τοῦ
754 1774 809 1839 ἐπὶ
830 1774 912 1839 πᾶσι
934 1774 1033 1839 θεοῦ
1055 1773 1197 1858 μερίδος,
1220 1763 1267 1849 οῦς
1291 1771 1423 1848 οἰκείως
1445 1760 1551 1836 αῦτοῦ

250 1877 293 1958 τῇ
319 1864 543 1959 μακαριότητι
570 1875 702 1954 ζιῦντας
727 1869 895 1957 πνεύματι
920 1872 1079 1956 ἐξαιρέτῳ
1107 1869 1328 1950 ,,υίοθεσίας“·
1358 1858 1377 1938 ό
1400 1870 1493 1936 ἐστιν
1516 1869 1552 1935 έν

250 1973 336 2052 υίοῖς
368 1974 432 2039 τοῦ
464 1973 501 2038 ἐν
530 1963 685 2056 οῦρανοῖς
706 1965 848 2056 πατρὸς,
876 1963 917 2038 οῦ
946 1971 1086 2050 λεξείδια
1108 1962 1193 2036 οίλλοί
1215 1962 1395 2054 πράγματα
1416 1974 1554 2054 μεγαλο-

201 2089 233 2143 15
252 2068 380 2156 φιόνως
406 2067 493 2138 κατὰ
519 2064 560 2138 τὸ
585 2065 739 2154 κρυπτὸν
760 2072 1004 2156 φθεγγομένοις
1026 2063 1067 2135 τό
1089 2061 1205 2151 ,Ἀββά
1227 2062 1245 2137 ὁ
1268 2063 1409 2155 πατήρ.“
1453 2071 1555 2133 Λακε·

252 2173 439 2254 δαιμονίων
459 2173 520 2255 μὲν
542 2158 605 2238 οῦν
628 2170 660 2238 σί
678 2173 830 2256 πρέσβεις
845 2164 908 2236 τόν
923 2172 1063 2252 Περσων
1077 2171 1220 2250 βασιλέα,
1242 2171 1354 2237 καίτοι
1368 2186 1555 2254 προσαναγ-

252 2264 431 2354 καςόντων
453 2263 582 2354 σφόδρα
604 2274 678 2337 τῶν
699 2260 914 2354 δορυφόρων,
938 2260 978 2336 οῦ
999 2264 1254 2354 προσεκύνησαν
1273 2265 1479 2353 φοβούμενοι
1493 2259 1558 2332 τὸν

254 2369 313 2438 ἕνα
343 2365 485 2455 κύριον
520 2362 637 2436 αῦτῶν
667 2364 730 2435 τόν
752 2361 952 2452 Λυκοῦργον
976 2360 1112 2452 νόμον·
1138 2369 1170 2436 σί
1196 2370 1232 2436 δὲ
1258 2364 1323 2455 τὴν
1348 2369 1469 2454 πολλῷ
1491 2367 1557 2450 μεί-

185 2500 188 2508 ·
255 2479 336 2554 ζονα
368 2475 425 2537 καὶ
454 2471 635 2554 θειοτέραν
665 2472 843 2554 πρεσβείαν
872 2460 976 2550 ,ὑπὲρ
1003 2468 1177 2551 Χριστοῦ(
1205 2462 1446 2554 πρεσβεύοντες
1477 2457 1558 2533 ούτε

203 2585 238 2640 20
255 2565 318 2638 τὸν
339 2572 480 2655 Περσιῦν
506 2560 656 2653 ἄρχοντα
683 2558 764 2636 οῦτε
790 2562 854 2636 τόν
874 2557 1043 2653 Ἑλλήνων
1069 2559 1151 2636 ούτε
1173 2562 1237 2634 τόν
1258 2570 1458 2654 Αἰγυπτίων
1479 2558 1559 2633 οῦτε

256 2665 318 2738 τὸν
338 2662 541 2736 οῦτινοσοῦν
563 2666 686 2746 ἔθνους
707 2660 976 2752 προσκυνήσαιεν
997 2657 1049 2747 όίν,
1071 2658 1136 2735 κῦν
1159 2668 1191 2734 ολ
1213 2661 1397 2752 δορυφόροι
1418 2670 1489 2733 τῶν
1503 2657 1559 2748 ἆρ-

256 2761 394 2854 χόντων
425 2771 609 2854 δαίμονες
636 2770 693 2834 καὶ
719 2769 782 2833 τοῦ
810 2759 969 2848 διαβόλου
999 2758 1159 2852 ἄγγελοι
1190 2761 1479 2853 προσαναγκάζειν
1501 2756 1558 2830 αῦ-

258 2863 339 2948 τοῦς
360 2869 504 2935 ἐθέλωσι
527 2873 532 2948 l
556 2870 661 2935 τοῦτο
688 2881 798 2933 ποιεῖν
823 2869 879 2933 καὶ
905 2871 1052 2934 πείθωσι
1077 2864 1209 2952 μακρὰν
1226 2871 1353 2952 χαίρειν
1375 2869 1484 2951 λέγειν
1507 2863 1558 2950 τῷ
1582 2871 1633 2925 748

174 2963 390 3046 192ῐπαντὸς
423 2957 547 3052 νόμου
577 2971 652 3034 τῶν
686 2968 740 3034 ἐπὶ
775 2968 834 3050 γῆς
865 2971 1044 3050 κρείττονι.
1067 2973 1072 3047 I
1095 2960 1233 3050 κύριος
1263 2965 1326 3052 γὰρ
1357 2970 1430 3034 τῶν
1457 2957 1561 3047 ,ῦπέρ

207 3073 241 3128 25
259 3068 432 3152 Χριστοῦ(
456 3059 716 3150 πρεσβευόντων
741 3057 760 3133 ό
788 3059 934 3148 Χριστός
958 3066 1061 3146 ἐστιν,
1088 3059 1172 3151 ῦπέρ
1198 3053 1238 3133 οῦ
1265 3061 1514 3149 πρεσβεύουσιν,
1543 3055 1561 3130 ῦ

260 3167 317 3246 ,ἐν
338 3159 443 3252 ἀρχῇ(
466 3159 566 3251 λόγος
588 3156 639 3233 οῦν
659 3170 716 3232 καί
737 3159 844 3250 ,πρός
864 3159 927 3231 τὸν
948 3159 1053 3232 θεὸν(
1076 3155 1127 3231 σόν
1149 3167 1204 3232 καὶ
1226 3159 1349 3246 ,,θεὸς“
1372 3157 1432 3233 οῦν.

346 3331 444 3401 lVgl.
463 3331 551 3402 Apok.
567 3331 628 3385 Joh.
648 3334 670 3398 1,
689 3333 713 3386 0.
737 3333 762 3394 5,
781 3333 820 3386 10.
839 3331 908 3385 -3
927 3329 989 3398 Vgl.
1007 3329 1147 3401 Ephes.2,
1166 3333 1206 3385 12.
1225 3330 1372 3402 4ng
1390 3331 1462 3386 Phil.
1481 3333 1505 3394 3,
1523 3331 1564 3386 20.

261 3447 294 3456 -
314 3417 332 3473 5
354 3416 417 3485 Vgl.
435 3415 518 3470 Hebr.
536 3415 577 3480 12,
595 3416 636 3470 22.
654 3417 695 3470 23.
718 3445 751 3454 -
773 3413 974 3483 10Vgl.Joh.
993 3418 1059 3482 1,1.
1078 3416 1118 3468 14.
1144 3418 1185 3482 14,
1202 3418 1226 3472 6.
1256 3419 1296 3482 17,
1315 3419 1356 3470 17.
1373 3447 1407 3456 -
1428 3417 1466 3472 13
1485 3433 1511 3469 u.
1527 3417 1565 3473 15

261 3501 325 3570 Vgl.
345 3501 469 3565 Reme,
488 3503 528 3556 15.
556 3531 589 3540 -
617 3499 655 3556 14
678 3499 945 3568 vgl.RIm.8,14.
971 3529 1004 3538 -
1033 3498 1071 3554 15
1096 3499 1299 3569 πείσασα)
1320 3500 1448 3556 711136.
1476 3531 1509 3542 -
1528 3501 1566 3558 10

262 3605 288 3642 α.
302 3587 342 3642 24
360 3586 422 3656 Vgl.
440 3586 467 3639 II
478 3585 542 3640 Kor.
553 3585 578 3650 5,
590 3585 631 3642 20.
647 3614 682 3624 -
700 3583 739 3638 22
760 3583 820 3651 Vgl.
840 3583 909 3638 oben
927 3582 978 3637 vn
992 3584 1034 3650 70,
1051 3583 1076 3638 S.
1089 3585 1139 3640 219
1157 3585 1183 3639 Z.
1196 3585 1335 3642 28.-20
1355 3584 1418 3655 vgl.
1430 3585 1492 3640 Joh.
1506 3588 1531 3649 1,
1544 3590 1569 3641 1.

348 3737 367 3792 2
391 3730 589 3806 ιίποσχίζουσι)
618 3727 828 3802 ἀποτειχίζουσι
854 3737 997 3788 νεεωαίεα
1022 3735 1068 3789 Βο.
1093 3735 1190 3802 (Notae
1212 3754 1237 3806 p.
1259 3737 1319 3804 404)
1347 3754 1373 3790 u.
1395 3736 1455 3792 Del.
1479 3737 1569 3806 (1747

265 3822 346 3877 Anm.
364 3821 390 3890 a)
417 3821 496 3876 nicht
517 3821 590 3874 ohne
610 3817 714 3883 Grund,
732 3819 769 3872 da
786 3817 917 3886 Origenes
932 3818 992 3872 hier
1010 3817 1134 3873 offenbar
1152 3819 1196 3874 die
1214 3819 1310 3875 Worte
1329 3821 1375 3874 des
1394 3821 1487 3874 Celsus
1506 3819 1570 3889 (ng.

266 3907 337 3961 oben
353 3905 419 3960 VIII
436 3906 460 3969 2,
479 3905 505 3959 S.
522 3906 573 3959 222
591 3905 617 3958 Ζ.
636 3903 687 3971 34.)
706 3903 820 3957 benuIzI
835 3904 839 3971 Ι
853 3904 868 3957 7
888 3890 962 3958 ούνῦι
986 3904 1069 3958 ΑΗό.
1079 3905 1122 3972 Sp.
1142 3899 1279 3976 οὐρανοῖς
1297 3904 1386 3960 PDel.
1402 3906 1406 3973 Ι
1422 3907 1460 3960 10
1484 3899 1571 3960 ἰκκλί-

267 4009 356 4058 νομεν
372 3990 509 4059 MAusgg.
527 3987 701 4055 έκκλίνωμεν
718 3991 762 4056 Α)
779 3988 818 4043 13
837 3978 856 4042 δ’
874 3982 953 4043 ἐστιν
970 3989 1093 4042 schreibe
1111 3989 1164 4056 ich,
1182 3981 1198 4044 ό
1217 3993 1293 4044 τιθεῖ
1309 3989 1357 4059 [so]
1377 3993 1512 4044 vermuteI
1523 3990 1571 4043 Βο.

268 4075 366 4144 (Notae
383 4093 409 4145 p.
426 4076 497 4142 404),
516 4064 532 4128 δ’
550 4075 665 4143 τίθησιν
683 4071 742 4125 Del.
761 4073 844 4141 (1747
860 4075 940 4125 Anm.
954 4071 981 4140 d)
1000 4089 1091 4127 ausser
1108 4074 1198 4128 einem
1216 4075 1320 4128 andern
1338 4073 1460 4142 weniger
1477 4073 1573 4142 gliick·

268 4161 360 4215 lichen
377 4159 542 4226 Vorsehlag3
570 4151 586 4212 ὁ
604 4152 675 4221 θεὸς
697 4157 755 4225 (der
772 4157 869 4210 Fehler
891 4157 965 4211 wohl
988 4156 1073 4211 durch
1092 4157 1305 4227 Verwechslung
1322 4159 1370 4213 der
1389 4158 1574 4230 Compendien

269 4245 312 4298 1οε
330 4243 407 4300 ἐστιν
426 4261 452 4298 u.
470 4239 540 4307 θεός
557 4240 729 4309 ευίείεαδεα)
748 4242 880 4310 AAusgg.
900 4243 904 4308 Ι
926 4241 965 4296 14
987 4239 1315 4313 λεξείδια-τιρᾰγματα]
1334 4238 1575 4315 λεξιδίῳ-προίγ-

269 4347 339 4396 ματι
356 4331 493 4382 νεεωαίεί
510 4327 568 4380 Del.
589 4327 613 4396 (l
631 4329 679 4380 747
699 4328 779 4380 Amn.
792 4327 819 4394 (1)
838 4326 996 4394 unrichtig!
1014 4328 1050 4382 15
1068 4327 1281 4398 φθεγγομένοις
1297 4328 1348 4382 HI.
1366 4345 1412 4382 am
1425 4329 1512 4392 stand,
1531 4327 1575 4398 Sp.

270 4413 329 4467 Del.
347 4413 386 4465 im
403 4412 484 4476 Text,
502 4411 594 4465 besser
611 4411 652 4464 als
669 4405 884 4480 φθεγγόμενον;
912 4409 1111 4480 φθεγγόμενοι
1127 4413 1206 4466 ΑΗδ.
1224 4413 1263 4465 im
1281 4412 1350 4467 Text
1373 4415 1378 4480 Ι
1403 4413 1440 4470 18
1463 4407 1575 4481 κύριον]

271 4493 334 4552 ύία
352 4497 533 4551 ΟοαεοίιαΔ
557 4498 561 4563 Ι
585 4490 765 4564 Λυκούργου]
784 4490 800 4548 ῦ
819 4509 868 4546 aus
885 4498 901 4548 ῦ
919 4511 986 4548 corr.
1005 4496 1029 4548 A
1053 4501 1057 4562 Ι
1081 4496 1119 4550 20
1144 4492 1197 4551 τὸν
1213 4488 1356 4567 Ἑλλήνων
1379 4491 1444 4553 οὔτε
1461 4491 1514 4552 τόν
1531 4495 1578 4552 Αί-

272 4581 398 4649 γυπτίων
414 4581 537 4635 sehreibe
555 4580 600 4633 ich
617 4580 669 4634 mit
688 4580 734 4634 Bo.
753 4577 850 4648 (Notae
868 4597 892 4649 p.
910 4580 970 4647 404)
989 4595 1015 4632 11.
1033 4577 1092 4634 Del.
1111 4583 1133 4647 (1
1151 4583 1200 4634 747
1219 4585 1299 4634 Anm.
1317 4582 1347 4650 ί),
1365 4586 1425 4637 τῶν
1436 4573 1578 4651 Ἑλλήνων

274 4658 340 4720 οῦτε
357 4669 415 4719 τῶν
432 4663 592 4734 Αἰγυπτίων
609 4665 740 4733 AAusgg.
756 4664 814 4732 123
830 4655 948 4733 μακρὰν
964 4661 1094 4734 ΔΗο.ορ.
1112 4659 1211 4734 μακροί
1229 4665 1316 4720 ΡΒοί.

323 4751 441 4804 Origenes
456 4750 485 4794 11.
1336 4753 1368 4805 15
