3772 5526
602 486 701 540 ΚΑΤΑ
725 487 887 542 ΚΕΛΣΟΥ
905 489 930 546 2
953 489 995 544 58.
1013 488 1054 542 59.
1072 487 1114 542 60.
1470 489 1510 552 63

207 672 363 735 γραπται.
406 654 482 734 περὶ
511 652 547 718 δὲ
576 655 636 738 τῆς
665 656 886 738 κοσμοποιίας
917 657 973 721 καὶ
1002 657 1066 722 τοῦ
1094 643 1164 739 μετ’
1192 643 1300 737 αῦτιΙν
1329 642 1512 717 ἀπολειπο-

206 752 310 834 μένου
336 753 559 836 σαββατισμοῦ
587 755 639 839 τῷ
669 756 741 840 λαῷ
771 757 835 820 τοῦ
863 756 946 822 θεοῦ
972 750 1118 835 ,,πολύς“
1141 741 1183 819 ἀν
1205 751 1253 836 ε’ίη
1275 751 1331 817 καὶ
1351 741 1512 835 μυστικὸς

206 853 262 916 καὶ
282 845 389 930 βαθὺς
410 852 465 916 καὶ
486 845 770 938 ,δυσερμήνευτος
792 845 921 940 λόγος.“

290 947 362 1016 εἶτα
392 949 485 1016 δοκεῖ
510 974 568 1034 μοι
599 945 640 1018 τὸ
669 953 799 1032 βιβλίον
821 956 1063 1039 συμπληροῦσαι
1084 955 1199 1020 θέλων
1220 955 1274 1018 καὶ
1295 952 1377 1036 μέγα
1399 950 1512 1016 δοκεῖν

173 1060 189 1113 5
207 1046 291 1116 εἶναι
312 1051 425 1116 ποιῶν
445 1050 516 1134 εἰκῇ
530 1052 753 1133 προστιθέναι
768 1047 855 1132 τινά,
876 1042 979 1119 ὁποῖά
993 1051 1064 1120 ἐστι
1079 1054 1134 1118 καὶ
1149 1046 1193 1119 τά
1207 1046 1293 1118 κατὰ
1316 1045 1388 1117 τὸν
1410 1051 1513 1133 πρῶ·

208 1173 279 1216 τον
301 1140 537 1232 ἄνθρωπον,
563 1143 610 1230 οίς
632 1141 697 1235 ἀρα
728 1153 893 1238 λέγομεν
919 1147 992 1220 τὸν
1014 1146 1138 1220 αῦτὸν
1161 1149 1244 1218 εἶναι
1267 1143 1315 1228 οἷς
1342 1150 1398 1216 καὶ
1423 1139 1512 1214 'Iov-

208 1250 314 1316 δαῑοι
342 1250 406 1315 καὶ
443 1244 516 1334 τὴν
546 1241 609 1316 ἀπ’
635 1251 792 1318 ἐκείνου
817 1247 1007 1338 διαδοχὴν
1037 1243 1188 1335 δμοίως
1214 1243 1353 1328 αῦτοῑς
1379 1271 1511 1333 γενεα-

208 1349 414 1434 λογοῦμεν.
450 1340 608 1416 ἀλλὰκαὶ
629 1351 683 1428 εἰς
706 1343 901 1436 ἀλλήλους
922 1354 983 1438 μὲν
1005 1345 1224 1435 ἐπιβουλὴν
1245 1341 1429 1431 ἀδελφῶν
1451 1340 1513 1413 οῦκ

207 1448 310 1531 ίσμεν,
331 1441 395 1516 τὸν
411 1447 446 1513 δὲ
457 1441 544 1514 Κάϊν
559 1447 866 1533 ἐπιβεβουλευκέναι
881 1455 932 1538 τῷ
951 1443 1045 1532 ’Ἅβελ
1059 1454 1115 1517 καὶ
1130 1444 1194 1516 τὸν
1206 1442 1304 1516 Ἠσαῦ
1319 1452 1370 1536 τῷ
1385 1440 1512 1526 Ἰακώβ·

157 1555 189 1608 10
208 1539 249 1614 οῦ
278 1541 341 1632 γάρ
359 1539 453 1627 Ἅβελ
483 1549 534 1632 τῷ
558 1541 644 1615 Κάϊν
675 1545 913 1628 ἐπεβούλευσεν
942 1544 1019 1618 οῦδὲ
1046 1542 1204 1631 δἸακάβ
1224 1551 1275 1634 τῷ
1296 1542 1405 1614 Ἠσαῦ·
1429 1535 1512 1630 ῦπερ

208 1647 236 1712 εί
262 1637 415 1730 ἐγεγόνει,
443 1639 646 1726 ἀκολούθως
669 1638 712 1714 ἀν
734 1647 827 1715 εἶπεν
849 1640 868 1715 ὁ
891 1652 1019 1728 Κέλσος
1045 1645 1107 1729 τὰς
1133 1651 1187 1728 εἰς
1213 1642 1412 1734 ἀλλήλους
1439 1649 1513 1714 τοῦν

209 1737 396 1828 ἀδελφῶν
423 1741 639 1826 ἐπιβουλάς
666 1741 739 1825 τάς
764 1741 887 1826 αῦτάς
909 1740 993 1834 ἡμᾶς
1010 1745 1215 1827 Ἰουδαίοις
1241 1745 1395 1833 ἱστορεῖν.
1424 1743 1512 1813 ἔστω

209 1845 245 1912 δέ
275 1845 331 1911 καὶ
358 1839 431 1929 τὴν
457 1847 511 1923 είς
534 1846 741 1930 Αἴγυπτον
763 1838 848 1932 ἡμᾶς
870 1839 1096 1933 ἀποδημίαν
1129 1843 1201 1932 τὴν
1231 1840 1358 1932 αὐτὴν
1384 1848 1514 1930 λέγειν

209 1943 378 2022 ἐκείνοις
400 1946 471 2010 καὶ
499 1939 571 2030 τὴν
597 1945 754 2012 ἐκεῖθεν
776 1940 946 2014 ἐπάνοδον
967 1951 1022 2014 καὶ
1045 1940 1086 2014 οῦ
1108 1942 1249 2032 φυγὴν,
1273 1939 1321 2024 οῦς
1342 1936 1361 2011 ὁ
1386 1947 1514 2022 Κέλσος

160 2051 192 2104 15
211 2045 348 2128 νομίζει·
386 2045 420 2110 τί
450 2031 513 2111 οῦν
548 2046 657 2112 ταῦτα
687 2037 911 2130 συμβάλλεται
939 2039 1025 2130 πρὸς
1058 2041 1122 2131 τὴν
1150 2038 1229 2112 καθ’
1253 2036 1349 2130 ἡμῶν
1376 2033 1397 2126 ἢ
1427 2038 1513 2109 κατὰ

210 2133 411 2210 Ἰουδαίων
438 2145 660 2228 κατηγορίαν;
688 2141 773 2211 ἔνθα
800 2145 862 2229 μὲν
888 2133 952 2212 οῦν
978 2137 1067 2231 ᾤετο
1092 2138 1265 2230 χλευάσειν
1291 2134 1376 2230 ἡμᾶς
1403 2141 1439 2208 ἐν
1461 2143 1513 2226 τῴ

209 2241 286 2324 περὶ
308 2243 382 2308 τῶν
402 2231 562 2327 Ἑβραίων
583 2235 686 2329 λόγῳ,
708 2239 838 2329 φυγὴν
861 2237 1048 2331 ω’νόμαςεν·
1078 2235 1167 2314 ὅπου
1188 2235 1222 2311 δ’
1237 2231 1280 2328 ἦν
1301 2236 1342 2310 τὸ
1364 2263 1513 2326 πραγμα-

210 2333 308 2407 τικὸν
329 2333 481 2423 ἐξετάσαι
501 2347 579 2428 περὶ
603 2346 677 2409 τῶν
700 2335 1001 2430 ἀναγεγραμμένων
1021 2349 1196 2430 μαστίγων
1213 2342 1456 2428 ἐπεληλυθέναι
1471 2343 1514 2424 τῇ

209 2432 400 2526 Αἰγύπτῳ
424 2433 492 2508 ἀπὸ
515 2444 578 2509 τοῦ
599 2444 692 2522 θεοῦ,
715 2435 814 2510 τοῦθ’
837 2438 926 2510 ἐκιῦν
948 2439 1144 2530 ἐσιώπησεν.

158 2561 193 2616 20
291 2555 354 2622 LX.
391 2556 430 2621 Εί
458 2549 493 2621 δ’
515 2548 662 2642 ἀκριβῶς
687 2552 750 2643 χρὴ
780 2549 865 2643 ἡμᾶς
891 2561 999 2644 λέγειν
1025 2553 1068 2627 τά
1090 2553 1176 2644 πρὸς
1198 2552 1262 2626 τὸν
1285 2560 1426 2639 Κέλσον,
1449 2550 1515 2625 οίό-

125 2663 192 2718 136v
208 2679 313 2740 μενον
345 2650 393 2723 τά
424 2648 524 2724 αῦτά
556 2647 641 2742 ἡμᾶς
671 2647 875 2736 Ἰουδαίοις
894 2664 898 2740 Ι
917 2663 994 2743 περὶ
1025 2663 1098 2727 τῶν
1125 2657 1328 2744 ἐκκειμένων
1354 2650 1515 2740 δοξάζειν,

210 2750 362 2843 φήσομεν
384 2745 440 2824 δτι
462 2751 505 2823 τά
526 2756 586 2840 μὲν
608 2759 717 2837 βιβλία
738 2762 824 2842 θείῳ
847 2751 1037 2843 γεγράφθαι
1055 2752 1221 2844 πνεύματι
1243 2749 1517 2843 ὁμολογοῦμεν

210 2848 407 2942 ἀμφότεροι,
435 2861 439 2936 Ι
467 2858 543 2940 περὶ
575 2857 610 2922 δὲ
640 2858 701 2942 τῆς
732 2857 871 2944 ἐκδοχῆς
901 2862 975 2926 τῶν
1004 2858 1041 2925 ἐν
1071 2871 1145 2936 τοις
1170 2861 1311 2942 βιβλίοις
1337 2849 1449 2924 οὐκέτι
1472 2850 1516 2923 τὰ
1534 2863 1586 2919 624

211 2945 311 3042 ῦμοιά
341 2979 465 3041 φαμεν,
489 2952 525 3022 οἳ
550 2979 586 3040 γε
609 2949 686 3023 οὐδὲ
707 2959 843 3042 βιοῦμεν
866 2951 914 3037 ἀς
942 2949 1124 3025 Ἰουδαῑοι
1153 2959 1204 3043 τῷ
1228 2971 1369 3040 φρονεῖν
1391 2948 1432 3023 οῦ
1452 2951 1518 3040 τὴν

159 3062 192 3118 25
209 3051 296 3124 κατὰ
327 3052 368 3124 τὸ
401 3050 508 3140 ῥητὸν
538 3050 680 3140 ἐκδοχὴν
707 3061 781 3124 τῶν
808 3049 925 3142 νόμων
948 3055 1033 3125 εἶναι
1055 3053 1118 3143 τὴν
1140 3057 1357 3140 περιέχουσαν
1379 3049 1420 3121 τὸ
1442 3049 1518 3134 βοῦ-

210 3163 297 3242 λημα
320 3157 380 3241 τῆς
402 3158 612 3239 νομοθεσίας.
654 3159 711 3221 καὶ
732 3159 873 3242 λέγομεν
895 3149 928 3223 δ’
951 3146 1016 3236 ὅτι,
1038 3150 1158 3243 ,ἡνίκα
1180 3145 1223 3222 ἀν
1245 3146 1517 3240 ἀναγινώσκηται
1565 3172 1572 3183 ’

210 3257 397 3340 Μωῦσῆς,
428 3246 583 3336 κάλυμμα
608 3253 663 3319 ἐπὶ
686 3249 750 3340 τὴν
779 3257 920 3341 καρδίαν
946 3263 1072 3323 κειταια
1102 3257 1155 3342 τῷ
1184 3269 1256 3333 τοῖς
1287 3249 1351 3339 τὴν
1380 3249 1434 3320 διὰ
1461 3245 1516 3338 '1⁷2-

211 3359 272 3423 σοῦ
292 3355 443 3440 Χριστοῦ
470 3347 515 3438 μὴ
550 3344 795 3439 ἀσπασαμένοις
826 3346 908 3422 ὁδὸν
938 3350 1184 3440 ἐπικεκράφθαι
1213 3349 1254 3422 τὸ
1283 3347 1433 3438 βούλημα
1455 3354 1518 3420 τοῦ

211 3457 414 3532 Μωῦσέως
435 3444 551 3536 νόμον.
586 3452 679 3536 ίσμεν
698 3447 730 3521 δ’
750 3443 814 3535 ὅτι,
837 3449 917 3536 ,ἐὰν
932 3456 1119 3540 ἐπιστρέψῃ
1134 3480 1186 3534 τις
1201 3449 1287 3539 πρὸς
1302 3447 1366 3522 τὸν
1380 3445 1518 3536 κύριονίί

160 3558 194 3614 30
211 3545 263 3639 Ι,,δ
287 3556 321 3622 δὲ
348 3548 464 3638 κῦριος
485 3547 527 3620 τὸ
549 3546 680 3638 πνεῦμά
702 3553 820 3639 ἐστί’),
846 3560 1072 3640 περιαιρεθεὶς
1101 3551 1163 3636 ,τὸ
1183 3546 1357 3639 κάλυμμα(
1382 3544 1518 3633 ,ἀνακε-

211 3655 411 3740 καλυμμένῳ
446 3647 622 3738 προσοέπφ
650 3649 735 3739 τῆν’
757 3655 793 3722 ἐν
823 3667 894 3734 τοῖς
923 3657 1158 3740 κεκρυμμένοις
1187 3646 1328 3740 νοήμασι
1355 3647 1442 3718 κατὰ
1475 3647 1518 3717 τὰ

297 3871 315 3928 2
334 3870 398 3939 231.
416 3869 499 3924 Hebr.
517 3872 541 3934 5,
561 3872 602 3924 11.
622 3901 652 3910 -
672 3869 690 3926 5
709 3869 773 3940 231.
792 3870 859 3926 Gen.
873 3875 896 3935 1,
909 3871 952 3926 26.
964 3872 1005 3926 27.
1029 3872 1053 3938 2,
1067 3875 1089 3926 7.
1108 3901 1142 3910 -
1162 3871 1176 3928 7
1196 3870 1261 3940 231.
1277 3870 1519 3934 Matth.1,1-17.

211 3957 279 4012 Luk.
301 3957 330 4021 3,
354 3955 462 4012 23-38.
489 3985 523 3994 -
548 3957 567 4012 θ
590 3955 654 4024 231.
673 3956 740 4010 Gen.
758 3959 787 4022 4,
811 3957 835 4012 81
862 3985 896 3995 —
927 3954 990 4024 231.
1009 3955 1076 4010 Gen.
1094 3957 1139 4023 27,
1157 3959 1199 4011 41.
1221 3983 1255 3994 -
1281 3955 1319 4011 18
1347 3951 1520 4023 23111κοδ.

212 4043 236 4106 7,
255 4043 373 4106 14-12,
390 4041 432 4096 29.
457 4069 491 4080 -
518 4039 556 4096 26
578 4039 728 4107 11Κοι.3,
748 4043 839 4096 15.-
861 4039 900 4098 23
922 4040 1029 4096 ΙΙΚοι.
1048 4043 1183 4106 3,16.-
1202 4040 1285 4096 3611
1306 4039 1521 4104 Κοτ.3,17.-

212 4125 275 4196 231.
293 4127 320 4180 Π
337 4125 399 4180 Kor.
419 4127 443 4190 3,
463 4125 503 4179 16.
522 4124 563 4180 18.

299 4311 315 4365 1
340 4301 429 4379 αι’-τὴν
452 4308 576 4362 εο1ιιε16ε
598 4307 642 4361 ioh
663 4306 716 4361 mih
737 4307 786 4362 Βο.
804 4307 902 4378 (Notae
920 4326 945 4378 p.
963 4309 1024 4377 392)
1042 4325 1068 4364 u.
1086 4309 1147 4364 Del.
1164 4309 1186 4377 ΙΙ
1203 4309 1253 4364 623
1272 4311 1353 4363 Anm.
1371 4306 1409 4376 ο),
1432 4298 1522 4362 αιἰτδν

212 4397 345 4465 AAusgg.
368 4397 374 4464 Ι
396 4395 415 4452 5
433 4393 560 4464 πρῶτον]
580 4395 605 4447 ὦ
622 4391 804 4461 θοοι3εεα1π,
823 4410 839 4446 ο
857 4392 887 4445 in
905 4392 1047 4447 θοιτεοίατ
1065 4398 1089 4448 Α
1112 4395 1117 4461 Ι
1142 4394 1181 4450 10
1206 4387 1274 4452 δ<
1291 4391 1428 4460 MAusgg.
1451 4393 1456 4460 Ι
1482 4390 1520 4445 13

214 4475 375 4550 ἀποδημίαν
396 4497 445 4533 aus
468 4474 617 4548 ἐπιδημίαν
639 4493 706 4531 corr.
726 4478 762 4530 Δ1
784 4476 788 4542 Ι
809 4476 848 4532 16
864 4472 1017 4546 χλευάσειν
1033 4481 1057 4532 Α
1073 4474 1220 4548 χλευάζειν
1236 4481 1338 4546 Αυε33.
1355 4479 1359 4545 Ι
1375 4475 1414 4532 21
1433 4471 1521 4531 ἐκκει·

213 4564 309 4634 μένων
326 4563 449 4620 schreibe
467 4564 512 4618 ich
529 4563 580 4617 mit
600 4561 682 4617 (διάει
699 4560 753 4630 (bei
771 4559 831 4617 Del.
849 4562 1028 4617 1623Anm.
1047 4562 1080 4631 ε),
1099 4563 1153 4632 ι31.
1172 4562 1243 4617 oben
1261 4560 1286 4616 V
1304 4564 1345 4630 51,
1363 4561 1389 4616 S.
1401 4563 1434 4616 55
1452 4561 1480 4615 Z.
1493 4561 1520 4626 λς

214 4645 387 4721 ἐγκειμένων
404 4649 537 4717 AAusgg.
558 4649 562 4715 Ι
582 4645 621 4702 26
640 4639 889 4716 ἀναγιγνώσκηται
907 4650 931 4700 Α
946 4647 950 4714 Ι
966 4647 1005 4702 23
1022 4645 1157 4715 μωῖισέος
1174 4651 1206 4702 A.
