3772 5526
380 497 420 559 26
927 489 1150 544 ΩΡΙῙἜΝΟΥΣ

381 673 457 722 σαν·
487 647 668 722 Ἰουδαῖοι
695 657 765 741 μέν
793 643 866 724 οῦν
897 654 1016 735 ἔθνος
1047 657 1153 724 ἔδιον
1181 648 1393 741 γενόμενοι
1421 658 1487 720 καὶ
1514 649 1617 721 κατὰ
1642 650 1866 724 τὸΡ1.1ῖῖ.2Ι

380 751 601 838 ἐπιχώριον
629 748 779 840 νόμους
806 757 971 840 θέμενοι
998 760 1065 822 καί
1095 749 1268 832 τούτους
1296 754 1339 820 ἐν
1367 756 1503 837 σφίσιν
1530 754 1590 821 ἔτι
1616 757 1689 820 νῦν

380 856 718 936 περιστέλλοντες
746 858 811 920 καὶ
839 859 1060 940 θρησκείαν
1089 847 1239 923 όποίαν
1261 849 1320 939 δὴ,
1347 847 1524 938 πάτριον
1546 845 1579 919 δ’
1602 840 1688 933 οῦν,

381 947 656 1035 φυλάσσοντες
693 943 810 1038 όμοια
845 968 931 1033 τοῖς
972 947 1112 1034 ἄλλοις
1148 947 1386 1036 ἀνθρώποις
1422 956 1586 1037 δρῶσιν,
1626 943 1689 1020 ότι

346 1049 546 1120 δέκαστσι
582 1048 631 1118 τὰ
666 1046 829 1139 πάτρια,
866 1044 986 1120 όποίά
1020 1047 1113 1122 ποτ’
1143 1044 1189 1120 ἔν
1226 1046 1324 1136 τύχη
1354 1047 1688 1136 <καθεστηκότα>,

380 1154 625 1235 περιέπουσι.
669 1156 780 1221 δοκεῖ
806 1145 839 1219 δ’
866 1144 1000 1232 οῦτως
1033 1155 1099 1220 καί
1133 1155 1363 1239 συμφέρειν,
1393 1145 1438 1218 οῦ
1466 1148 1596 1237 μόνον
1623 1177 1687 1218 κα-

380 1243 478 1318 θότι
507 1252 572 1318 ἐπὶ
599 1253 701 1318 νοῦν
730 1239 854 1337 ἦλθεν
881 1243 1017 1332 ἄλλοις
1039 1245 1169 1332 ἄλλως
1190 1253 1349 1338 νομίσαι
1370 1255 1435 1317 καὶ
1457 1251 1517 1317 δεῖ
1537 1245 1688 1333 φυλάτ-

381 1374 468 1418 τειν
504 1345 552 1416 τὰ
587 1350 625 1428 ἐς
653 1348 797 1418 κοινὸν
825 1354 1096 1436 κεκυρωμένα,
1127 1345 1224 1418 ἀλλὰ
1254 1354 1318 1418 καὶ
1348 1340 1412 1417 ὅτι
1438 1343 1490 1428 οἷς
1512 1348 1618 1429 εἰκὸς
1642 1347 1688 1416 τὰ

380 1453 479 1536 μέρη
509 1451 581 1534 τῆς
608 1451 679 1534 γῆς
708 1448 747 1531 ἐξ
776 1442 895 1536 ἀρχῆς
923 1443 1022 1519 ἄλλα
1050 1443 1190 1530 ἄλλοις
1219 1448 1416 1528 ἐπόπταις
1446 1451 1689 1536 νενεμημένα

331 1570 364 1623 10
381 1553 446 1615 καὶ
482 1541 584 1615 κατά
621 1571 734 1627 τινας
769 1547 1028 1634 ἐπικρατείας
1056 1552 1316 1636 διειλημμένα
1345 1543 1470 1632 ταύτη
1498 1553 1563 1616 καὶ
1591 1552 1687 1618 διοι-

381 1663 521 1715 κεῖται.
556 1650 621 1714 καί
642 1643 688 1732 δὴ
711 1643 757 1714 τὰ
778 1640 867 1734 παρ’
882 1642 1067 1728 ἑκάστοις
1089 1640 1226 1734 ὀρθῶς
1248 1639 1295 1715 όν
1315 1641 1542 1734 πράττοιτο
1561 1643 1687 1731 ταύτη

382 1743 586 1832 δρώμενα,
624 1735 701 1830 ὅπη
736 1749 908 1828 ἐκείνοις
944 1750 1081 1832 φίλον·
1124 1743 1347 1832 παραλύειν
1389 1751 1428 1815 δὲ
1464 1740 1537 1832 ούχ
1573 1737 1686 1816 όοιον

382 1845 487 1914 εῖναι
516 1843 564 1912 τά
595 1846 636 1926 ἐξ
665 1839 788 1932 άρχῆς
819 1846 919 1916 κατὰ
941 1842 1094 1927 τόπους
1116 1849 1386 1933 νενομισμένα.
1429 1848 1465 1914 ἐν
1488 1844 1627 1926 τούτοις
1647 1843 1686 1932 δὴ

382 1937 401 2012 ό
418 1947 547 2025 Κέλσος
568 1946 722 2030 ἐμφαίνει
745 1938 800 2014 ὅτι
821 1948 854 2014 σί
875 1941 980 2015 πάλαι
994 1943 1179 2034 Αἰγύπτιοι
1198 1944 1379 2014 Ἰουδαῖοι
1401 1937 1546 2032 ύστερον
1567 1945 1686 2026 ἔθνος

331 2065 363 2119 15
381 2047 569 2130 ἐγίνοντο
592 2046 712 2126 ίδιον,
734 2049 800 2112 καὶ
820 2043 970 2133 νόμους
991 2051 1157 2132 θέμενοι
1178 2041 1352 2125 τούτους
1373 2049 1688 2132 περιστέλλουσι.

380 2147 436 2211 καὶ
466 2145 520 2212 ἵνα
548 2140 593 2230 μὴ
615 2142 880 2231 ἐπαναλάβωμεν
906 2143 967 2226 τὰς
993 2147 1183 2232 έκκειμένας
1209 2149 1273 2213 τοῦ
1297 2149 1428 2213 Κέλσου
1454 2148 1571 2228 λέξεις,
1609 2151 1689 2232 φησὶ

380 2249 437 2311 καὶ
467 2246 682 2330 συμφέρειν
712 2240 850 2324 τούτοις
880 2240 928 2312 τὰ
954 2239 1106 2331 πάτρια
1135 2235 1335 2329 θρησκεύειν
1358 2237 1484 2330 ὁμοίως
1511 2259 1597 2324 τοῖς
1623 2239 1688 2313 άλ-

381 2350 469 2423 λοις
495 2341 632 2411 ἔθνεσι
658 2341 701 2410 τὰ
729 2345 812 2411 ἴδια
833 2347 1077 2428 περιέπουσι
1119 2349 1174 2410 καὶ
1202 2347 1394 2428 βαθυτέραν
1414 2341 1491 2410 τινὰ
1512 2345 1686 2414 ἐκτίθεται

381 2447 458 2526 περὶ
487 2445 551 2510 τοῦ
589 2446 804 2527 συμφέρειν
839 2435 1044 2523 Ἰουδαίοις
1071 2447 1280 2526 περιέπειν
1312 2440 1359 2512 τά
1388 2439 1538 2529 πάτρια
1563 2447 1684 2524 αίτίαν,

331 2538 613 2626 ῖοαίνισσόμενος
651 2531 705 2609 ότι
741 2537 824 2621 τούς
860 2537 1039 2609 ἑκάστων
1075 2540 1222 2627 νόμους
1257 2543 1290 2610 οἱ
1322 2541 1484 2628 λαχόντες
1513 2539 1686 2612 ἐπόπται

382 2639 468 2708 εἶναι
498 2643 566 2725 τῆς
595 2642 664 2725 γῆς
693 2645 767 2708 τῶν
793 2645 1103 2728 νομοθετουμένων
1128 2645 1368 2728 συνεργοῦντες
1389 2659 1461 2722 τοῖς
1483 2645 1686 2728 νομοθέταις

383 2739 536 2806 ἔθεντο.
579 2737 688 2806 ἔοικεν
717 2728 780 2808 οῦν
809 2743 937 2826 δηλοῦν
960 2732 1014 2810 ότι
1035 2746 1091 2807 καὶ
1112 2737 1177 2827 την
1201 2733 1402 2809 Ἰουδαίων
1427 2739 1545 2828 χώραν
1571 2737 1686 2809 καὶτὸ

382 2831 433 2905 ἐπ’
457 2831 560 2924 αὐτῆς
590 2836 711 2918 ἔθνος
741 2835 923 2908 ἐποπτεύει
952 2865 1004 2919 τις
1030 2831 1050 2925 ἧ
1072 2865 1174 2921 τινες,
1201 2834 1259 2924 ἔφ’
1281 2829 1322 2908 οὗ
1346 2834 1366 2928 ἢ
1388 2835 1446 2925 ὕφ’
1469 2829 1519 2908 ὧν
1541 2841 1573 2908 οί
1595 2833 1686 2908 ’Iov-

383 2940 508 3004 δαίων
531 2933 647 3022 νόμοι
668 2942 911 3024 συνεργοῦντος
932 2930 954 3023 ἢ
976 2934 1234 3024 συνεργούντων
1255 2944 1396 3007 Μωῦσεῖ
1415 2942 1620 3026 ἐτέθησαν.

331 3071 364 3124 25
464 3055 578 3120 XXVI.
621 3058 686 3121 Καὶ
713 3051 791 3140 χρὴ,
824 3059 919 3141 φησὶ,
952 3051 1032 3134 τοῦς
1063 3049 1208 3141 νόμους
1237 3073 1366 3142 τηρεῖν,
1397 3051 1442 3124 ού
1469 3051 1596 3141 μόνον
1622 3081 1687 3122 κα-

298 3146 477 3221 1291θότι
512 3155 577 3221 ἐπὶ
616 3156 714 3221 νοῦν
738 3155 742 3238 Ι
766 3141 892 3238 ἦλθεν
928 3145 1067 3232 άλλσις
1101 3147 1233 3234 άλλως
1263 3159 1422 3242 νομίσαι
1450 3159 1514 3224 καὶ
1545 3147 1600 3222 ότι
1630 3157 1689 3222 δεῖ

382 3247 608 3336 φυλάσσειν
639 3248 687 3319 τά
716 3253 754 3332 ἐς
782 3251 925 3321 κοινὸν
952 3257 1221 3340 κεκυρωμένα,
1252 3249 1349 3322 άλλά
1379 3259 1443 3322 καὶ
1471 3245 1535 3322 ότι
1561 3249 1612 3335 αλς
1639 3257 1687 3321 εἰ·

380 3348 451 3432 κὸς
481 3348 528 3418 τά
557 3354 652 3437 μέρη
682 3353 752 3437 τῆς
781 3354 850 3438 γῆς
874 3353 914 3434 ἐξ
937 3344 1057 3438 άρχης
1079 3345 1179 3420 άλλα
1200 3347 1340 3433 ἄλλοις
1362 3349 1558 3435 ἐπόπταις
1581 3379 1687 3421 νενε-

381 3454 534 3536 μημένα
561 3454 624 3517 καὶ
651 3445 751 3518 κατά
773 3475 887 3530 τινας
908 3453 1164 3536 ἐπικρατείας
1191 3455 1452 3540 διειλημμένα
1474 3449 1601 3539 ταύτῃ
1623 3457 1686 3520 καὶ

468 3667 487 3722 θ
506 3665 567 3735 Vgl.
584 3666 678 3734 Tacit,
697 3667 766 3722 Hist.
785 3667 809 3720 V
828 3670 851 3722 5.
869 3697 902 3706 —
921 3667 940 3721 θ
958 3665 1021 3736 Vgl.
1039 3667 1127 3732 Plato,
1146 3668 1279 3722 Politikos
1297 3669 1361 3739 Cap.
1380 3667 1431 3722 XV
1448 3687 1473 3739 p.
1492 3669 1619 3725 271DE.

467 3866 485 3922 θ
505 3858 643 3935 όποιανδὴ
661 3870 686 3921 A
701 3867 737 3933 15
756 3857 843 3922 ὁποῖά
860 3862 926 3922 κοτ’
945 3867 1108 3921 ΦΒελΗοΙι.
1128 3857 1186 3937 όπὴ
1202 3861 1268 3922 ποτ’
1285 3872 1310 3922 Α
1325 3869 1329 3936 Ι
1346 3863 1576 3938 (καθεστηκότα)
1594 3885 1642 3922 aus
1662 3867 1688 3921 Φ

381 3951 434 4006 mit
450 3951 509 4006 Del.
519 3950 587 4007 Rob.
605 3951 747 4021 eingefiigt
762 3953 765 4020 Ι
782 3952 801 4006 δ
820 3945 847 4005 δ’
866 3951 1072 4019 AAusggRoh.
1091 3948 1120 4006 δέ
1134 3951 1161 4004 Φ
1175 3954 1180 4019 Ι
1196 3941 1287 4017 οῦτως
1304 3954 1356 4006 ΑΒ
1375 3945 1451 4010 ούτω
1470 3951 1687 4020 ODEHAusgg.

381 4035 450 4090 Rob.
470 4038 474 4104 Ι
498 4037 511 4091 7
537 4038 580 4091 δεῖ
604 4036 689 4090 ΦΒο.
708 4035 806 4105 (Notae
824 4053 848 4106 p.
867 4037 926 4104 390)
954 4035 1100 4102 Del.Rob.‚
1130 4036 1185 4104 vgl.
1203 4039 1289 4091 unben
1308 4038 1332 4091 V
1350 4039 1390 4101 26,
1409 4038 1436 4092 Ζ.
1454 4038 1499 4100 26;
1533 4039 1590 4092 δεῖν
1607 4036 1687 4090 ΑΗδ.

381 4120 424 4191 Sp.
449 4123 453 4189 Ι
478 4115 637 4190 φυλάττειν]
657 4141 667 4176 ι
684 4121 856 4191 Abergeschr.
873 4123 911 4174 A¹
935 4123 940 4189 Ι
968 4115 1035 4184 θές
1052 4120 1182 4189 AAusgg.
1201 4119 1241 4186 είς
1260 4121 1363 4176 (ssoh.
1387 4124 1391 4190 Ι
1417 4123 1453 4178 11
1475 4116 1516 4192 δὴ]
1536 4115 1552 4190 ἢ
1574 4121 1605 4174 in
1626 4121 1688 4174 Cor·

381 4207 471 4258 rentur
487 4209 513 4258 A
530 4207 574 4259 δεῖ
588 4204 641 4259 Pat
656 4207 660 4274 Ι
677 4206 714 4262 13
732 4203 933 4276 νενομισμένα]
951 4211 986 4274 μἰ·
1001 4205 1173 4274 flbergesehr.
1187 4208 1223 4259 A¹
1239 4206 1243 4274 Ι
1260 4205 1297 4261 15
1316 4203 1464 4278 ἐγίγνοντο
1484 4205 1687 4276 AH6.Sp.R0b.

382 4283 516 4357 ἐγένοντο
537 4289 631 4343 wel.
647 4291 652 4358 Ι
669 4291 706 4346 16
724 4286 951 4362 ἐπαναλάβινμεν
968 4289 1216 4359 AB²Ausgg.R0b.
1234 4287 1520 4363 ἐκαναλαμβάνωμεν
1537 4289 1688 4346 B¹CDEH

382 4384 684 4460 έπανανλαμβάνωμεν
700 4391 773 4460 pat!
790 4387 953 4458 ἐκκειμένας
971 4391 1200 4461 ΜλΑυεςςᾸίοί).
1219 4373 1383 4461 έάκειμένας
1401 4394 1449 4464 [so]
1468 4395 1505 4446 A1
1523 4389 1689 4463 ἐγκειμένας

384 4474 411 4527 Φ
429 4475 434 4542 Ι
455 4475 492 4530 l?
514 4465 630 4544 ὁμοίως]
650 4495 673 4529 ω
691 4476 721 4529 in
739 4476 881 4530 Οστεευίυε
899 4477 922 4528 A
943 4479 946 4542 Ι
967 4476 1007 4531 28
1024 4474 1099 4541 τινὲς
1116 4495 1164 4530 aus
1181 4477 1255 4541 τίνες
1272 4493 1340 4533 corr.
1358 4480 1382 4531 A
1397 4483 1400 4544 Ι
1416 4478 1456 4534 24
1474 4486 1587 4546 μωνσεῖ
1601 4476 1688 4531 ΜΡεί

381 4558 510 4628 BAusgg.
529 4565 629 4628 μωυσῆ
651 4559 790 4614 ΔΟΒΕΗ
810 4561 915 4615 Μωσεῖ
934 4559 1003 4614 Βοί).
1019 4561 1023 4628 Ι
1039 4561 1076 4616 27
1106 4557 1265 4631 φυλάσσειν
1282 4563 1516 4632 ABAusgg.R0b.
1535 4558 1688 4632 φυλάττειν

381 4642 548 4698 ΡείΟΒΕΗ
564 4645 568 4712 Ι
584 4639 613 4708 ἐς
630 4647 761 4714 AAusgg.
779 4643 819 4708 είς
839 4643 938 4698 woh.
