3780 5538
666 478 758 533 ΠΕΡΙ
776 477 912 534 ΕΥΧΗΣ
936 477 968 546 0,
985 479 1010 530 4.
1028 478 1052 530 5.
1081 477 1109 532 λ.
1473 483 1533 546 315

232 639 371 726 Ἰούδαν,
407 636 674 732 ἐπιδημήσαντός
706 668 772 729 μου
808 643 872 710 τοῦ
896 641 984 720 Ιυίοῦ
1020 645 1071 728 τῷ
1102 646 1176 711 τῶν
1206 635 1407 726 ἀνθρώπων
1437 645 1534 728 γένει,

232 739 319 813 κατά
346 746 407 830 μὲν
433 737 623 829 τάςάρχάς
648 735 808 828 ἐσόμενον
833 736 941 810 καλὸν
966 743 1021 809 καὶ
1042 733 1176 826 άγαθὸν
1196 731 1340 828 ὕστερον
1362 743 1398 810 δὲ
1419 743 1535 828 ἐκτρα-

231 837 424 931 πησόμενον
449 847 506 910 καὶ
532 844 577 922 εἰς
600 837 642 910 τὰ
664 835 869 928 ἀνθρώπινα
892 833 1116 927 άμαρτὴματα
1137 835 1392 928 ἐκπεσοῦμενον,
1416 833 1535 911 ὅντινα

233 945 287 1012 ἐπὶ
315 937 452 1022 τούτοις
474 934 616 1026 εύλογον
637 940 730 1008 ἔσται
750 947 878 1008 παθεῖν
899 934 981 1009 τάδε
1003 933 1087 1008 τινά.
1124 932 1158 1025 (ἡ
1180 942 1215 1008 δέ
1236 934 1430 1028 πρόγνωσις
1447 933 1534 1028 αῦτη

198 1037 318 1128 5τάχα
343 1045 404 1129 μὲν
429 1043 485 1110 ἐπὶ
511 1035 656 1109 πάντων
681 1034 823 1120 πάντως
849 1039 885 1106 δὲ
911 1038 965 1105 ἐπὶ
986 1030 1090 1106 Ἰούδα
1115 1042 1170 1108 καὶ
1193 1038 1321 1128 ἑτέρων
1341 1045 1536 1128 μυστηρίων

153 1173 156 1178 ·
232 1145 286 1210 καί
312 1144 349 1210 ἐν
377 1145 428 1230 τῷ
454 1140 518 1229 υίῷ
545 1144 608 1210 τοῦ
631 1143 717 1209 θεοῦ
739 1142 880 1226 γίνεται,
909 1129 1077 1224 ἑωρακότι
1100 1142 1143 1224 τῇ
1163 1135 1365 1228 κατανοήσει
1385 1145 1449 1210 τοῦ
1471 1145 1536 1226 ἐξε-

233 1243 354 1328 λιγμοῦ
385 1244 460 1309 τῶν
489 1241 659 1327 ἐσομένων
687 1235 750 1308 τὸν
771 1232 897 1307 Ἰούδαν
926 1241 982 1303 καὶ
1009 1233 1051 1304 τὰ
1078 1229 1300 1327 άμαρτὴματα
1327 1237 1370 1310 τά
1392 1233 1537 1328 άμαρτη-

231 1334 404 1428 θησόμενα
431 1333 540 1427 αύτῷ·
573 1329 663 1408 οῦστε
687 1334 771 1423 μετά
798 1331 1022 1423 καταλήψεως
1050 1330 1165 1418 αύτὸν,
1192 1344 1248 1406 καὶ
1274 1343 1355 1426 πρὶν
1380 1345 1536 1426 γενέσθαι

233 1437 296 1510 τὸν
315 1434 451 1520 Ἰούδαν,
479 1435 532 1509 διά
561 1442 624 1508 τοῦ
647 1439 749 1506 Δαυίδ
774 1439 952 1522 εἰρηκέναι·
981 1429 1020 1518 ,ὁ
1047 1432 1141 1519 θεὸς,
1170 1435 1234 1526 τὴν
1260 1441 1386 1508 αλνεσίν
1405 1467 1471 1526 μου
1490 1437 1535 1527 μὴ

182 1551 215 1604 10
232 1534 516 1626 παρασιωπὴσης“
547 1542 602 1606 καὶ
635 1533 678 1606 τά
708 1535 801 1624 ἑξῆς.)
842 1533 940 1615 είδώς
970 1538 1005 1604 δὲ
1039 1532 1082 1604 τὰ
1111 1539 1296 1621 μέλλοντα,
1325 1545 1381 1608 καί
1414 1533 1536 1609 ὁποῖον

234 1633 337 1708 τόνον
369 1636 435 1720 ἕξει
464 1637 550 1724 πρὸς
582 1634 646 1724 τὴν
672 1640 866 1720 θεοσέβειαν
891 1627 910 1702 ό
937 1639 1085 1716 Παῦλος,
1117 1638 1154 1704 ἐν
1187 1637 1322 1726 ἐμαυτῷ
1351 1643 1421 1726 μὲν,
1454 1644 1536 1724 πρὶν

233 1743 343 1807 κτίσαι
372 1733 435 1806 τὸν
465 1731 593 1822 κόσμον
622 1729 884 1820 ἐπιβαλλόμενος
910 1737 953 1819 τῇ
979 1728 1063 1820 άρχῇ
1085 1739 1145 1822 τῆς
1167 1741 1400 1824 κοσμοποιΐας,
1429 1733 1536 1809 αὐτόν

233 1839 426 1921 ἐπιλέξομαι
449 1844 453 1918 Ι
478 1841 533 1905 καὶ
561 1838 674 1904 ταῖσδε
700 1829 932 1918 συνεργούσαις
958 1827 1157 1919 ἀνθρώπων
1183 1841 1332 1928 σωτηρίᾳ
1358 1833 1537 1926 δυνάμεσιν
1556 1851 1606 1905 209

233 1929 300 2022 άμα
327 1939 377 2022 τῷ
405 1939 612 2023 γεννηθῆναι
638 1927 890 2019 παραθήσομαι,
917 1926 1092 2018 άφορίζων
1121 1929 1227 2004 αύτὸν
1249 1939 1306 2018 ,ἐκ
1327 1941 1458 2018 κοιλίας
1479 1962 1538 2024 μη·

183 2055 215 2108 15
234 2032 332 2121 τρός·
353 2039 409 2104 καλ
430 2038 624 2121 ἐπιτρέπων
645 2029 732 2101 κατὰ
754 2028 816 2112 τὰς
837 2025 940 2117 άρχάς
961 2032 998 2100 ἐν
1020 2027 1158 2120 νεότητι
1181 2030 1272 2122 ζήλῳ
1294 2033 1378 2122 μετά
1400 2031 1537 2122 άγνοίας

234 2138 439 2222 ἐγγινομένη)
466 2127 636 2220 προφάσει
662 2136 853 2213 θεοσεβείας
880 2127 1017 2200 διώκειν
1043 2130 1124 2213 τοῦς
1146 2136 1192 2214 εἰς
1214 2131 1277 2204 τὸν
1300 2131 1451 2223 Χριστόν
1472 2163 1538 2224 μου

232 2228 499 2314 πεπιστευκότας
524 2239 580 2302 καὶ
605 2247 719 2319 τηρεῖν
740 2226 805 2312 ,τά
832 2224 969 2316 ἱμάτιαη
991 2235 1064 2299 τῶν
1090 2230 1373 2313 λιθοβολούντων
1395 2233 1459 2307 τόν
1480 2245 1537 2306 θε-

233 2328 404 2421 ραπευτήν
429 2359 495 2420 μου
520 2337 575 2400 καί
605 2325 759 2418 μάρτυρα
786 2333 984 2414 Στέφανον,
1013 2331 1067 2398 ίνα
1093 2328 1367 2422 νεανιευσάμενος
1393 2328 1537 2424 ῦστερον

232 2427 387 2521 ἀφορμῆς
418 2426 604 2518 λαβόμενος
629 2435 685 2498 καὶ
719 2425 988 2516 μεταβαλόμενος
1018 2432 1072 2498 ἐπὶ
1101 2427 1144 2499 τά
1178 2437 1334 2512 βέλτιστα
1364 2432 1429 2522 ,μὴ
1459 2462 1537 2504 καυ-

180 2552 215 2606 20
232 2528 394 2620 χήσηταιΗ
426 2529 619 2614 ,,ἐνοόπιον“
653 2530 736 2616 ἐμοῦ
767 2522 853 2597 άλλά
884 2531 975 2614 λέγη·
1012 2524 1096 2611 ,οῦκ
1125 2532 1188 2618 είμλ
1219 2529 1334 2614 ἱκανὸς
1363 2541 1538 2605 καλεῖσθαι

232 2626 439 2714 άπόστολος,
467 2627 555 2701 διότι
582 2633 703 2714 ἐδίωξα
729 2623 794 2714 τὴν
820 2628 1000 2712 ἐκκλησίαν
1027 2632 1090 2697 τοῦ
1116 2633 1233 2712 θεοῦ,“
1254 2638 1310 2702 καὶ
1336 2629 1538 2722 αἰσθόμενος

233 2736 293 2819 τῆς
315 2733 472 2819 ἐσομένης
493 2757 559 2818 μου
582 2731 628 2811 είς
651 2723 758 2798 αύτόν
781 2721 964 2813 εὐεργεσίας
982 2725 1066 2814 μετά
1089 2725 1132 2798 τά
1154 2732 1191 2799 ἐν
1212 2727 1350 2819 νεότητι
1371 2729 1538 2820 προφάσει

231 2836 424 2912 θεοσεβείας
451 2836 643 2919 πταίσματα
671 2829 760 2913 ε’ίπη·
789 2820 921 2912 ,χάριτι
948 2829 984 2895 δὲ
1014 2833 1099 2896 θεοῦ
1129 2831 1194 2915 είμι
1222 2821 1241 2900 ό
1268 2832 1365 2919 είμιίί·
1392 2839 1446 2901 καὶ
1472 2861 1538 2902 κοο-

234 2929 396 3016 λυόμενος
423 2933 459 2998 δὲ
480 2923 547 3000 άπὸ
569 2932 634 2998 τοῦ
657 2923 851 3007 συνειδότος
872 2923 927 2994 διά
950 2923 992 2996 τά
1013 2921 1081 2995 ῦπὸ
1104 2934 1239 2998 νεανίου
1263 2926 1369 3001 αῦτοῦ
1391 2935 1442 3000 ἔτι
1464 2960 1538 3020 τυγ-

182 3047 215 3104 25
232 3025 400 3116 χάνοντος
421 3033 639 3116 πεπραγμένα
660 3021 746 3094 κατά
762 3029 914 3112 Χριστοῦ
935 3021 995 3112 ούχ
1016 3022 1332 3116 ῦπερεπαρθήσεται
1353 3038 1417 3118 ,τῇ
1438 3027 1537 3118 ῦπερ-

232 3135 317 3215 βολῇ
340 3133 433 3198 τῶν(
456 3120 507 3196 ἐπ’
527 3121 693 3215 εύεργεσίςι
716 3131 1056 3213 φανερωθησομένων
1077 3122 1171 3216 αύτῷ
1195 3123 1496 3216 ,,άποκαλύφεων.“

316 3247 385 3313 Vll.
424 3249 488 3311 Καὶ
510 3238 597 3330 πρὸς
619 3238 660 3310 τό
682 3247 758 3326 περὶ
780 3246 842 3330 τῆς
864 3245 919 3310 ἐπὶ
941 3248 992 3331 τῷ
1015 3237 1212 3313 άνατέλλειν
1236 3242 1299 3314 τὸν
1322 3238 1420 3335 ἥλιον
1442 3244 1538 3337 εύχῆς

233 3350 342 3414 ταῦτα
369 3347 515 3414 λεκτέον.
559 3343 629 3410 έστι
657 3368 690 3409 τι
716 3345 771 3409 καὶ
798 3345 861 3410 τοῦ
887 3335 984 3429 ἡλίου
1005 3337 1058 3428 ἐφ’
1081 3337 1168 3431 ἡμῖν,
1195 3351 1250 3414 καί
1277 3341 1384 3416 αὐτοῦ
1406 3351 1537 3418 αἰνοῦν·

318 3548 335 3602 3
363 3545 422 3616 Vgl.
442 3545 503 3600 Joh.
523 3545 567 3611 12,
585 3545 609 3600 6.
628 3543 698 3598 -4
722 3543 785 3612 Vgl.
803 3543 903 3598 Matth.
921 3545 966 3608 27,
984 3548 1008 3600 5.
1040 3545 1206 3606 Ασ1.1.18.
1229 3576 1262 3586 -
1284 3547 1348 3618 Vgl.
1367 3547 1497 3618 Origenes
1515 3567 1538 3604 υ.

233 3631 301 3686 Cels.
321 3633 345 3684 II
364 3633 405 3694 20,
424 3631 436 3684 I
455 3632 504 3685 149
522 3629 549 3683 Ζ.
569 3629 622 3683 711.
648 3659 682 3668 -
709 3627 818 3683 θΡεελ.
838 3629 895 3694 108,
915 3631 939 3682 1.
961 3659 995 3670 -
1018 3629 1054 3684 11
1074 3628 1137 3698 Vgl.
1155 3629 1254 3699 Ephes.
1274 3635 1297 3695 1,
1315 3636 1339 3686 4.
1358 3663 1392 3672 —
1416 3633 1453 3688 12
1475 3634 1537 3703 Vgl.

232 3715 371 3785 Origenes,
389 3714 493 3769 Gomm.
511 3714 541 3768 in
558 3713 626 3767 Gen.
643 3713 682 3766 III
699 3713 716 3767 6
734 3713 808 3778 (tom.
822 3712 886 3767 VIII
904 3731 929 3783 p.
942 3714 976 3768 20
993 3713 1035 3768 εδ.
1048 3715 1172 3782 hom).
1190 3745 1224 3755 -
1243 3716 1281 3772 14
1304 3717 1367 3784 Vgl.
1381 3717 1441 3772 Gal.
1455 3721 1477 3782 1,
1497 3721 1538 3773 15.

231 3831 264 3840 -
289 3801 328 3856 15
355 3799 539 3868 vgl.Act.9,
560 3801 582 3852 1.
601 3799 625 3852 2.
652 3799 677 3862 7,
695 3797 736 3852 58.
754 3799 796 3852 59.
819 3799 845 3861 8,
864 3801 886 3852 1.
905 3801 929 3852 3.
958 3799 999 3863 22,
1019 3800 1059 3854 20.
1083 3829 1116 3839 -
1140 3799 1179 3854 12
1205 3799 1270 3869 Vgl.
1287 3802 1300 3854 Ι
1318 3801 1382 3856 Kor.
1402 3806 1426 3868 1,
1444 3803 1485 3860 29.
1505 3833 1537 3841 —

232 3885 273 3940 20
295 3885 390 3938 IKor.
410 3887 450 3947 15,
467 3885 492 3940 9.
510 3913 543 3922 -
562 3882 602 3937 28
624 3881 720 3935 IKor.
739 3885 779 3944 15,
799 3882 839 3936 10.
858 3912 891 3921 -
913 3882 951 3937 25
974 3881 1036 3951 Vgl.
1055 3883 1080 3936 ΙΙ
1100 3881 1162 3937 Kor.
1182 3885 1264 3947 12,1.
1283 3915 1315 3924 -
1334 3885 1373 3941 28
1401 3884 1537 3956 Vgl.'0ri·

231 3985 313 4038 genes
331 3985 353 4024 ο.
373 3967 443 4022 cels.
462 3967 485 4020 V
505 3969 544 4023 10.
564 3971 604 4022 11.
624 3968 664 4021 13.
688 3967 753 4020 VIII
770 3969 812 4023 66.

317 4136 335 4191 2
358 4135 412 4204 μέν
428 4128 487 4205 τάς]
505 4129 557 4199 τὰς
578 4131 1006 4204 11v1n31.(beinol.1914b)
1027 4137 1031 4200 Ι
1053 4134 1071 4190 5
1095 4151 1140 4188 am
1158 4133 1237 4188 Rand
1257 4144 1293 4204 σῖγ
1311 4153 1363 4190 von
1382 4137 1402 4190 1.
1415 4137 1449 4191 H.
1466 4137 1489 4191 'I'
1504 4139 1540 4208 Ιθ

232 4218 383 4292 ἐξελιγμοῦ
403 4221 482 4274 Bent.
500 4219 555 4288 (bei
567 4217 626 4274 Del.
638 4220 650 4272 I
663 4221 714 4275 208
726 4223 806 4274 Anm.
818 4220 847 4289 g)
871 4216 1024 4288 ἐξελεγμοῦ
1041 4219 1191 4288 TAusgg.1
1208 4219 1321 4276 10-11
1341 4237 1386 4274 am
1405 4220 1485 4275 Rand
1503 4227 1540 4291 τῇ

232 4322 286 4360 von
304 4307 324 4359 1.
342 4305 375 4359 H.
394 4304 416 4358 Τ
435 4305 440 4373 Ι
462 4305 498 4360 11
523 4298 553 4358 ἐν
575 4301 689 4378 ἐμαυτῷ
710 4301 772 4374 μὲν]
794 4300 827 4359 ἐν
848 4300 910 4378 ἐμῷ
932 4299 984 4378 υίῷ
1000 4301 1053 4371 μὲν
1071 4305 1136 4358 oder
1154 4299 1185 4358 ἐν
1202 4300 1275 4370 ἐμοῦ
1291 4309 1332 4378 τῷ
1351 4305 1469 4377 Χριστῷ
1486 4303 1540 4375 μὲν

231 4393 367 4445 τεεωιιίελ
388 4389 470 4458 Angl.
492 4391 527 4458 (ε.
545 4407 570 4445 ε.
588 4389 641 4456 0.),
669 4384 700 4442 έν
727 4384 840 4462 ἐμαυτῷ
865 4387 920 4456 μέν
944 4389 1041 4458 (φησι)
1071 4390 1194 4442 vermute
1219 4387 1265 4442 ich
1289 4391 1293 4456 Ι
1319 4389 1357 4444 19
1380 4385 1539 4462 μεταβαλό-

231 4493 318 4542 μενος
340 4475 420 4543 Angl.
438 4474 472 4543 (a.
491 4491 514 4527 ει.
533 4471 574 4542 Ο.)
591 4467 846 4544 μεταβαλλόμενος
862 4475 964 4542 Ausgg.
986 4470 1240 4544 μεταβαλλομένος
1256 4473 1298 4542 ΤΙ
1314 4473 1354 4530 20
1372 4473 1442 4544 λέγῃ
1460 4475 1538 4530 Bent.

231 4560 286 4627 (bei
305 4559 364 4614 Del.
383 4561 395 4613 I
413 4560 463 4615 209
481 4560 560 4614 Anm.
578 4560 605 4620 ε)
624 4557 705 4627 Angl.
724 4557 758 4627 (ε.
775 4575 800 4611 ε.
819 4556 860 4624 0.)
879 4554 953 4627 λέγει
975 4557 1129 4627 TAusgg.{
1149 4557 1189 4613 28
1211 4558 1240 4613 τί
1261 4559 1284 4613 Τ
1302 4558 1341 4627 (so
1360 4559 1430 4614 auch
1448 4562 1539 4631 apator

230 4642 332 4712 σῆεεε).
1410 4651 1415 4663 “
