<?xml version="1.0" encoding="UTF-8"?>
<!DOCTYPE html PUBLIC "-//W3C//DTD XHTML 1.0 Transitional//EN"
    "http://www.w3.org/TR/xhtml1/DTD/xhtml1-transitional.dtd">
<html xmlns="http://www.w3.org/1999/xhtml" xml:lang="en" lang="en">
 <head>
  <title>
</title>
<meta http-equiv="Content-Type" content="text/html;charset=utf-8" />
  <meta name='ocr-system' content='tesseract 3.04.00' />
  <meta name='ocr-capabilities' content='ocr_page ocr_carea ocr_par ocr_line ocrx_word'/>
</head>
<body>
  <div class='ocr_page' id='page_1' title='image "./diegriechischen01wissgoog/diegriechischen01wissgoog_0195.png"; bbox 0 0 3790 5526; ppageno 0'>
   <div class='ocr_carea' id='block_1_1' title="bbox 644 486 1559 559">
    <p class='ocr_par' dir='ltr' id='par_1_1' title="bbox 644 486 1559 559">
     <span class='ocr_line' id='line_1_1' title="bbox 644 486 1559 559; baseline 0.022 -20"><span class='ocrx_word' id='word_1_1' title='bbox 644 486 744 540; x_wconf 77' lang='grc' dir='ltr'><em>ΚΑΤΑ</em></span> <span class='ocrx_word' id='word_1_2' title='bbox 768 487 930 543; x_wconf 77' lang='grc' dir='ltr'><em>ΚΕΔΣΟΥ</em></span> <span class='ocrx_word' id='word_1_3' title='bbox 948 489 991 546; x_wconf 79' lang='lat' dir='ltr'><strong><em>vl</em></strong></span> <span class='ocrx_word' id='word_1_4' title='bbox 1014 488 1054 544; x_wconf 85' lang='grc'><strong><em>63.</em></strong></span> <span class='ocrx_word' id='word_1_5' title='bbox 1072 489 1114 544; x_wconf 90' lang='grc'><strong><em>64.</em></strong></span> <span class='ocrx_word' id='word_1_6' title='bbox 1132 487 1173 544; x_wconf 85' lang='grc'><strong><em>65.</em></strong></span> <span class='ocrx_word' id='word_1_7' title='bbox 1501 497 1559 559; x_wconf 83' lang='grc'><strong><em>135</em></strong></span> 
     </span>
    </p>
   </div>
   <div class='ocr_carea' id='block_1_2' title="bbox 201 642 1600 1732">
    <p class='ocr_par' dir='ltr' id='par_1_2' title="bbox 201 642 1600 1732">
     <span class='ocr_line' id='line_1_2' title="bbox 253 642 1558 766; baseline 0.005 -51"><span class='ocrx_word' id='word_1_8' title='bbox 253 645 368 736; x_wconf 84' lang='grc' dir='ltr'><strong><em>σωτὴρ</em></strong></span> <span class='ocrx_word' id='word_1_9' title='bbox 390 642 488 736; x_wconf 79' lang='grc' dir='ltr'><strong><em>ἡμῶν</em></strong></span> <span class='ocrx_word' id='word_1_10' title='bbox 508 643 549 718; x_wconf 89' lang='grc' dir='ltr'><strong><em>ού</em></strong></span> <span class='ocrx_word' id='word_1_11' title='bbox 553 654 722 766; x_wconf 84' lang='grc' dir='ltr'><em>μετέχει</em></span> <span class='ocrx_word' id='word_1_12' title='bbox 742 655 803 738; x_wconf 81' lang='grc' dir='ltr'><strong><em>μὲν</em></strong></span> <span class='ocrx_word' id='word_1_13' title='bbox 825 648 1048 739; x_wconf 78' lang='grc' dir='ltr'><strong><em>δικαιοσύνης,</em></strong></span> <span class='ocrx_word' id='word_1_14' title='bbox 1070 646 1306 739; x_wconf 81' lang='grc' dir='ltr'><strong><em>,,δικαιοσύνη“</em></strong></span> <span class='ocrx_word' id='word_1_15' title='bbox 1329 654 1364 721; x_wconf 78' lang='grc' dir='ltr'><strong><em>δὲ</em></strong></span> <span class='ocrx_word' id='word_1_16' title='bbox 1388 643 1439 722; x_wconf 76' lang='grc' dir='ltr'><strong><em>ύόν</em></strong></span> <span class='ocrx_word' id='word_1_17' title='bbox 1468 679 1558 739; x_wconf 92' lang='grc' dir='ltr'><strong><em>μετ-</em></strong></span> 
     </span>
     <span class='ocr_line' id='line_1_3' title="bbox 253 741 1560 838; baseline 0.004 -22"><span class='ocrx_word' id='word_1_18' title='bbox 253 752 385 834; x_wconf 89' lang='grc' dir='ltr'><strong><em>έχεται</em></strong></span> <span class='ocrx_word' id='word_1_19' title='bbox 415 741 483 818; x_wconf 88' lang='grc' dir='ltr'><strong><em>ύπό</em></strong></span> <span class='ocrx_word' id='word_1_20' title='bbox 516 752 591 817; x_wconf 79' lang='grc' dir='ltr'><strong><em>τῶν</em></strong></span> <span class='ocrx_word' id='word_1_21' title='bbox 619 753 767 819; x_wconf 89' lang='grc' dir='ltr'><strong><em>δικαίων.</em></strong></span> <span class='ocrx_word' id='word_1_22' title='bbox 809 749 917 831; x_wconf 88' lang='grc' dir='ltr'><strong><em>πολύς</em></strong></span> <span class='ocrx_word' id='word_1_23' title='bbox 939 744 1010 819; x_wconf 70' lang='grc' dir='ltr'><strong><em>δΗ</em></strong></span> <span class='ocrx_word' id='word_1_24' title='bbox 991 778 1010 820; x_wconf 96' lang='grc' dir='ltr'><strong><em>ο</em></strong></span> <span class='ocrx_word' id='word_1_25' title='bbox 1031 755 1108 838; x_wconf 85' lang='grc' dir='ltr'><strong><em>περὶ</em></strong></span> <span class='ocrx_word' id='word_1_26' title='bbox 1134 754 1196 838; x_wconf 87' lang='grc' dir='ltr'><strong><em>τῆς</em></strong></span> <span class='ocrx_word' id='word_1_27' title='bbox 1222 745 1358 831; x_wconf 88' lang='grc' dir='ltr'><strong><em>ούσίας</em></strong></span> <span class='ocrx_word' id='word_1_28' title='bbox 1380 747 1482 838; x_wconf 93' lang='grc' dir='ltr'><strong><em>λόγος</em></strong></span> <span class='ocrx_word' id='word_1_29' title='bbox 1502 758 1560 821; x_wconf 86' lang='grc' dir='ltr'><strong><em>καὶ</em></strong></span> 
     </span>
     <span class='ocr_line' id='line_1_4' title="bbox 253 842 1559 964; baseline 0.005 -50"><span class='ocrx_word' id='word_1_30' title='bbox 253 844 492 964; x_wconf 76' lang='grc' dir='ltr'><strong><em>δυσθεώρητος</em></strong></span> <span class='ocrx_word' id='word_1_31' title='bbox 512 853 568 916; x_wconf 87' lang='grc' dir='ltr'><strong><em>καὶ</em></strong></span> <span class='ocrx_word' id='word_1_32' title='bbox 589 844 743 935; x_wconf 81' lang='grc' dir='ltr'><strong><em>μάλιστα,</em></strong></span> <span class='ocrx_word' id='word_1_33' title='bbox 766 842 872 918; x_wconf 74' lang='grc' dir='ltr'><strong><em>έόιν“</em></strong></span> <span class='ocrx_word' id='word_1_34' title='bbox 852 875 872 936; x_wconf 95' lang='grc' dir='ltr'><strong><em>η</em></strong></span> <span class='ocrx_word' id='word_1_35' title='bbox 897 855 1026 938; x_wconf 79' lang='grc' dir='ltr'><strong><em>κυρίως</em></strong></span> <span class='ocrx_word' id='word_1_36' title='bbox 1051 844 1204 938; x_wconf 84' lang='grc' dir='ltr'><strong><em>ούσίαῆ</em></strong></span> <span class='ocrx_word' id='word_1_37' title='bbox 1231 847 1363 920; x_wconf 76' lang='grc' dir='ltr'><strong><em>ἑστῶσα</em></strong></span> <span class='ocrx_word' id='word_1_38' title='bbox 1388 858 1444 920; x_wconf 88' lang='grc' dir='ltr'><strong><em>καὶ</em></strong></span> <span class='ocrx_word' id='word_1_39' title='bbox 1470 844 1559 921; x_wconf 76' lang='lat'>606-</span> 
     </span>
     <span class='ocr_line' id='line_1_5' title="bbox 251 936 1564 1039; baseline 0.005 -25"><span class='ocrx_word' id='word_1_40' title='bbox 251 936 406 1034; x_wconf 78' lang='grc' dir='ltr'><strong><em>ματοςῆ·</em></strong></span> <span class='ocrx_word' id='word_1_41' title='bbox 430 941 472 1016; x_wconf 76' lang='grc' dir='ltr'><strong><em>ἵν’</em></strong></span> <span class='ocrx_word' id='word_1_42' title='bbox 488 942 618 1034; x_wconf 76' lang='grc' dir='ltr'><strong><em>εύρεθῆ,</em></strong></span> <span class='ocrx_word' id='word_1_43' title='bbox 640 945 788 1033; x_wconf 92' lang='grc' dir='ltr'><strong><em>πότερον</em></strong></span> <span class='ocrx_word' id='word_1_44' title='bbox 804 951 958 1018; x_wconf 78' lang='grc' dir='ltr'><strong><em>ἐπέκεινα</em></strong></span> <span class='ocrx_word' id='word_1_45' title='bbox 978 945 1113 1028; x_wconf 88' lang='grc' dir='ltr'><strong><em>ούσίας</em></strong></span> <span class='ocrx_word' id='word_1_46' title='bbox 1134 953 1204 1020; x_wconf 80' lang='grc' dir='ltr'><strong><em>ἐστὶ</em></strong></span> <span class='ocrx_word' id='word_1_47' title='bbox 1219 955 1375 1039; x_wconf 77' lang='grc' dir='ltr'><strong><em>πρεσβείᾳ</em></strong></span> <span class='ocrx_word' id='word_1_48' title='bbox 1390 955 1445 1018; x_wconf 87' lang='grc' dir='ltr'><strong><em>καὶ</em></strong></span> <span class='ocrx_word' id='word_1_49' title='bbox 1460 945 1564 1020; x_wconf 85' lang='grc' dir='ltr'><strong><em>δύνύ··</em></strong></span> 
     </span>
     <span class='ocr_line' id='line_1_6' title="bbox 218 1039 1600 1136; baseline 0.001 -21"><span class='ocrx_word' id='word_1_50' title='bbox 218 1063 304 1134; x_wconf 77' lang='grc' dir='ltr'><strong><em>σμει</em></strong></span> <span class='ocrx_word' id='word_1_51' title='bbox 336 1039 354 1116; x_wconf 91' lang='lat'><strong><em>6</em></strong></span> <span class='ocrx_word' id='word_1_52' title='bbox 383 1042 480 1127; x_wconf 77' lang='grc' dir='ltr'><strong><em>θεός</em></strong></span> <span class='ocrx_word' id='word_1_53' title='bbox 509 1044 707 1132; x_wconf 85' lang='grc' dir='ltr'><strong><em>μεταδιδούς</em></strong></span> <span class='ocrx_word' id='word_1_54' title='bbox 738 1041 874 1128; x_wconf 88' lang='grc' dir='ltr'><strong><em>ούσίας</em></strong></span> <span class='ocrx_word' id='word_1_55' title='bbox 904 1046 955 1128; x_wconf 88' lang='grc' dir='ltr'><strong><em>οίς</em></strong></span> <span class='ocrx_word' id='word_1_56' title='bbox 984 1053 1185 1136; x_wconf 85' lang='grc' dir='ltr'><strong><em>μεταδίδωσι</em></strong></span> <span class='ocrx_word' id='word_1_57' title='bbox 1218 1048 1306 1120; x_wconf 84' lang='grc' dir='ltr'><strong><em>κατὰ</em></strong></span> <span class='ocrx_word' id='word_1_58' title='bbox 1339 1044 1403 1118; x_wconf 88' lang='grc' dir='ltr'><strong><em>τόν</em></strong></span> <span class='ocrx_word' id='word_1_59' title='bbox 1434 1049 1556 1120; x_wconf 78' lang='grc' dir='ltr'><strong><em>ἑαυτοῦ</em></strong></span> <span class='ocrx_word' id='word_1_60' title='bbox 1598 1099 1600 1106; x_wconf 64' lang='lat'>.</span> 
     </span>
     <span class='ocr_line' id='line_1_7' title="bbox 252 1139 1558 1236; baseline 0.005 -24"><span class='ocrx_word' id='word_1_61' title='bbox 252 1141 355 1232; x_wconf 90' lang='grc' dir='ltr'><strong><em>λόγον</em></strong></span> <span class='ocrx_word' id='word_1_62' title='bbox 381 1150 437 1215; x_wconf 83' lang='grc' dir='ltr'><strong><em>καί</em></strong></span> <span class='ocrx_word' id='word_1_63' title='bbox 465 1139 561 1233; x_wconf 77' lang='grc' dir='ltr'><strong><em>αύτῷ</em></strong></span> <span class='ocrx_word' id='word_1_64' title='bbox 590 1141 692 1233; x_wconf 86' lang='grc' dir='ltr'><strong><em>λόγῳ,</em></strong></span> <span class='ocrx_word' id='word_1_65' title='bbox 720 1139 740 1234; x_wconf 85' lang='lat'><strong><em>6</em></strong></span> <span class='ocrx_word' id='word_1_66' title='bbox 771 1152 827 1216; x_wconf 85' lang='grc' dir='ltr'><strong><em>καὶ</em></strong></span> <span class='ocrx_word' id='word_1_67' title='bbox 858 1141 961 1229; x_wconf 86' lang='grc' dir='ltr'><strong><em>αύτός</em></strong></span> <span class='ocrx_word' id='word_1_68' title='bbox 983 1150 1076 1218; x_wconf 80' lang='grc' dir='ltr'><strong><em>ἐστιν</em></strong></span> <span class='ocrx_word' id='word_1_69' title='bbox 1105 1142 1235 1230; x_wconf 91' lang='grc' dir='ltr'><strong><em>ούσία,</em></strong></span> <span class='ocrx_word' id='word_1_70' title='bbox 1265 1144 1357 1236; x_wconf 80' lang='grc' dir='ltr'><strong><em>πλὴν</em></strong></span> <span class='ocrx_word' id='word_1_71' title='bbox 1387 1153 1431 1236; x_wconf 83' lang='grc' dir='ltr'><strong><em>τῆ</em></strong></span> <span class='ocrx_word' id='word_1_72' title='bbox 1461 1144 1558 1234; x_wconf 84' lang='grc' dir='ltr'><strong><em>φύσει</em></strong></span> 
     </span>
     <span class='ocr_line' id='line_1_8' title="bbox 251 1238 1557 1336; baseline 0.003 -23"><span class='ocrx_word' id='word_1_73' title='bbox 251 1238 398 1331; x_wconf 74' lang='grc' dir='ltr'><strong><em>ἀόρατος</em></strong></span> <span class='ocrx_word' id='word_1_74' title='bbox 420 1247 552 1332; x_wconf 88' lang='grc' dir='ltr'><strong><em>λέγεται</em></strong></span> <span class='ocrx_word' id='word_1_75' title='bbox 573 1245 610 1313; x_wconf 83' lang='grc' dir='ltr'><strong><em>έν</em></strong></span> <span class='ocrx_word' id='word_1_76' title='bbox 632 1249 683 1332; x_wconf 77' lang='grc' dir='ltr'><strong><em>τῷ</em></strong></span> <span class='ocrx_word' id='word_1_77' title='bbox 706 1249 781 1332; x_wconf 87' lang='grc' dir='ltr'><strong><em>περί</em></strong></span> <span class='ocrx_word' id='word_1_78' title='bbox 803 1249 867 1314; x_wconf 91' lang='grc' dir='ltr'><strong><em>τοῦ</em></strong></span> <span class='ocrx_word' id='word_1_79' title='bbox 889 1251 1045 1334; x_wconf 90' lang='grc' dir='ltr'><strong><em>σωτῆρος</em></strong></span> <span class='ocrx_word' id='word_1_80' title='bbox 1066 1243 1157 1336; x_wconf 86' lang='grc' dir='ltr'><strong><em>λόγῳ</em></strong></span> <span class='ocrx_word' id='word_1_81' title='bbox 1181 1242 1361 1334; x_wconf 80' lang='grc' dir='ltr'><strong><em>φάσκοντι·</em></strong></span> <span class='ocrx_word' id='word_1_82' title='bbox 1383 1240 1443 1330; x_wconf 70' lang='grc' dir='ltr'><strong><em>,ός</em></strong></span> <span class='ocrx_word' id='word_1_83' title='bbox 1464 1250 1557 1317; x_wconf 89' lang='grc' dir='ltr'><strong><em>έστιν</em></strong></span> 
     </span>
     <span class='ocr_line' id='line_1_9' title="bbox 252 1339 1558 1434; baseline 0.003 -22"><span class='ocrx_word' id='word_1_84' title='bbox 252 1344 371 1414; x_wconf 84' lang='grc' dir='ltr'><strong><em>είκών</em></strong></span> <span class='ocrx_word' id='word_1_85' title='bbox 401 1347 475 1413; x_wconf 89' lang='grc' dir='ltr'><strong><em>τοῦ</em></strong></span> <span class='ocrx_word' id='word_1_86' title='bbox 505 1348 604 1414; x_wconf 74' lang='grc' dir='ltr'><strong><em>θεοῦ</em></strong></span> <span class='ocrx_word' id='word_1_87' title='bbox 633 1348 696 1413; x_wconf 94' lang='grc' dir='ltr'><strong><em>τοῦ</em></strong></span> <span class='ocrx_word' id='word_1_88' title='bbox 723 1339 905 1432; x_wconf 76' lang='grc' dir='ltr'><strong><em>ύορότου,“</em></strong></span> <span class='ocrx_word' id='word_1_89' title='bbox 931 1352 1128 1434; x_wconf 91' lang='grc' dir='ltr'><strong><em>σημαίνεται</em></strong></span> <span class='ocrx_word' id='word_1_90' title='bbox 1155 1351 1191 1416; x_wconf 75' lang='grc' dir='ltr'><strong><em>δὲ</em></strong></span> <span class='ocrx_word' id='word_1_91' title='bbox 1216 1349 1253 1418; x_wconf 84' lang='grc' dir='ltr'><strong><em>ἐκ</em></strong></span> <span class='ocrx_word' id='word_1_92' title='bbox 1280 1351 1341 1434; x_wconf 89' lang='grc' dir='ltr'><strong><em>τῆς</em></strong></span> <span class='ocrx_word' id='word_1_93' title='bbox 1366 1342 1558 1434; x_wconf 78' lang='grc' dir='ltr'><strong><em>,,ύορότου“</em></strong></span> 
     </span>
     <span class='ocr_line' id='line_1_10' title="bbox 252 1436 1559 1534; baseline 0.003 -24"><span class='ocrx_word' id='word_1_94' title='bbox 252 1448 369 1532; x_wconf 82' lang='grc' dir='ltr'><strong><em>φωνῆς</em></strong></span> <span class='ocrx_word' id='word_1_95' title='bbox 385 1436 404 1514; x_wconf 87' lang='lat'>6</span> <span class='ocrx_word' id='word_1_96' title='bbox 419 1438 606 1531; x_wconf 79' lang='grc' dir='ltr'><strong><em>ἇσοόματος.</em></strong></span> <span class='ocrx_word' id='word_1_97' title='bbox 636 1448 801 1531; x_wconf 74' lang='grc' dir='ltr'><strong><em>ζητητέον</em></strong></span> <span class='ocrx_word' id='word_1_98' title='bbox 817 1449 931 1528; x_wconf 80' lang='grc' dir='ltr'><strong><em>δὲκαὶ,</em></strong></span> <span class='ocrx_word' id='word_1_99' title='bbox 954 1447 982 1514; x_wconf 90' lang='grc' dir='ltr'><strong><em>εί</em></strong></span> <span class='ocrx_word' id='word_1_100' title='bbox 1004 1440 1143 1516; x_wconf 90' lang='grc' dir='ltr'><strong><em>ούσίαν</em></strong></span> <span class='ocrx_word' id='word_1_101' title='bbox 1164 1451 1225 1534; x_wconf 83' lang='grc' dir='ltr'><strong><em>μὲν</em></strong></span> <span class='ocrx_word' id='word_1_102' title='bbox 1248 1440 1398 1516; x_wconf 78' lang='grc' dir='ltr'><strong><em>οὐσιῶν</em></strong></span> <span class='ocrx_word' id='word_1_103' title='bbox 1419 1451 1559 1516; x_wconf 77' lang='grc' dir='ltr'><strong><em>λεκτέον</em></strong></span> 
     </span>
     <span class='ocr_line' id='line_1_11' title="bbox 201 1537 1558 1633; baseline 0.002 -22"><span class='ocrx_word' id='word_1_104' title='bbox 201 1561 233 1613; x_wconf 85' lang='lat'><strong><em>10</em></strong></span> <span class='ocrx_word' id='word_1_105' title='bbox 250 1549 306 1613; x_wconf 85' lang='grc' dir='ltr'><strong><em>καὶ</em></strong></span> <span class='ocrx_word' id='word_1_106' title='bbox 335 1547 428 1612; x_wconf 88' lang='grc' dir='ltr'><strong><em>ίδέαν</em></strong></span> <span class='ocrx_word' id='word_1_107' title='bbox 453 1545 555 1612; x_wconf 80' lang='grc' dir='ltr'><strong><em>ἰδεῶν</em></strong></span> <span class='ocrx_word' id='word_1_108' title='bbox 583 1548 639 1611; x_wconf 86' lang='grc' dir='ltr'><strong><em>καὶ</em></strong></span> <span class='ocrx_word' id='word_1_109' title='bbox 667 1537 773 1632; x_wconf 77' lang='grc' dir='ltr'><strong><em>ἀρχὴν</em></strong></span> <span class='ocrx_word' id='word_1_110' title='bbox 800 1541 864 1614; x_wconf 86' lang='grc' dir='ltr'><strong><em>τὸν</em></strong></span> <span class='ocrx_word' id='word_1_111' title='bbox 891 1548 1059 1632; x_wconf 79' lang='grc' dir='ltr'><strong><em>μονογενῆ</em></strong></span> <span class='ocrx_word' id='word_1_112' title='bbox 1084 1552 1141 1615; x_wconf 87' lang='grc' dir='ltr'><strong><em>καὶ</em></strong></span> <span class='ocrx_word' id='word_1_113' title='bbox 1169 1541 1399 1633; x_wconf 83' lang='grc' dir='ltr'><strong><em>πρωτότοκον</em></strong></span> <span class='ocrx_word' id='word_1_114' title='bbox 1427 1541 1558 1632; x_wconf 70' lang='grc' dir='ltr'><strong><em>,πάσης</em></strong></span> 
     </span>
     <span class='ocr_line' id='line_1_12' title="bbox 249 1637 1557 1732; baseline 0.004 -21"><span class='ocrx_word' id='word_1_115' title='bbox 249 1648 410 1724; x_wconf 82' lang='grc' dir='ltr'><strong><em>κτίσεως“</em></strong></span> <span class='ocrx_word' id='word_1_116' title='bbox 431 1645 585 1712; x_wconf 83' lang='grc' dir='ltr'><strong><em>ἐπέκεινα</em></strong></span> <span class='ocrx_word' id='word_1_117' title='bbox 612 1645 647 1712; x_wconf 81' lang='grc' dir='ltr'><strong><em>δὲ</em></strong></span> <span class='ocrx_word' id='word_1_118' title='bbox 673 1637 816 1712; x_wconf 82' lang='grc' dir='ltr'><strong><em>πάντων</em></strong></span> <span class='ocrx_word' id='word_1_119' title='bbox 842 1638 981 1712; x_wconf 87' lang='grc' dir='ltr'><strong><em>τούτων</em></strong></span> <span class='ocrx_word' id='word_1_120' title='bbox 1007 1643 1071 1712; x_wconf 88' lang='grc' dir='ltr'><strong><em>τὸν</em></strong></span> <span class='ocrx_word' id='word_1_121' title='bbox 1091 1649 1220 1732; x_wconf 90' lang='grc' dir='ltr'><strong><em>πατέρα</em></strong></span> <span class='ocrx_word' id='word_1_122' title='bbox 1241 1639 1350 1715; x_wconf 77' lang='grc' dir='ltr'><strong><em>αὐτοῦ</em></strong></span> <span class='ocrx_word' id='word_1_123' title='bbox 1372 1650 1428 1714; x_wconf 88' lang='grc' dir='ltr'><strong><em>καὶ</em></strong></span> <span class='ocrx_word' id='word_1_124' title='bbox 1450 1641 1557 1716; x_wconf 79' lang='grc' dir='ltr'><strong><em>θεόν.</em></strong></span> 
     </span>
    </p>
   </div>
   <div class='ocr_carea' id='block_1_3' title="bbox 166 1748 1629 3838">
    <p class='ocr_par' dir='ltr' id='par_1_3' title="bbox 166 1748 1629 3838">
     <span class='ocr_line' id='line_1_13' title="bbox 166 1748 1554 1878; baseline 0.004 -52"><span class='ocrx_word' id='word_1_125' title='bbox 166 1781 233 1836; x_wconf 80' lang='lat'>161¹·</span> <span class='ocrx_word' id='word_1_126' title='bbox 332 1761 426 1827; x_wconf 90' lang='lat' dir='ltr'>LXV.</span> <span class='ocrx_word' id='word_1_127' title='bbox 460 1749 574 1846; x_wconf 77' lang='grc' dir='ltr'><strong><em>Ομέν</em></strong></span> <span class='ocrx_word' id='word_1_128' title='bbox 597 1748 660 1828; x_wconf 88' lang='grc' dir='ltr'><strong><em>οῦν</em></strong></span> <span class='ocrx_word' id='word_1_129' title='bbox 682 1763 809 1838; x_wconf 81' lang='grc' dir='ltr'><strong><em>Κέλσος</em></strong></span> <span class='ocrx_word' id='word_1_130' title='bbox 830 1761 907 1846; x_wconf 82' lang='grc' dir='ltr'><strong><em>περὶ</em></strong></span> <span class='ocrx_word' id='word_1_131' title='bbox 933 1763 1031 1878; x_wconf 66' lang='lat'>6206</span> <span class='ocrx_word' id='word_1_132' title='bbox 1059 1784 1160 1850; x_wconf 84' lang='grc' dir='ltr'><strong><em>φησιν</em></strong></span> <span class='ocrx_word' id='word_1_133' title='bbox 1187 1754 1288 1832; x_wconf 84' lang='grc' dir='ltr'><strong><em>ότιέ</em></strong></span> <span class='ocrx_word' id='word_1_134' title='bbox 1293 1755 1554 1848; x_wconf 61' lang='grc' dir='ltr'><strong><em>ξαύτοῦλτόι</em></strong></span> 
     </span>
     <span class='ocr_line' id='line_1_14' title="bbox 250 1849 1555 1948; baseline 0.002 -22"><span class='ocrx_word' id='word_1_135' title='bbox 250 1855 466 1939; x_wconf 87' lang='grc' dir='ltr'><strong><em>πύντα,απ</em></strong></span> <span class='ocrx_word' id='word_1_136' title='bbox 419 1851 590 1939; x_wconf 89' lang='grc' dir='ltr'><strong><em>ολυσας</em></strong></span> <span class='ocrx_word' id='word_1_137' title='bbox 611 1883 676 1926; x_wconf 91' lang='grc' dir='ltr'><strong><em>ουκ</em></strong></span> <span class='ocrx_word' id='word_1_138' title='bbox 698 1849 803 1927; x_wconf 81' lang='grc' dir='ltr'><strong><em>οἶδ</em></strong></span> <span class='ocrx_word' id='word_1_139' title='bbox 784 1885 881 1938; x_wconf 92' lang='grc' dir='ltr'><strong><em>οπως</em></strong></span> <span class='ocrx_word' id='word_1_140' title='bbox 902 1883 950 1926; x_wconf 88' lang='grc' dir='ltr'><strong><em>τα</em></strong></span> <span class='ocrx_word' id='word_1_141' title='bbox 970 1885 1103 1930; x_wconf 90' lang='grc' dir='ltr'><strong><em>παντα</em></strong></span> <span class='ocrx_word' id='word_1_142' title='bbox 1126 1855 1267 1931; x_wconf 88' lang='grc' dir='ltr'><strong><em>αύτοῦ·</em></strong></span> <span class='ocrx_word' id='word_1_143' title='bbox 1294 1853 1456 1932; x_wconf 74' lang='lat'>66‘6</span> <span class='ocrx_word' id='word_1_144' title='bbox 1393 1887 1437 1948; x_wconf 89' lang='grc' dir='ltr'><strong><em>ημ</em></strong></span> <span class='ocrx_word' id='word_1_145' title='bbox 1440 1866 1555 1948; x_wconf 90' lang='grc' dir='ltr'><strong><em>τερος</em></strong></span> 
     </span>
     <span class='ocr_line' id='line_1_15' title="bbox 250 1952 1629 2045; baseline 0.004 -20"><span class='ocrx_word' id='word_1_146' title='bbox 250 1960 409 2038; x_wconf 80' lang='grc' dir='ltr'><strong><em>Παῦλος,</em></strong></span> <span class='ocrx_word' id='word_1_147' title='bbox 411 1951 614 2041; x_wconf 76' lang='grc' dir='ltr'><strong><em>,έξαύτοῦ</em></strong></span> <span class='ocrx_word' id='word_1_148' title='bbox 615 1961 762 2045; x_wconf 55' lang='grc' dir='ltr'><strong><em>(λέγει,</em></strong></span> <span class='ocrx_word' id='word_1_149' title='bbox 764 1952 1544 2044; x_wconf 54' lang='grc' dir='ltr'><strong><em>καὶδι’1αύτοῦκαίείςαύτὸντὰπύνταί</em></strong></span> <span class='ocrx_word' id='word_1_150' title='bbox 1546 1967 1629 2030; x_wconf 74' lang='lat'>‘⁶682</span> 
     </span>
     <span class='ocr_line' id='line_1_16' title="bbox 200 2051 1555 2148; baseline -0.001 -18"><span class='ocrx_word' id='word_1_151' title='bbox 200 2079 232 2132; x_wconf 81' lang='lat'><strong><em>15</em></strong></span> <span class='ocrx_word' id='word_1_152' title='bbox 249 2054 413 2140; x_wconf 86' lang='grc' dir='ltr'><strong><em>παριστὰς</em></strong></span> <span class='ocrx_word' id='word_1_153' title='bbox 451 2054 515 2144; x_wconf 84' lang='grc' dir='ltr'><strong><em>τὴν</em></strong></span> <span class='ocrx_word' id='word_1_154' title='bbox 548 2051 653 2144; x_wconf 76' lang='grc' dir='ltr'><strong><em>ἀρχὴν</em></strong></span> <span class='ocrx_word' id='word_1_155' title='bbox 684 2061 745 2145; x_wconf 92' lang='grc' dir='ltr'><strong><em>τῆς</em></strong></span> <span class='ocrx_word' id='word_1_156' title='bbox 780 2063 854 2128; x_wconf 82' lang='grc' dir='ltr'><strong><em>τῶν</em></strong></span> <span class='ocrx_word' id='word_1_157' title='bbox 886 2055 1058 2128; x_wconf 88' lang='grc' dir='ltr'><strong><em>πάντων</em></strong></span> <span class='ocrx_word' id='word_1_158' title='bbox 1091 2053 1310 2142; x_wconf 86' lang='grc' dir='ltr'><strong><em>ῦποστύσεως</em></strong></span> <span class='ocrx_word' id='word_1_159' title='bbox 1344 2063 1381 2130; x_wconf 82' lang='grc' dir='ltr'><strong><em>έν</em></strong></span> <span class='ocrx_word' id='word_1_160' title='bbox 1411 2063 1464 2148; x_wconf 82' lang='grc' dir='ltr'><em>τῷ</em></span> <span class='ocrx_word' id='word_1_161' title='bbox 1494 2061 1555 2144; x_wconf 75' lang='grc' dir='ltr'><strong><em>,ἐξ</em></strong></span> 
     </span>
     <span class='ocr_line' id='line_1_17' title="bbox 250 2150 1555 2246; baseline 0.002 -21"><span class='ocrx_word' id='word_1_162' title='bbox 250 2150 396 2226; x_wconf 67' lang='grc' dir='ltr'><strong><em>αύτοῦα</em></strong></span> <span class='ocrx_word' id='word_1_163' title='bbox 423 2162 479 2226; x_wconf 87' lang='grc' dir='ltr'><strong><em>καὶ</em></strong></span> <span class='ocrx_word' id='word_1_164' title='bbox 506 2153 570 2244; x_wconf 83' lang='grc' dir='ltr'><strong><em>τὴν</em></strong></span> <span class='ocrx_word' id='word_1_165' title='bbox 596 2153 740 2244; x_wconf 78' lang='grc' dir='ltr'><strong><em>συνοχὴν</em></strong></span> <span class='ocrx_word' id='word_1_166' title='bbox 766 2159 804 2226; x_wconf 87' lang='grc' dir='ltr'><strong><em>έν</em></strong></span> <span class='ocrx_word' id='word_1_167' title='bbox 830 2160 881 2244; x_wconf 79' lang='grc' dir='ltr'><strong><em>τῷ</em></strong></span> <span class='ocrx_word' id='word_1_168' title='bbox 909 2151 973 2240; x_wconf 68' lang='grc' dir='ltr'><strong><em>,δι’</em></strong></span> <span class='ocrx_word' id='word_1_169' title='bbox 1000 2151 1150 2228; x_wconf 44' lang='grc' dir='ltr'><strong><em>αύτοῦίί</em></strong></span> <span class='ocrx_word' id='word_1_170' title='bbox 1176 2165 1232 2228; x_wconf 85' lang='grc' dir='ltr'><strong><em>καί</em></strong></span> <span class='ocrx_word' id='word_1_171' title='bbox 1258 2158 1299 2229; x_wconf 89' lang='grc' dir='ltr'><strong><em>τὸ</em></strong></span> <span class='ocrx_word' id='word_1_172' title='bbox 1326 2163 1423 2241; x_wconf 85' lang='grc' dir='ltr'><strong><em>τέλος</em></strong></span> <span class='ocrx_word' id='word_1_173' title='bbox 1444 2161 1482 2229; x_wconf 86' lang='grc' dir='ltr'><strong><em>έν</em></strong></span> <span class='ocrx_word' id='word_1_174' title='bbox 1503 2162 1555 2246; x_wconf 80' lang='grc' dir='ltr'><strong><em>τῷ</em></strong></span> 
     </span>
     <span class='ocr_line' id='line_1_18' title="bbox 250 2249 1558 2380; baseline 0 -54"><span class='ocrx_word' id='word_1_175' title='bbox 250 2261 315 2338; x_wconf 71' lang='grc' dir='ltr'><strong><em>,εἰς</em></strong></span> <span class='ocrx_word' id='word_1_176' title='bbox 337 2249 489 2325; x_wconf 81' lang='grc' dir='ltr'><strong><em>αύτόν.“</em></strong></span> <span class='ocrx_word' id='word_1_177' title='bbox 505 2249 662 2380; x_wconf 77' lang='grc' dir='ltr'><strong><em>όληθιῆς</em></strong></span> <span class='ocrx_word' id='word_1_178' title='bbox 691 2258 727 2325; x_wconf 76' lang='grc' dir='ltr'><strong><em>δὲ</em></strong></span> <span class='ocrx_word' id='word_1_179' title='bbox 753 2257 793 2342; x_wconf 78' lang='grc' dir='ltr'><strong><em>ἐξ</em></strong></span> <span class='ocrx_word' id='word_1_180' title='bbox 819 2251 986 2337; x_wconf 88' lang='grc' dir='ltr'><strong><em>ούδενός</em></strong></span> <span class='ocrx_word' id='word_1_181' title='bbox 1009 2249 1028 2327; x_wconf 88' lang='lat'><strong><em>6</em></strong></span> <span class='ocrx_word' id='word_1_182' title='bbox 1050 2252 1153 2340; x_wconf 73' lang='grc' dir='ltr'><strong><em>θεός.</em></strong></span> <span class='ocrx_word' id='word_1_183' title='bbox 1196 2261 1269 2328; x_wconf 83' lang='grc' dir='ltr'><strong><em>ἐπεὶ</em></strong></span> <span class='ocrx_word' id='word_1_184' title='bbox 1300 2262 1338 2329; x_wconf 86' lang='grc' dir='ltr'><strong><em>δέ</em></strong></span> <span class='ocrx_word' id='word_1_185' title='bbox 1367 2277 1470 2347; x_wconf 86' lang='grc' dir='ltr'><strong><em>φησιν</em></strong></span> <span class='ocrx_word' id='word_1_186' title='bbox 1503 2249 1558 2327; x_wconf 86' lang='grc' dir='ltr'><strong><em>ότι</em></strong></span> 
     </span>
     <span class='ocr_line' id='line_1_19' title="bbox 249 2348 1557 2446; baseline 0 -22"><span class='ocrx_word' id='word_1_187' title='bbox 249 2350 339 2424; x_wconf 80' lang='grc' dir='ltr'><strong><em>ούδὲ</em></strong></span> <span class='ocrx_word' id='word_1_188' title='bbox 366 2348 513 2442; x_wconf 74' lang='grc' dir='ltr'><strong><em>λύγρ’</em></strong></span> <span class='ocrx_word' id='word_1_189' title='bbox 499 2351 677 2441; x_wconf 83' lang='grc' dir='ltr'><strong><em>εφικτὸς,</em></strong></span> <span class='ocrx_word' id='word_1_190' title='bbox 704 2359 940 2444; x_wconf 86' lang='grc' dir='ltr'><strong><em>διαστέλλομαι</em></strong></span> <span class='ocrx_word' id='word_1_191' title='bbox 973 2351 1014 2426; x_wconf 89' lang='grc' dir='ltr'><strong><em>τὸ</em></strong></span> <span class='ocrx_word' id='word_1_192' title='bbox 1042 2351 1290 2446; x_wconf 84' lang='grc' dir='ltr'><strong><em>σημαινόμενον</em></strong></span> <span class='ocrx_word' id='word_1_193' title='bbox 1321 2365 1378 2428; x_wconf 88' lang='grc' dir='ltr'><strong><em>καί</em></strong></span> <span class='ocrx_word' id='word_1_194' title='bbox 1405 2379 1502 2446; x_wconf 84' lang='grc' dir='ltr'><strong><em>φημι</em></strong></span> <span class='ocrx_word' id='word_1_195' title='bbox 1528 2358 1557 2426; x_wconf 86' lang='grc' dir='ltr'><strong><em>εί</em></strong></span> 
     </span>
     <span class='ocr_line' id='line_1_20' title="bbox 247 2449 1557 2545; baseline 0.001 -22"><span class='ocrx_word' id='word_1_196' title='bbox 247 2458 308 2540; x_wconf 84' lang='grc' dir='ltr'><strong><em>μὲν</em></strong></span> <span class='ocrx_word' id='word_1_197' title='bbox 330 2449 435 2543; x_wconf 85' lang='grc' dir='ltr'><strong><em>λόγῳ</em></strong></span> <span class='ocrx_word' id='word_1_198' title='bbox 458 2460 509 2544; x_wconf 82' lang='grc' dir='ltr'><strong><em>τῷ</em></strong></span> <span class='ocrx_word' id='word_1_199' title='bbox 529 2458 567 2525; x_wconf 83' lang='grc' dir='ltr'><strong><em>έν</em></strong></span> <span class='ocrx_word' id='word_1_200' title='bbox 589 2449 677 2543; x_wconf 78' lang='grc' dir='ltr'><strong><em>ἡμῖν,</em></strong></span> <span class='ocrx_word' id='word_1_201' title='bbox 699 2458 767 2525; x_wconf 78' lang='grc' dir='ltr'><strong><em>εἴτε</em></strong></span> <span class='ocrx_word' id='word_1_202' title='bbox 786 2458 973 2544; x_wconf 74' lang='grc' dir='ltr'><strong><em>ένδιαθέτιμ</em></strong></span> <span class='ocrx_word' id='word_1_203' title='bbox 994 2458 1062 2526; x_wconf 77' lang='grc' dir='ltr'><strong><em>εἴτε</em></strong></span> <span class='ocrx_word' id='word_1_204' title='bbox 1082 2461 1365 2576; x_wconf 81' lang='grc' dir='ltr'><strong><em>καὶπροφορικῷ,</em></strong></span> <span class='ocrx_word' id='word_1_205' title='bbox 1386 2461 1443 2526; x_wconf 85' lang='grc' dir='ltr'><strong><em>καὶ</em></strong></span> <span class='ocrx_word' id='word_1_206' title='bbox 1465 2450 1557 2544; x_wconf 76' lang='grc' dir='ltr'><strong><em>ἡμεῖς</em></strong></span> 
     </span>
     <span class='ocr_line' id='line_1_21' title="bbox 196 2544 1557 2674; baseline 0.001 -51"><span class='ocrx_word' id='word_1_207' title='bbox 196 2575 230 2630; x_wconf 83' lang='lat'><strong><em>20</em></strong></span> <span class='ocrx_word' id='word_1_208' title='bbox 248 2549 400 2642; x_wconf 81' lang='grc' dir='ltr'><strong><em>φήσομεν</em></strong></span> <span class='ocrx_word' id='word_1_209' title='bbox 422 2544 478 2624; x_wconf 89' lang='grc' dir='ltr'><strong><em>ότι</em></strong></span> <span class='ocrx_word' id='word_1_210' title='bbox 499 2548 561 2624; x_wconf 88' lang='grc' dir='ltr'><strong><em>ούκ</em></strong></span> <span class='ocrx_word' id='word_1_211' title='bbox 582 2553 675 2624; x_wconf 79' lang='grc' dir='ltr'><strong><em>ἔστιν</em></strong></span> <span class='ocrx_word' id='word_1_212' title='bbox 689 2551 856 2641; x_wconf 83' lang='grc' dir='ltr'><strong><em>έφικτός</em></strong></span> <span class='ocrx_word' id='word_1_213' title='bbox 878 2560 934 2644; x_wconf 82' lang='grc' dir='ltr'><strong><em>τῷ</em></strong></span> <span class='ocrx_word' id='word_1_214' title='bbox 957 2548 1106 2674; x_wconf 70' lang='lat'>1676‘</span> <span class='ocrx_word' id='word_1_215' title='bbox 1087 2583 1105 2625; x_wconf 95' lang='grc' dir='ltr'><strong><em>ο</em></strong></span> <span class='ocrx_word' id='word_1_216' title='bbox 1128 2549 1237 2636; x_wconf 72' lang='grc' dir='ltr'><strong><em>θεός·</em></strong></span> <span class='ocrx_word' id='word_1_217' title='bbox 1274 2557 1303 2626; x_wconf 88' lang='grc' dir='ltr'><strong><em>εί</em></strong></span> <span class='ocrx_word' id='word_1_218' title='bbox 1322 2561 1358 2627; x_wconf 80' lang='grc' dir='ltr'><strong><em>δὲ</em></strong></span> <span class='ocrx_word' id='word_1_219' title='bbox 1372 2552 1557 2644; x_wconf 82' lang='grc' dir='ltr'><strong><em>νοήσαντες</em></strong></span> 
     </span>
     <span class='ocr_line' id='line_1_22' title="bbox 248 2643 1557 2744; baseline 0.002 -22"><span class='ocrx_word' id='word_1_220' title='bbox 248 2651 317 2737; x_wconf 90' lang='grc' dir='ltr'><strong><em>τό,</em></strong></span> <span class='ocrx_word' id='word_1_221' title='bbox 319 2648 405 2736; x_wconf 83' lang='grc' dir='ltr'><strong><em>,’έν</em></strong></span> <span class='ocrx_word' id='word_1_222' title='bbox 385 2660 469 2742; x_wconf 85' lang='grc' dir='ltr'><strong><em>αρχῆ</em></strong></span> <span class='ocrx_word' id='word_1_223' title='bbox 487 2644 564 2742; x_wconf 81' lang='grc' dir='ltr'><strong><em>ῆνό</em></strong></span> <span class='ocrx_word' id='word_1_224' title='bbox 586 2649 716 2742; x_wconf 89' lang='grc' dir='ltr'><strong><em>λόγος,</em></strong></span> <span class='ocrx_word' id='word_1_225' title='bbox 738 2648 828 2724; x_wconf 81' lang='grc' dir='ltr'><strong><em>καλό</em></strong></span> <span class='ocrx_word' id='word_1_226' title='bbox 851 2648 970 2741; x_wconf 91' lang='grc' dir='ltr'><strong><em>λόγος</em></strong></span> <span class='ocrx_word' id='word_1_227' title='bbox 992 2643 1034 2742; x_wconf 85' lang='grc' dir='ltr'><strong><em>ῆν</em></strong></span> <span class='ocrx_word' id='word_1_228' title='bbox 1055 2651 1141 2741; x_wconf 89' lang='grc' dir='ltr'><strong><em>πρὸς</em></strong></span> <span class='ocrx_word' id='word_1_229' title='bbox 1156 2651 1327 2740; x_wconf 73' lang='grc' dir='ltr'><strong><em>τὸνθεόν,</em></strong></span> <span class='ocrx_word' id='word_1_230' title='bbox 1342 2660 1398 2726; x_wconf 82' lang='grc' dir='ltr'><strong><em>καὶ</em></strong></span> <span class='ocrx_word' id='word_1_231' title='bbox 1413 2651 1495 2735; x_wconf 76' lang='grc' dir='ltr'><strong><em>θεὸς</em></strong></span> <span class='ocrx_word' id='word_1_232' title='bbox 1514 2645 1557 2744; x_wconf 81' lang='grc' dir='ltr'><strong><em>ῆν</em></strong></span> 
     </span>
     <span class='ocr_line' id='line_1_23' title="bbox 248 2745 1556 2842; baseline 0.001 -18"><span class='ocrx_word' id='word_1_233' title='bbox 248 2747 267 2824; x_wconf 90' lang='lat'><strong><em>6</em></strong></span> <span class='ocrx_word' id='word_1_234' title='bbox 287 2749 425 2840; x_wconf 77' lang='grc' dir='ltr'><strong><em>λόγος“</em></strong></span> <span class='ocrx_word' id='word_1_235' title='bbox 442 2745 733 2842; x_wconf 77' lang='grc' dir='ltr'><strong><em>αποφαινόμεθα</em></strong></span> <span class='ocrx_word' id='word_1_236' title='bbox 721 2749 775 2825; x_wconf 92' lang='grc' dir='ltr'><strong><em>ότι</em></strong></span> <span class='ocrx_word' id='word_1_237' title='bbox 789 2749 904 2839; x_wconf 84' lang='grc' dir='ltr'><strong><em>τούτῳ</em></strong></span> <span class='ocrx_word' id='word_1_238' title='bbox 921 2759 976 2842; x_wconf 81' lang='grc' dir='ltr'><strong><em>τῷ</em></strong></span> <span class='ocrx_word' id='word_1_239' title='bbox 999 2748 1104 2842; x_wconf 86' lang='grc' dir='ltr'><strong><em>λόγῳ</em></strong></span> <span class='ocrx_word' id='word_1_240' title='bbox 1125 2749 1290 2841; x_wconf 84' lang='grc' dir='ltr'><strong><em>έφικτός</em></strong></span> <span class='ocrx_word' id='word_1_241' title='bbox 1305 2747 1430 2826; x_wconf 64' lang='grc' dir='ltr'><strong><em>έστινς</em></strong></span> <span class='ocrx_word' id='word_1_242' title='bbox 1412 2783 1430 2824; x_wconf 96' lang='grc' dir='ltr'><strong><em>ο</em></strong></span> <span class='ocrx_word' id='word_1_243' title='bbox 1446 2752 1556 2839; x_wconf 74' lang='grc' dir='ltr'><strong><em>θεὸς,</em></strong></span> 
     </span>
     <span class='ocr_line' id='line_1_24' title="bbox 248 2843 1556 2942; baseline -0.002 -17"><span class='ocrx_word' id='word_1_244' title='bbox 248 2849 288 2925; x_wconf 84' lang='grc' dir='ltr'><strong><em>ου’</em></strong></span> <span class='ocrx_word' id='word_1_245' title='bbox 315 2849 410 2942; x_wconf 84' lang='grc' dir='ltr'><strong><em>μόνῳ</em></strong></span> <span class='ocrx_word' id='word_1_246' title='bbox 439 2848 534 2942; x_wconf 77' lang='grc' dir='ltr'><strong><em>αύτῷ</em></strong></span> <span class='ocrx_word' id='word_1_247' title='bbox 561 2847 903 2942; x_wconf 83' lang='grc' dir='ltr'><strong><em>καταλαμβανόμενος</em></strong></span> <span class='ocrx_word' id='word_1_248' title='bbox 924 2848 1011 2924; x_wconf 77' lang='grc' dir='ltr'><strong><em>ἀλλὰ</em></strong></span> <span class='ocrx_word' id='word_1_249' title='bbox 1032 2843 1136 2922; x_wconf 85' lang='grc' dir='ltr'><strong><em>καὶ</em></strong></span> <span class='ocrx_word' id='word_1_250' title='bbox 1109 2882 1138 2942; x_wconf 83' lang='grc' dir='ltr'><strong><em>ῳ</em></strong></span> <span class='ocrx_word' id='word_1_251' title='bbox 1161 2847 1204 2924; x_wconf 73' lang='grc' dir='ltr'><strong><em>όν</em></strong></span> <span class='ocrx_word' id='word_1_252' title='bbox 1226 2849 1328 2936; x_wconf 86' lang='grc' dir='ltr'><strong><em>αύτὸς</em></strong></span> <span class='ocrx_word' id='word_1_253' title='bbox 1350 2849 1556 2940; x_wconf 83' lang='grc' dir='ltr'><strong><em>ύποκαλύψη</em></strong></span> 
     </span>
     <span class='ocr_line' id='line_1_25' title="bbox 248 2947 1554 3042; baseline -0.002 -19"><span class='ocrx_word' id='word_1_254' title='bbox 248 2949 311 3023; x_wconf 88' lang='grc' dir='ltr'><strong><em>τὸν</em></strong></span> <span class='ocrx_word' id='word_1_255' title='bbox 325 2958 465 3042; x_wconf 85' lang='grc' dir='ltr'><strong><em>πατέρα,</em></strong></span> <span class='ocrx_word' id='word_1_256' title='bbox 487 2947 781 3040; x_wconf 83' lang='grc' dir='ltr'><strong><em>ψευδοποιήσομεν</em></strong></span> <span class='ocrx_word' id='word_1_257' title='bbox 793 2949 858 3039; x_wconf 87' lang='grc' dir='ltr'><strong><em>τῆν</em></strong></span> <span class='ocrx_word' id='word_1_258' title='bbox 874 2957 1004 3023; x_wconf 87' lang='grc' dir='ltr'><strong><em>Κέλσου</em></strong></span> <span class='ocrx_word' id='word_1_259' title='bbox 1018 2958 1108 3039; x_wconf 77' lang='grc' dir='ltr'><strong><em>λέξιν</em></strong></span> <span class='ocrx_word' id='word_1_260' title='bbox 1122 2949 1328 3040; x_wconf 81' lang='grc' dir='ltr'><strong><em>φάσκοντος·</em></strong></span> <span class='ocrx_word' id='word_1_261' title='bbox 1344 2950 1435 3024; x_wconf 76' lang='grc' dir='ltr'><strong><em>οῦδὲ</em></strong></span> <span class='ocrx_word' id='word_1_262' title='bbox 1450 2947 1554 3041; x_wconf 85' lang='grc' dir='ltr'><strong><em>λόγῳ</em></strong></span> 
     </span>
     <span class='ocr_line' id='line_1_26' title="bbox 197 3045 802 3143; baseline -0.007 -19"><span class='ocrx_word' id='word_1_263' title='bbox 197 3071 229 3126; x_wconf 82' lang='grc'><strong><em>25</em></strong></span> <span class='ocrx_word' id='word_1_264' title='bbox 248 3048 415 3142; x_wconf 84' lang='grc' dir='ltr'><strong><em>έφικτός</em></strong></span> <span class='ocrx_word' id='word_1_265' title='bbox 436 3045 714 3133; x_wconf 77' lang='grc' dir='ltr'><strong><em>έστινόθεός.</em></strong></span> <span class='ocrx_word' id='word_1_266' title='bbox 798 3129 802 3143; x_wconf 32' lang='grc'>1</span> 
     </span>
     <span class='ocr_line' id='line_1_27' title="bbox 330 3144 1556 3240; baseline -0.002 -18"><span class='ocrx_word' id='word_1_267' title='bbox 330 3150 450 3223; x_wconf 84' lang='grc' dir='ltr'><strong><em>καὶτὸ</em></strong></span> <span class='ocrx_word' id='word_1_268' title='bbox 482 3146 553 3222; x_wconf 93' lang='grc' dir='ltr'><strong><em>ούκ</em></strong></span> <span class='ocrx_word' id='word_1_269' title='bbox 583 3145 810 3238; x_wconf 84' lang='grc' dir='ltr'><strong><em>ὀνομαστός</em></strong></span> <span class='ocrx_word' id='word_1_270' title='bbox 841 3154 881 3220; x_wconf 78' lang='grc' dir='ltr'><strong><em>δέ</em></strong></span> <span class='ocrx_word' id='word_1_271' title='bbox 909 3156 1089 3240; x_wconf 78' lang='grc' dir='ltr'><strong><em>διαστολῆς</em></strong></span> <span class='ocrx_word' id='word_1_272' title='bbox 1115 3155 1229 3222; x_wconf 80' lang='grc' dir='ltr'><strong><em>δεῖται.</em></strong></span> <span class='ocrx_word' id='word_1_273' title='bbox 1272 3155 1301 3221; x_wconf 89' lang='grc' dir='ltr'><strong><em>εί</em></strong></span> <span class='ocrx_word' id='word_1_274' title='bbox 1321 3154 1383 3239; x_wconf 80' lang='grc' dir='ltr'><strong><em>μὲν</em></strong></span> <span class='ocrx_word' id='word_1_275' title='bbox 1405 3147 1477 3238; x_wconf 85' lang='grc' dir='ltr'><strong><em>γὰρ,</em></strong></span> <span class='ocrx_word' id='word_1_276' title='bbox 1501 3144 1556 3221; x_wconf 85' lang='grc' dir='ltr'><strong><em>ότι</em></strong></span> 
     </span>
     <span class='ocr_line' id='line_1_28' title="bbox 250 3243 1555 3340; baseline -0.005 -17"><span class='ocrx_word' id='word_1_277' title='bbox 250 3249 350 3324; x_wconf 85' lang='grc' dir='ltr'><strong><em>οῦδὲν</em></strong></span> <span class='ocrx_word' id='word_1_278' title='bbox 372 3259 446 3323; x_wconf 83' lang='grc' dir='ltr'><strong><em>τῶν</em></strong></span> <span class='ocrx_word' id='word_1_279' title='bbox 469 3254 506 3322; x_wconf 79' lang='grc' dir='ltr'><strong><em>ἐν</em></strong></span> <span class='ocrx_word' id='word_1_280' title='bbox 529 3254 635 3335; x_wconf 77' lang='grc' dir='ltr'><strong><em>λέξεσι</em></strong></span> <span class='ocrx_word' id='word_1_281' title='bbox 656 3257 711 3319; x_wconf 89' lang='grc' dir='ltr'><strong><em>καὶ</em></strong></span> <span class='ocrx_word' id='word_1_282' title='bbox 733 3254 989 3338; x_wconf 85' lang='grc' dir='ltr'><strong><em>σημαινομένοις</em></strong></span> <span class='ocrx_word' id='word_1_283' title='bbox 1004 3248 1145 3321; x_wconf 86' lang='grc' dir='ltr'><strong><em>δύναται</em></strong></span> <span class='ocrx_word' id='word_1_284' title='bbox 1161 3255 1375 3340; x_wconf 88' lang='grc' dir='ltr'><strong><em>παραστῆσαι</em></strong></span> <span class='ocrx_word' id='word_1_285' title='bbox 1392 3247 1454 3332; x_wconf 83' lang='grc' dir='ltr'><strong><em>τὰς</em></strong></span> <span class='ocrx_word' id='word_1_286' title='bbox 1475 3243 1555 3318; x_wconf 81' lang='grc' dir='ltr'><strong><em>ἰδιό-</em></strong></span> 
     </span>
     <span class='ocr_line' id='line_1_29' title="bbox 250 3343 1553 3442; baseline -0.005 -18"><span class='ocrx_word' id='word_1_287' title='bbox 250 3379 355 3442; x_wconf 88' lang='grc' dir='ltr'><strong><em>τητας</em></strong></span> <span class='ocrx_word' id='word_1_288' title='bbox 382 3355 446 3423; x_wconf 91' lang='grc' dir='ltr'><strong><em>τοῦ</em></strong></span> <span class='ocrx_word' id='word_1_289' title='bbox 471 3354 566 3432; x_wconf 78' lang='grc' dir='ltr'><strong><em>θεοῦ,</em></strong></span> <span class='ocrx_word' id='word_1_290' title='bbox 593 3346 717 3438; x_wconf 76' lang='grc' dir='ltr'><strong><em>ἀληθές</em></strong></span> <span class='ocrx_word' id='word_1_291' title='bbox 744 3353 814 3419; x_wconf 82' lang='grc' dir='ltr'><strong><em>ἐστι</em></strong></span> <span class='ocrx_word' id='word_1_292' title='bbox 840 3347 881 3419; x_wconf 87' lang='grc' dir='ltr'><strong><em>τό</em></strong></span> <span class='ocrx_word' id='word_1_293' title='bbox 909 3345 1099 3439; x_wconf 88' lang='grc' dir='ltr'><strong><em>λεγόμενον,</em></strong></span> <span class='ocrx_word' id='word_1_294' title='bbox 1127 3354 1157 3420; x_wconf 82' lang='grc' dir='ltr'><strong><em>εί</em></strong></span> <span class='ocrx_word' id='word_1_295' title='bbox 1178 3377 1214 3440; x_wconf 91' lang='grc' dir='ltr'><strong><em>γε</em></strong></span> <span class='ocrx_word' id='word_1_296' title='bbox 1236 3356 1292 3422; x_wconf 86' lang='grc' dir='ltr'><strong><em>καὶ</em></strong></span> <span class='ocrx_word' id='word_1_297' title='bbox 1313 3355 1437 3422; x_wconf 84' lang='grc' dir='ltr'><strong><em>πολλοὶ</em></strong></span> <span class='ocrx_word' id='word_1_298' title='bbox 1458 3343 1553 3418; x_wconf 89' lang='grc' dir='ltr'><strong><em>ποιό-</em></strong></span> 
     </span>
     <span class='ocr_line' id='line_1_30' title="bbox 250 3443 1555 3540; baseline -0.003 -18"><span class='ocrx_word' id='word_1_299' title='bbox 250 3479 349 3540; x_wconf 89' lang='grc' dir='ltr'><strong><em>τητες</em></strong></span> <span class='ocrx_word' id='word_1_300' title='bbox 364 3446 425 3520; x_wconf 87' lang='grc' dir='ltr'><strong><em>οῦκ</em></strong></span> <span class='ocrx_word' id='word_1_301' title='bbox 440 3455 522 3520; x_wconf 82' lang='grc' dir='ltr'><strong><em>είσὶν</em></strong></span> <span class='ocrx_word' id='word_1_302' title='bbox 537 3443 764 3536; x_wconf 82' lang='grc' dir='ltr'><strong><em>ὀνομαστοί.</em></strong></span> <span class='ocrx_word' id='word_1_303' title='bbox 794 3455 846 3532; x_wconf 87' lang='grc' dir='ltr'><strong><em>τίς</em></strong></span> <span class='ocrx_word' id='word_1_304' title='bbox 859 3446 922 3537; x_wconf 84' lang='grc' dir='ltr'><strong><em>γὰρ</em></strong></span> <span class='ocrx_word' id='word_1_305' title='bbox 941 3447 1081 3520; x_wconf 90' lang='grc' dir='ltr'><strong><em>δύναται</em></strong></span> <span class='ocrx_word' id='word_1_306' title='bbox 1099 3443 1240 3538; x_wconf 83' lang='grc' dir='ltr'><strong><em>ὀνόμασι</em></strong></span> <span class='ocrx_word' id='word_1_307' title='bbox 1254 3446 1423 3538; x_wconf 79' lang='grc' dir='ltr'><strong><em>διαφορὰν</em></strong></span> <span class='ocrx_word' id='word_1_308' title='bbox 1438 3453 1555 3518; x_wconf 90' lang='grc' dir='ltr'><strong><em>δοῦναι</em></strong></span> 
     </span>
     <span class='ocr_line' id='line_1_31' title="bbox 197 3541 1554 3639; baseline -0.003 -17"><span class='ocrx_word' id='word_1_309' title='bbox 197 3567 231 3622; x_wconf 86' lang='grc'><strong><em>30</em></strong></span> <span class='ocrx_word' id='word_1_310' title='bbox 249 3548 436 3639; x_wconf 89' lang='grc' dir='ltr'><strong><em>ποιότητος</em></strong></span> <span class='ocrx_word' id='word_1_311' title='bbox 455 3546 664 3637; x_wconf 84' lang='grc' dir='ltr'><strong><em>γλυκύτητος</em></strong></span> <span class='ocrx_word' id='word_1_312' title='bbox 685 3553 840 3634; x_wconf 87' lang='grc' dir='ltr'><strong><em>φοίνικος</em></strong></span> <span class='ocrx_word' id='word_1_313' title='bbox 861 3553 916 3618; x_wconf 88' lang='grc' dir='ltr'><strong><em>καὶ</em></strong></span> <span class='ocrx_word' id='word_1_314' title='bbox 944 3546 1153 3638; x_wconf 84' lang='grc' dir='ltr'><strong><em>γλυκύτητος</em></strong></span> <span class='ocrx_word' id='word_1_315' title='bbox 1179 3545 1328 3637; x_wconf 84' lang='grc' dir='ltr'><strong><em>ίσχύδος;</em></strong></span> <span class='ocrx_word' id='word_1_316' title='bbox 1355 3554 1405 3631; x_wconf 89' lang='grc' dir='ltr'><strong><em>τίς</em></strong></span> <span class='ocrx_word' id='word_1_317' title='bbox 1421 3553 1456 3618; x_wconf 79' lang='grc' dir='ltr'><strong><em>δὲ</em></strong></span> <span class='ocrx_word' id='word_1_318' title='bbox 1479 3541 1554 3618; x_wconf 88' lang='grc' dir='ltr'><strong><em>όνό·</em></strong></span> 
     </span>
     <span class='ocr_line' id='line_1_32' title="bbox 249 3643 1555 3739; baseline -0.002 -19"><span class='ocrx_word' id='word_1_319' title='bbox 249 3678 329 3739; x_wconf 94' lang='grc' dir='ltr'><strong><em>ματι</em></strong></span> <span class='ocrx_word' id='word_1_320' title='bbox 351 3647 494 3721; x_wconf 87' lang='grc' dir='ltr'><strong><em>δύναται</em></strong></span> <span class='ocrx_word' id='word_1_321' title='bbox 515 3652 769 3719; x_wconf 81' lang='grc' dir='ltr'><strong><em>διαστείλασθαι</em></strong></span> <span class='ocrx_word' id='word_1_322' title='bbox 790 3653 845 3718; x_wconf 84' lang='grc' dir='ltr'><strong><em>καὶ</em></strong></span> <span class='ocrx_word' id='word_1_323' title='bbox 867 3653 1077 3738; x_wconf 89' lang='grc' dir='ltr'><strong><em>παραστῆσαι</em></strong></span> <span class='ocrx_word' id='word_1_324' title='bbox 1103 3647 1168 3737; x_wconf 87' lang='grc' dir='ltr'><strong><em>τὴν</em></strong></span> <span class='ocrx_word' id='word_1_325' title='bbox 1188 3644 1330 3720; x_wconf 79' lang='grc' dir='ltr'><strong><em>ἑκάστου</em></strong></span> <span class='ocrx_word' id='word_1_326' title='bbox 1355 3649 1445 3718; x_wconf 89' lang='grc' dir='ltr'><strong><em>ίδίαν</em></strong></span> <span class='ocrx_word' id='word_1_327' title='bbox 1459 3643 1555 3718; x_wconf 90' lang='grc' dir='ltr'><strong><em>ποιό-</em></strong></span> 
     </span>
     <span class='ocr_line' id='line_1_33' title="bbox 250 3739 1553 3838; baseline -0.002 -20"><span class='ocrx_word' id='word_1_328' title='bbox 250 3775 354 3838; x_wconf 73' lang='grc' dir='ltr'><strong><em>τητας</em></strong></span> <span class='ocrx_word' id='word_1_329' title='bbox 375 3745 473 3821; x_wconf 79' lang='grc' dir='ltr'><strong><em>οῦδὲν</em></strong></span> <span class='ocrx_word' id='word_1_330' title='bbox 489 3739 553 3819; x_wconf 91' lang='grc' dir='ltr'><strong><em>οῦν</em></strong></span> <span class='ocrx_word' id='word_1_331' title='bbox 571 3744 780 3836; x_wconf 76' lang='grc' dir='ltr'><strong><em>θαυμαστόν,</em></strong></span> <span class='ocrx_word' id='word_1_332' title='bbox 805 3752 833 3818; x_wconf 86' lang='grc' dir='ltr'><strong><em>εί</em></strong></span> <span class='ocrx_word' id='word_1_333' title='bbox 847 3743 909 3818; x_wconf 87' lang='grc' dir='ltr'><strong><em>οῦκ</em></strong></span> <span class='ocrx_word' id='word_1_334' title='bbox 925 3749 1016 3819; x_wconf 77' lang='grc' dir='ltr'><strong><em>ἔστιν</em></strong></span> <span class='ocrx_word' id='word_1_335' title='bbox 1031 3739 1143 3831; x_wconf 81' lang='grc' dir='ltr'><strong><em>οῦτως</em></strong></span> <span class='ocrx_word' id='word_1_336' title='bbox 1162 3742 1386 3836; x_wconf 84' lang='grc' dir='ltr'><strong><em>ὀνομαστός</em></strong></span> <span class='ocrx_word' id='word_1_337' title='bbox 1408 3741 1427 3818; x_wconf 89' lang='lat'><strong><em>6</em></strong></span> <span class='ocrx_word' id='word_1_338' title='bbox 1450 3745 1553 3828; x_wconf 82' lang='grc' dir='ltr'><strong><em>θεός.</em></strong></span> 
     </span>
    </p>
   </div>
   <div class='ocr_carea' id='block_1_4' title="bbox 250 3931 1555 4116">
    <p class='ocr_par' dir='ltr' id='par_1_4' title="bbox 250 3931 1555 4116">
     <span class='ocr_line' id='line_1_34' title="bbox 333 3931 1555 4031; baseline -0.002 -15"><span class='ocrx_word' id='word_1_339' title='bbox 333 3963 349 4016; x_wconf 95' lang='lat'>1</span> <span class='ocrx_word' id='word_1_340' title='bbox 371 3959 547 4031; x_wconf 71' lang='lat' dir='ltr'>Vgl.1K01.</span> <span class='ocrx_word' id='word_1_341' title='bbox 570 3963 591 4025; x_wconf 89' lang='lat'><strong><em>1,</em></strong></span> <span class='ocrx_word' id='word_1_342' title='bbox 610 3960 651 4015; x_wconf 86' lang='lat'><strong><em>30.</em></strong></span> <span class='ocrx_word' id='word_1_343' title='bbox 674 3989 707 3999; x_wconf 91' lang='lat'>-</span> <span class='ocrx_word' id='word_1_344' title='bbox 729 3961 743 4014; x_wconf 86' lang='grc' dir='ltr'><strong><em>τ</em></strong></span> <span class='ocrx_word' id='word_1_345' title='bbox 766 3959 826 4014; x_wconf 88' lang='lat' dir='ltr'>Kol.</span> <span class='ocrx_word' id='word_1_346' title='bbox 846 3962 929 4028; x_wconf 83' lang='lat'>1,15.</span> <span class='ocrx_word' id='word_1_347' title='bbox 952 3990 986 4000; x_wconf 94' lang='lat'><em>-</em></span> <span class='ocrx_word' id='word_1_348' title='bbox 1010 3959 1048 4016; x_wconf 81' lang='grc' dir='ltr'><strong><em>ιο</em></strong></span> <span class='ocrx_word' id='word_1_349' title='bbox 1066 3960 1129 4029; x_wconf 79' lang='lat' dir='ltr'>Vgl.</span> <span class='ocrx_word' id='word_1_350' title='bbox 1148 3959 1208 4014; x_wconf 75' lang='grc' dir='ltr'><strong><em>ωε.</em></strong></span> <span class='ocrx_word' id='word_1_351' title='bbox 1228 3931 1258 4021; x_wconf 79' lang='grc' dir='ltr'><strong><em>ι,</em></strong></span> <span class='ocrx_word' id='word_1_352' title='bbox 1271 3961 1311 4014; x_wconf 82' lang='lat'><strong><em>11.</em></strong></span> <span class='ocrx_word' id='word_1_353' title='bbox 1340 3959 1401 4015; x_wconf 68' lang='grc' dir='ltr'><strong><em>σοι.</em></strong></span> <span class='ocrx_word' id='word_1_354' title='bbox 1421 3961 1444 4021; x_wconf 88' lang='lat'><strong><em>1,</em></strong></span> <span class='ocrx_word' id='word_1_355' title='bbox 1462 3960 1503 4014; x_wconf 82' lang='lat'><strong><em>15.</em></strong></span> <span class='ocrx_word' id='word_1_356' title='bbox 1522 3987 1555 3996; x_wconf 98' lang='lat'>-</span> 
     </span>
     <span class='ocr_line' id='line_1_35' title="bbox 250 4043 1289 4116; baseline -0.004 -14"><span class='ocrx_word' id='word_1_357' title='bbox 250 4046 289 4102; x_wconf 83' lang='lat'><strong><em>14</em></strong></span> <span class='ocrx_word' id='word_1_358' title='bbox 310 4044 469 4116; x_wconf 74' lang='lat' dir='ltr'>vgl.16m.</span> <span class='ocrx_word' id='word_1_359' title='bbox 488 4047 528 4109; x_wconf 87' lang='lat'><strong><em>11,</em></strong></span> <span class='ocrx_word' id='word_1_360' title='bbox 547 4045 588 4102; x_wconf 83' lang='lat'><strong><em>36.</em></strong></span> <span class='ocrx_word' id='word_1_361' title='bbox 606 4073 640 4084; x_wconf 98' lang='lat'>-</span> <span class='ocrx_word' id='word_1_362' title='bbox 658 4045 696 4101; x_wconf 81' lang='grc' dir='ltr'><strong><em>ει</em></strong></span> <span class='ocrx_word' id='word_1_363' title='bbox 716 4043 777 4100; x_wconf 78' lang='lat'>101.</span> <span class='ocrx_word' id='word_1_364' title='bbox 796 4047 819 4107; x_wconf 91' lang='lat'><strong><em>1,</em></strong></span> <span class='ocrx_word' id='word_1_365' title='bbox 838 4047 861 4098; x_wconf 93' lang='lat'><strong><em>1.</em></strong></span> <span class='ocrx_word' id='word_1_366' title='bbox 879 4075 913 4084; x_wconf 96' lang='lat'>-</span> <span class='ocrx_word' id='word_1_367' title='bbox 931 4045 971 4101; x_wconf 84' lang='grc' dir='ltr'><strong><em>ιε</em></strong></span> <span class='ocrx_word' id='word_1_368' title='bbox 989 4045 1052 4114; x_wconf 83' lang='lat' dir='ltr'>Vgl.</span> <span class='ocrx_word' id='word_1_369' title='bbox 1071 4045 1170 4099; x_wconf 80' lang='lat' dir='ltr'>Matth.</span> <span class='ocrx_word' id='word_1_370' title='bbox 1189 4046 1230 4109; x_wconf 92' lang='lat'><strong><em>11,</em></strong></span> <span class='ocrx_word' id='word_1_371' title='bbox 1248 4044 1289 4098; x_wconf 84' lang='lat'><strong><em>21.</em></strong></span> 
     </span>
    </p>
   </div>
   <div class='ocr_carea' id='block_1_5' title="bbox 247 4216 1554 4722">
    <p class='ocr_par' dir='ltr' id='par_1_5' title="bbox 247 4216 1554 4722">
     <span class='ocr_line' id='line_1_36' title="bbox 332 4216 1554 4298; baseline -0.005 -12"><span class='ocrx_word' id='word_1_372' title='bbox 332 4231 350 4286; x_wconf 73' lang='grc' dir='ltr'><strong><em>λ</em></strong></span> <span class='ocrx_word' id='word_1_373' title='bbox 371 4221 427 4286; x_wconf 82' lang='grc' dir='ltr'><strong><em>ύπό</em></strong></span> <span class='ocrx_word' id='word_1_374' title='bbox 452 4229 543 4285; x_wconf 83' lang='lat' dir='ltr'>PDel.</span> <span class='ocrx_word' id='word_1_375' title='bbox 561 4230 583 4298; x_wconf 85' lang='lat' dir='ltr'><strong><em>(I</em></strong></span> <span class='ocrx_word' id='word_1_376' title='bbox 601 4229 650 4284; x_wconf 85' lang='lat'><strong><em>681</em></strong></span> <span class='ocrx_word' id='word_1_377' title='bbox 673 4232 753 4284; x_wconf 82' lang='lat' dir='ltr'><strong>Anm·</strong></span> <span class='ocrx_word' id='word_1_378' title='bbox 771 4231 812 4298; x_wconf 70' lang='lat' dir='ltr'><strong><em>g).</em></strong></span> <span class='ocrx_word' id='word_1_379' title='bbox 835 4227 891 4298; x_wconf 83' lang='lat' dir='ltr'>vgl.</span> <span class='ocrx_word' id='word_1_380' title='bbox 909 4227 981 4282; x_wconf 83' lang='lat' dir='ltr'>oben</span> <span class='ocrx_word' id='word_1_381' title='bbox 1005 4226 1030 4284; x_wconf 83' lang='lat' dir='ltr'><strong><em>S.</em></strong></span> <span class='ocrx_word' id='word_1_382' title='bbox 1050 4229 1099 4284; x_wconf 85' lang='lat'><strong><em>134</em></strong></span> <span class='ocrx_word' id='word_1_383' title='bbox 1121 4227 1147 4283; x_wconf 87' lang='lat' dir='ltr'><strong><em>Z.</em></strong></span> <span class='ocrx_word' id='word_1_384' title='bbox 1166 4229 1212 4292; x_wconf 70' lang='lat'><strong><em>253</em></strong></span> <span class='ocrx_word' id='word_1_385' title='bbox 1239 4220 1296 4283; x_wconf 72' lang='grc' dir='ltr'><strong><em>ἀπὸ</em></strong></span> <span class='ocrx_word' id='word_1_386' title='bbox 1315 4226 1453 4296; x_wconf 70' lang='lat'>1116811.</span> <span class='ocrx_word' id='word_1_387' title='bbox 1474 4227 1478 4295; x_wconf 94' lang='grc' dir='ltr'>Ι</span> <span class='ocrx_word' id='word_1_388' title='bbox 1498 4226 1514 4280; x_wconf 82' lang='grc'>6</span> <span class='ocrx_word' id='word_1_389' title='bbox 1537 4216 1554 4294; x_wconf 84' lang='lat'><strong><em>6</em></strong></span> 
     </span>
     <span class='ocr_line' id='line_1_37' title="bbox 247 4299 1554 4389; baseline -0.005 -19"><span class='ocrx_word' id='word_1_390' title='bbox 247 4317 354 4389; x_wconf 71' lang='grc' dir='ltr'><strong><em>ιυριως</em></strong></span> <span class='ocrx_word' id='word_1_391' title='bbox 376 4313 501 4369; x_wconf 69' lang='grc' dir='ltr'><strong><em>αειαυε</em></strong></span> <span class='ocrx_word' id='word_1_392' title='bbox 522 4313 568 4368; x_wconf 73' lang='lat'><strong><em>101</em></strong></span> <span class='ocrx_word' id='word_1_393' title='bbox 589 4314 642 4368; x_wconf 71' lang='lat' dir='ltr'><strong><em>mit</em></strong></span> <span class='ocrx_word' id='word_1_394' title='bbox 663 4314 712 4367; x_wconf 84' lang='grc' dir='ltr'><strong><em>Βο.</em></strong></span> <span class='ocrx_word' id='word_1_395' title='bbox 730 4312 832 4383; x_wconf 72' lang='lat' dir='ltr'>(Notae</span> <span class='ocrx_word' id='word_1_396' title='bbox 849 4331 874 4384; x_wconf 80' lang='lat' dir='ltr'><strong><em>p.</em></strong></span> <span class='ocrx_word' id='word_1_397' title='bbox 892 4313 952 4380; x_wconf 84' lang='lat'>398)</span> <span class='ocrx_word' id='word_1_398' title='bbox 975 4329 1001 4367; x_wconf 81' lang='lat' dir='ltr'><strong><em>u.</em></strong></span> <span class='ocrx_word' id='word_1_399' title='bbox 1019 4312 1078 4367; x_wconf 80' lang='lat' dir='ltr'>Del.</span> <span class='ocrx_word' id='word_1_400' title='bbox 1096 4313 1118 4382; x_wconf 87' lang='lat'><strong><em>(1</em></strong></span> <span class='ocrx_word' id='word_1_401' title='bbox 1136 4313 1185 4368; x_wconf 81' lang='grc' dir='ltr'><strong><em>σει</em></strong></span> <span class='ocrx_word' id='word_1_402' title='bbox 1203 4316 1285 4367; x_wconf 71' lang='lat' dir='ltr'>Anm.</span> <span class='ocrx_word' id='word_1_403' title='bbox 1303 4313 1345 4380; x_wconf 85' lang='lat' dir='ltr'><strong><em>h),</em></strong></span> <span class='ocrx_word' id='word_1_404' title='bbox 1369 4299 1386 4382; x_wconf 71' lang='grc' dir='ltr'><em>ᾗ</em></span> <span class='ocrx_word' id='word_1_405' title='bbox 1407 4310 1513 4382; x_wconf 67' lang='grc' dir='ltr'><strong><em>κυριως</em></strong></span> <span class='ocrx_word' id='word_1_406' title='bbox 1529 4312 1554 4363; x_wconf 79' lang='lat'>1</span> 
     </span>
     <span class='ocr_line' id='line_1_38' title="bbox 249 4391 1554 4470; baseline -0.006 -15"><span class='ocrx_word' id='word_1_407' title='bbox 249 4402 350 4470; x_wconf 78' lang='lat' dir='ltr'>Ausgg.</span> <span class='ocrx_word' id='word_1_408' title='bbox 365 4400 370 4469; x_wconf 89' lang='grc'>1</span> <span class='ocrx_word' id='word_1_409' title='bbox 386 4392 402 4469; x_wconf 82' lang='lat'><strong><em>6</em></strong></span> <span class='ocrx_word' id='word_1_410' title='bbox 421 4395 537 4454; x_wconf 81' lang='grc' dir='ltr'><strong><em>ἑστῶσα</em></strong></span> <span class='ocrx_word' id='word_1_411' title='bbox 555 4399 603 4452; x_wconf 91' lang='grc' dir='ltr'><strong><em>Βο.</em></strong></span> <span class='ocrx_word' id='word_1_412' title='bbox 621 4398 719 4468; x_wconf 75' lang='lat' dir='ltr'>(Notae</span> <span class='ocrx_word' id='word_1_413' title='bbox 734 4415 760 4468; x_wconf 86' lang='lat' dir='ltr'><strong><em>p.</em></strong></span> <span class='ocrx_word' id='word_1_414' title='bbox 778 4397 839 4465; x_wconf 85' lang='lat'>368)</span> <span class='ocrx_word' id='word_1_415' title='bbox 855 4415 882 4451; x_wconf 91' lang='lat' dir='ltr'><strong><em>u.</em></strong></span> <span class='ocrx_word' id='word_1_416' title='bbox 899 4397 959 4453; x_wconf 89' lang='lat' dir='ltr'>Del.</span> <span class='ocrx_word' id='word_1_417' title='bbox 978 4398 1000 4466; x_wconf 88' lang='lat'><strong><em>(1</em></strong></span> <span class='ocrx_word' id='word_1_418' title='bbox 1018 4398 1067 4453; x_wconf 84' lang='grc'><strong><em>681</em></strong></span> <span class='ocrx_word' id='word_1_419' title='bbox 1080 4399 1161 4451; x_wconf 85' lang='lat' dir='ltr'>Anm.</span> <span class='ocrx_word' id='word_1_420' title='bbox 1174 4397 1204 4465; x_wconf 93' lang='lat' dir='ltr'><strong><em>b)</em></strong></span> <span class='ocrx_word' id='word_1_421' title='bbox 1222 4391 1239 4467; x_wconf 82' lang='lat'><strong><em>6</em></strong></span> <span class='ocrx_word' id='word_1_422' title='bbox 1257 4392 1373 4454; x_wconf 79' lang='grc' dir='ltr'><strong><em>ἑστῶσα</em></strong></span> <span class='ocrx_word' id='word_1_423' title='bbox 1390 4395 1554 4463; x_wconf 77' lang='lat' dir='ltr'>PMAusgg.</span> 
     </span>
     <span class='ocr_line' id='line_1_39' title="bbox 249 4471 1554 4555; baseline -0.005 -15"><span class='ocrx_word' id='word_1_424' title='bbox 249 4477 273 4555; x_wconf 79' lang='lat'><strong><em>6</em></strong></span> <span class='ocrx_word' id='word_1_425' title='bbox 287 4480 403 4540; x_wconf 81' lang='grc' dir='ltr'><strong><em>έσταῖσα</em></strong></span> <span class='ocrx_word' id='word_1_426' title='bbox 422 4483 470 4554; x_wconf 83' lang='lat' dir='ltr'>[so]</span> <span class='ocrx_word' id='word_1_427' title='bbox 491 4483 516 4534; x_wconf 80' lang='lat' dir='ltr'>A</span> <span class='ocrx_word' id='word_1_428' title='bbox 536 4485 540 4550; x_wconf 90' lang='grc'>1</span> <span class='ocrx_word' id='word_1_429' title='bbox 561 4482 600 4538; x_wconf 84' lang='grc'><strong><em>16</em></strong></span> <span class='ocrx_word' id='word_1_430' title='bbox 623 4475 850 4547; x_wconf 78' lang='grc' dir='ltr'><strong><em>ἀπολύσας-τύ</em></strong></span> <span class='ocrx_word' id='word_1_431' title='bbox 873 4477 968 4538; x_wconf 78' lang='grc' dir='ltr'><strong><em>πάντα</em></strong></span> <span class='ocrx_word' id='word_1_432' title='bbox 987 4476 1084 4552; x_wconf 78' lang='grc' dir='ltr'><strong><em>αὐτοῦ]</em></strong></span> <span class='ocrx_word' id='word_1_433' title='bbox 1109 4477 1334 4548; x_wconf 70' lang='grc' dir='ltr'><strong><em>ἀναλύσας-τὰ</em></strong></span> <span class='ocrx_word' id='word_1_434' title='bbox 1351 4476 1446 4538; x_wconf 74' lang='grc' dir='ltr'><strong><em>πάντα</em></strong></span> <span class='ocrx_word' id='word_1_435' title='bbox 1464 4471 1554 4535; x_wconf 79' lang='grc' dir='ltr'><strong><em>αύτσῦ</em></strong></span> 
     </span>
     <span class='ocr_line' id='line_1_40' title="bbox 248 4565 1553 4638; baseline -0.004 -15"><span class='ocrx_word' id='word_1_436' title='bbox 248 4571 385 4625; x_wconf 72' lang='grc' dir='ltr'><strong><em>τειωιιίελ</em></strong></span> <span class='ocrx_word' id='word_1_437' title='bbox 401 4569 449 4624; x_wconf 91' lang='grc' dir='ltr'><strong><em>Βο.</em></strong></span> <span class='ocrx_word' id='word_1_438' title='bbox 469 4566 566 4635; x_wconf 70' lang='lat' dir='ltr'><strong>(Notae</strong></span> <span class='ocrx_word' id='word_1_439' title='bbox 584 4585 610 4638; x_wconf 91' lang='lat' dir='ltr'><strong><em>p.</em></strong></span> <span class='ocrx_word' id='word_1_440' title='bbox 628 4567 688 4636; x_wconf 73' lang='lat'>398)</span> <span class='ocrx_word' id='word_1_441' title='bbox 706 4567 779 4621; x_wconf 80' lang='lat' dir='ltr'>ohne</span> <span class='ocrx_word' id='word_1_442' title='bbox 796 4565 911 4636; x_wconf 73' lang='lat' dir='ltr'>Grundl</span> <span class='ocrx_word' id='word_1_443' title='bbox 932 4567 1046 4623; x_wconf 78' lang='lat'>18-16</span> <span class='ocrx_word' id='word_1_444' title='bbox 1065 4585 1110 4622; x_wconf 79' lang='lat' dir='ltr'><strong><em>am</em></strong></span> <span class='ocrx_word' id='word_1_445' title='bbox 1127 4565 1207 4622; x_wconf 78' lang='lat' dir='ltr'><strong>Rand</strong></span> <span class='ocrx_word' id='word_1_446' title='bbox 1226 4567 1301 4636; x_wconf 78' lang='lat' dir='ltr'>(eber</span> <span class='ocrx_word' id='word_1_447' title='bbox 1319 4583 1371 4622; x_wconf 86' lang='lat' dir='ltr'><strong><em>von</em></strong></span> <span class='ocrx_word' id='word_1_448' title='bbox 1389 4567 1422 4620; x_wconf 90' lang='lat' dir='ltr'><strong><em>II.</em></strong></span> <span class='ocrx_word' id='word_1_449' title='bbox 1441 4565 1482 4620; x_wconf 71' lang='lat' dir='ltr'><strong><em>uls</em></strong></span> <span class='ocrx_word' id='word_1_450' title='bbox 1500 4581 1553 4619; x_wconf 85' lang='lat' dir='ltr'><strong><em>von</em></strong></span> 
     </span>
     <span class='ocr_line' id='line_1_41' title="bbox 249 4644 792 4722; baseline -0.002 -15"><span class='ocrx_word' id='word_1_451' title='bbox 249 4655 269 4707; x_wconf 89' lang='lat'><strong><em>1.</em></strong></span> <span class='ocrx_word' id='word_1_452' title='bbox 288 4654 332 4722; x_wconf 89' lang='lat' dir='ltr'><strong><em>H.)</em></strong></span> <span class='ocrx_word' id='word_1_453' title='bbox 350 4654 436 4718; x_wconf 74' lang='grc' dir='ltr'><strong><em>θείως</em></strong></span> <span class='ocrx_word' id='word_1_454' title='bbox 452 4652 550 4720; x_wconf 71' lang='grc'><strong><em>1128</em></strong></span> <span class='ocrx_word' id='word_1_455' title='bbox 569 4648 612 4722; x_wconf 78' lang='grc' dir='ltr'><strong><em>τὸ]</em></strong></span> <span class='ocrx_word' id='word_1_456' title='bbox 630 4644 671 4707; x_wconf 82' lang='grc' dir='ltr'><strong><em>τό</em></strong></span> <span class='ocrx_word' id='word_1_457' title='bbox 693 4653 741 4722; x_wconf 80' lang='lat'>[10]</span> <span class='ocrx_word' id='word_1_458' title='bbox 760 4654 792 4706; x_wconf 86' lang='grc' dir='ltr'><strong><em>Α.</em></strong></span> 
     </span>
    </p>
   </div>
   <div class='ocr_carea' id='block_1_6' title="bbox 0 0 1900 5526">
    <p class='ocr_par' dir='ltr' id='par_1_6' title="bbox 0 0 1900 5526">
     <span class='ocr_line' id='line_1_42' title="bbox 0 0 1900 5526; baseline 0 0"><span class='ocrx_word' id='word_1_459' title='bbox 0 0 1900 5526; x_wconf 95' lang='lat' dir='ltr'><strong><em> </em></strong></span> 
     </span>
    </p>
   </div>
  </div>
 </body>
</html>
