3790 5526
367 490 425 550 122
903 480 1128 535 ανιεασσυε

364 641 624 732 παρεληλύθασι,
652 647 741 726 τινὲς
772 647 807 712 δὲ
838 641 923 728 μετὰ
954 641 1017 732 τὴν
1043 643 1180 715 τούτων
1210 649 1381 732 γένεσιν,
1411 643 1517 710 τοῦτο
1538 653 1541 720 ί
1560 634 1667 726 μόνον
1687 659 1737 713 672

365 737 676 831 έπισημειωσόμεθα
696 739 782 830 πρὸς
804 739 919 826 αῦτόν,
942 733 997 815 ότι
1020 733 1071 830 ἆρ’
1095 747 1197 814 ἔλαθε
1219 745 1391 810 Μωυσέα
1412 735 1453 809 τό
1475 743 1666 826 προειρηκέ-

365 871 419 914 ναι
441 845 477 912 έν
500 845 534 926 ἓξ
556 837 718 929 ἡμέραις
740 848 1000 914 συντετελέσθαι
1022 840 1085 913 τόν
1106 839 1256 931 κόσμον
1272 835 1588 930 δημιουργούμενον,
1610 843 1666 906 καὶ
1737 875 1740 880 ,

364 943 486 1012 ἑαυτοῦ
507 937 750 1030 ἐπιλαθόμενος
772 939 909 1023 τούτοις
930 946 1081 1032 ἐπιφέρει
1103 943 1144 1014 τὸ
1171 934 1280 1029 ,αῦτη
1300 937 1320 1028 ἡ
1340 946 1454 1022 βίβλος
1476 944 1667 1026 γενέσεως

329 1035 603 1128 σύνθριύπων,
626 1031 646 1127 ᾖ
670 1035 792 1132 ἡμέρᾳ
815 1044 971 1129 ἐποίησεν
987 1036 1006 1112 ό
1021 1039 1103 1124 θεὸς
1124 1041 1188 1114 τὸν
1210 1036 1386 1127 ούρανὸν
1408 1045 1465 1108 καὶ
1485 1037 1549 1127 τὴν
1564 1043 1667 1127 γῆν“;

362 1135 437 1211 ἀλλ’
459 1135 595 1226 οῦδεμία
616 1137 808 1229 πιθανότης
830 1143 900 1210 ἐστὶ
920 1146 1041 1232 μηδὲν
1063 1136 1287 1230 νενοηκότα
1309 1142 1479 1208 Μωῦσέα
1502 1142 1666 1226 εἰρηκέναι

360 1238 444 1328 μετὰ
466 1238 508 1310 τά
530 1245 702 1327 περὶτῶν
724 1241 758 1324 ἓξ
785 1235 941 1328 ἡμερῶν
966 1236 1024 1310 τό·
1051 1231 1092 1328 ,ᾗ
1120 1237 1241 1332 ἡμέρη
1268 1243 1423 1326 ἐποίησεν
1450 1231 1469 1306 ό
1495 1236 1578 1320 θεὸς
1604 1236 1667 1306 τὸν

361 1336 539 1426 οῦρανόν
560 1345 616 1408 καὶ
638 1336 702 1426 τὴν
723 1344 824 1426 γῆν.“
860 1337 919 1409 έάν
942 1344 979 1409 δέ
999 1369 1051 1422 τις
1078 1347 1196 1429 νομίζη
1223 1335 1387 1409 δύνασθαι
1417 1331 1514 1408 ταῦτ’
1545 1331 1667 1424 ἀναφέ-

361 1447 479 1526 ρεσθαι
501 1442 555 1508 έπὶ
578 1436 619 1508 τὸ
641 1441 700 1521 ,ἐν
720 1433 805 1527 άρχῇ
827 1442 981 1527 ἐποίησεν
997 1433 1016 1509 ό
1034 1437 1116 1521 θεός
1131 1438 1195 1510 τόν
1211 1434 1387 1524 οῦρανὸν
1406 1443 1462 1506 καὶ
1478 1436 1542 1526 τὴν
1557 1442 1664 1525 γῆν,“

312 1551 345 1605 10
361 1534 575 1626 ἐπιστησάτω
602 1530 656 1608 ότι
681 1537 749 1624 πρὸ
778 1543 841 1608 τοῦ
869 1535 1069 1626 ,γενηθήτω
1101 1545 1198 1625 φῶς,
1230 1544 1286 1606 καὶ
1315 1539 1449 1623 ἐγένετο
1477 1544 1582 1623 φῶςίί
1610 1544 1666 1606 καὶ

361 1643 425 1709 τοῦ
446 1633 656 1722 ,ἐκάλεσενό
678 1639 761 1719 θεὸς
776 1637 818 1708 τὸ
835 1643 918 1724 φῶς
941 1633 1110 1726 ἡμέραν“
1126 1641 1280 1707 λέλεκται
1299 1631 1353 1706 τό·
1376 1639 1434 1718 ,έν
1447 1631 1531 1724 ἀρχῇ
1554 1639 1666 1724 ἐποίη-

362 1760 418 1807 σεν
441 1733 459 1808 ὁ
482 1738 564 1819 θεὸς
584 1735 648 1808 τόν
671 1733 847 1826 ούρανὸν
868 1743 923 1805 καί
946 1735 1011 1825 τὴν
1031 1743 1134 1826 γην.“’

443 1839 492 1905 LI.
528 1841 603 1906 Νῦν
625 1840 660 1906 δὲ
682 1833 903 1925 διηγήσασθαι
924 1837 989 1907 τὸν
1010 1842 1085 1922 περί
1107 1841 1245 1924 νοητῶν
1266 1839 1322 1905 καὶ
1348 1839 1527 1924 αἰσθητῶν
1554 1833 1667 1921 λόγον,

361 1942 416 2004 καί
439 1942 516 2004 τίνα
538 1931 672 2022 τρόπον
693 1941 946 2024 διανενέμηνται
970 1938 1003 2005 αί
1026 1933 1140 2022 φύσεις
1162 1941 1235 2005 τῶν
1257 1929 1415 2023 ἡμερῶν
1430 1939 1477 2018 είς
1491 1930 1667 2022 ἀμφότερα

311 2033 404 2104 15τά
427 2037 506 2122 εἴδη,
528 2030 570 2104 οῦ
588 2031 767 2123 πρόκειται
789 2032 867 2106 οῦδὲ
888 2033 931 2104 τὰ
953 2032 1040 2104 κατὰ
1062 2033 1143 2114 τοῦς
1165 2029 1294 2116 τόπους
1311 2029 1474 2119 ἐξετάσω·
1498 2027 1592 2106 ῦλων
1605 2033 1667 2122 γὰρ

361 2131 439 2224 ἡμῖν
461 2130 655 2218 συντάξεων
680 2140 771 2222 χρεία
801 2135 847 2216 είς
873 2132 938 2222 τὴν
968 2130 1119 2223 διήγησιν
1149 2138 1210 2222 τῆς
1231 2131 1318 2203 κατὰ
1344 2138 1516 2204 Μωῦσέα
1545 2157 1667 2220 κοσμο-

359 2239 486 2315 ποιίας·
509 2225 593 2320 ὅπερ
618 2232 705 2304 κατὰ
732 2231 773 2304 τὸ
800 2231 949 2304 δυνατὸν
976 2229 1054 2322 ἡμῖν
1080 2229 1147 2320 πρὸ
1169 2239 1328 2315 πλείονος
1348 2228 1475 2320 χρόνου
1498 2239 1559 2322 τῆς
1580 2237 1666 2304 ἐνεσ·

361 2339 500 2424 τηκυίας
530 2330 616 2420 πρὸς
648 2331 711 2403 τόν
738 2338 870 2404 Κέλσον
904 2329 1097 2418 συντάξεως
1126 2328 1372 2421 πεποιήκαμεν,
1410 2326 1478 2402 άπὸ
1509 2339 1570 2421 τῆς
1599 2331 1667 2420 πρό

360 2427 532 2502 πλειόνων
554 2435 644 2502 έτιῦν
666 2433 775 2518 ἕξεως,
797 2423 836 2521 ἧς
857 2437 1048 2522 ἐχωροῦμεν
1063 2427 1152 2514 τότε,
1168 2427 1386 2519 διαλαβόντες
1399 2437 1477 2520 περὶ
1492 2440 1566 2503 τῶν
1579 2431 1667 2502 κατὰ

310 2539 344 2594 20
362 2536 534 2602 Μωῦσέα
557 2537 652 2616 [τῶν]
676 2533 710 2616 ἓξ
732 2538 793 2620 τῆς
813 2536 1033 2621 κσσμοποιίας
1061 2525 1226 2619 ἡμεροῦν.
1263 2533 1384 2602 εἰδέναι
1409 2535 1526 2620 μέντοι
1549 2559 1585 2619 γε
1605 2531 1666 2621 χρὴ

363 2623 419 2702 ῦτι
442 2648 515 2711 τοῖς
537 2636 678 2712 δικαίοις
693 2630 747 2702 διὰ
762 2637 826 2702 τοῦ
838 2627 971 2701 Ἡσαΐου
993 2625 1012 2702 ό
1028 2625 1129 2719 λόγος
1144 2635 1385 2720 ἐπαγγέλλεται
1407 2634 1444 2702 ἐν
1464 2629 1667 2704 καταστάσει

363 2732 497 2800 έσεσθαι
520 2724 680 2818 ἡμέρας,
704 2734 741 2801 ἐν
762 2721 782 2818 ,ἦ
805 2730 849 2820 μὴ
871 2723 986 2820 ἥλιος
1008 2724 1082 2801 ἀλλ’
1105 2727 1208 2811 αύτὸς
1235 2725 1255 2800 ό
1280 2729 1417 2818 ,κύριος
1445 2738 1548 2818 φῶςΗ
1575 2735 1667 2804 ἔσται

362 2827 479 2911 αύτσῐς
508 2829 681 2916 ,,αίσόνισν,
712 2835 767 2900 καί
797 2825 817 2902 ό
846 2829 928 2913 θεὸς
959 2826 1061 2916 δόξαι(
1096 2825 1222 2900 αύτιῦν.
1259 2829 1482 2918 Ιπαρακούσας
1515 2826 1544 2899 δ
1576 2832 1668 2920 οίμαι

360 2935 535 3019 μοχθηρᾶς
567 2929 723 3016 αἱρέσεώς
757 2958 850 3011 τινος
882 2936 938 3000 καί
971 2936 1085 3010 κακῶς
1120 2935 1363 3018 διηγησαμένης
1393 2928 1434 3000 τὸ
1465 2928 1667 3019 ,γενηθήτω

308 3043 341 3097 25
361 3037 467 3116 φῶςίί
489 3025 537 3111 σός
559 3024 722 3110 εύκτικιῦς
743 3025 810 3099 ῦπδ
835 3036 906 3100 τοῦ
929 3035 1171 3118 δημιουργοῦ
1198 3033 1372 3120 εἰρημένον
1399 3029 1503 3100 είπεν·
1526 3025 1572 3099 σύ
1593 3028 1667 3119 γὰρ

360 3127 406 3218 δὴ
427 3125 613 3218 καθάπερ
636 3132 673 3200 σί
695 3127 788 3210 τοῦς
810 3127 979 3217 λύχνους
1001 3133 1042 3200 έκ
1064 3125 1263 3218 γειτόνων
1284 3124 1522 3217 έναυόμενοι
1542 3137 1626 3215 φῶς
1648 3124 1667 3199 ό

359 3226 603 3318 δημιουργός
633 3222 795 3299 ἄνωθεν
825 3226 1028 3318 ἐχρήσατο.
1068 3237 1125 3300 καὶ
1153 3225 1259 3318 ἄλλης
1289 3223 1317 3298 δ’
1344 3223 1483 3316 ἀσεβοῦς
1512 3231 1669 3316 αίρέσεως

359 3327 575 3417 παρακούσας
590 3329 730 3399 είπεκαὶ
753 3324 806 3399 τό·
829 3331 861 3398 εί
880 3333 950 3418 μὲν
972 3332 1156 3411 ἐναντίος
1176 3357 1237 3412 τις
1258 3319 1307 3415 ἦν
1328 3335 1383 3416 τῷ
1405 3325 1562 3417 μεγάλῳ
1584 3334 1667 3416 θεῷ

358 3426 455 3512 θεὸς
485 3435 761 3518 κατηραμένος
788 3423 808 3501 ό
839 3434 965 3498 ταῦτα
992 3435 1125 3498 ποιῶν
1154 3426 1258 3516 παρὰ
1286 3426 1447 3517 γνώμην
1473 3427 1546 3516 τὴν
1568 3432 1668 3498 ἐκεί-

308 3541 342 3594 90
359 3555 445 3610 νου,
467 3535 507 3597 τί
530 3523 637 3618 αύτηῦ
661 3526 706 3600 τό
728 3536 813 3616 φῶς
840 3532 990 3616 έκίχρα;
1015 3525 1102 3616 πρὸς
1128 3521 1149 3598 ἃ
1176 3533 1344 3598 τοσοῦτον
1371 3523 1560 3616 άπαδέομεν
1586 3522 1668 3598 άπα-

362 3634 544 3714 λογείσθαι,
561 3621 649 3698 ὥστε
665 3624 875 3716 τρανότερον
891 3625 976 3717 ἡμᾶς
991 3631 1123 3697 έθέλειν
1139 3633 1200 3716 τῆς
1215 3630 1355 3698 ἐκείνων
1370 3623 1469 3714 δόξης
1485 3621 1533 3707 σός
1547 3629 1669 3712 ἐσφαλ-

359 3732 473 3813 μένων
499 3745 702 3816 κοτηγορείν
726 3733 781 3796 καί
808 3727 968 3798 ἵστασθαι
995 3723 1036 3798 σύ
1057 3723 1144 3812 πρὸς
1166 3722 1187 3797 δι’
1208 3725 1253 3816 μὴ
1276 3731 1412 3815 οἴδαμεν
1438 3721 1556 3797 αῦτιῦν
1578 3721 1668 3809 υόςῦ

444 3895 461 3950 9
483 3895 546 3966 vgl.
566 3899 632 3952 Gen.
651 3899 674 3964 2,
693 3899 717 3952 2.
746 3897 892 3960 Exod.20.
912 3900 951 3951 11.
975 3927 1007 3936 —
1029 3897 1048 3952 4
1070 3897 1179 3961 θεοῦ,
1199 3900 1221 3952 1.
1251 3899 1276 3963 2,
1293 3901 1318 3952 4.
1337 3927 1370 3936 —
1390 3897 1405 3951 λ
1426 3896 1493 3950 Gen.
1511 3897 1535 3960 2,
1553 3899 1579 3950 4.
1596 3895 1667 3951 -9

360 3977 428 4034 Gen.
447 3983 471 4046 1,
490 3985 513 4036 1.
532 4011 565 4020 -
584 3983 622 4038 10
640 3981 707 4037 Gen.
726 3987 749 4046 1,
768 3984 792 4038 3.
811 4013 843 4020 -
864 3983 900 4038 11
921 3983 987 4037 Gen.
1008 3985 1030 4044 1,
1049 3985 1073 4037 5.
1092 4009 1124 4019 -
1143 3981 1210 4036 Gon.
1229 3985 1254 4044 1,
1272 3985 1295 4036 1.
1313 4011 1347 4021 -
1365 3981 1404 4036 22
1424 3981 1489 4051 Vgl.
1505 3979 1613 4044 Jes.60,
1627 3982 1667 4036 19.

359 4094 392 4102 -
415 4064 455 4120 24
478 4065 658 4135 vgl.Tat12n
680 4069 724 4134 (π
740 4067 783 4120 Fr.
802 4067 854 4120 VII
876 4083 902 4121 u.
921 4066 986 4120 VIII
1009 4083 1035 4136 p.
1053 4067 1087 4121 49
1097 4082 1136 4134 sq.
1160 4065 1201 4122 ed.
1225 4065 1276 4120 Ed.
1300 4065 1452 4134 Schwartz)
1478 4065 1523 4119 bei
1542 4065 1668 4120 Clemens

361 4148 447 4212 Alex„
465 4147 559 4219 Eclog.
582 4151 706 4222 prophet.
725 4153 759 4207 38
781 4171 807 4222 p.
825 4152 876 4206 999
898 4151 940 4206 ed.
960 4151 1066 4217 Potter,
1084 4168 1110 4204 u.
1129 4151 1174 4206 bei
1191 4149 1332 4221 Origenes,
1350 4151 1391 4206 De
1409 4153 1478 4206 orat.
1497 4150 1561 4221 Cap.
1580 4147 1668 4203 XXIV

359 4249 448 4302 gagen
466 4231 551 4287 Ende.
570 4265 603 4274 —
621 4236 689 4290 Gen.
707 4241 731 4300 1,
749 4237 773 4292 3.

444 4383 462 4438 2
482 4371 530 4457 ἆρ’
544 4385 566 4438 Ρ
584 4379 632 4454 ἄρ’
643 4388 774 4456 AAusgg.
790 4389 795 4455 Ι
812 4385 831 4442 4
849 4386 941 4441 hinter
957 4379 975 4455 ἦ
993 4385 1037 4440 εἰσ
1055 4383 1160 4441 kleines
1178 4385 1252 4439 Loch
1264 4383 1292 4438 in
1306 4384 1339 4450 A,
1358 4401 1386 4438 es
1399 4383 1471 4438 fehlt
1483 4383 1549 4438 aber
1560 4383 1668 4448 αἱσὴίεί

361 4470 380 4525 θ
403 4461 469 4524 οῦδὲ
490 4472 542 4539 μία
564 4475 589 4526 A
613 4473 617 4538 Ι
643 4471 678 4527 11
703 4463 738 4525 τό
757 4473 816 4532 (vor
834 4475 904 4540 φῶς)
922 4480 955 4529 <
973 4472 1075 4539 Ausgg.
1099 4471 1103 4536 1
1128 4469 1169 4525 20
1192 4469 1267 4540 [τῶν]
1291 4487 1345 4524 von
1366 4469 1420 4522 mir
1439 4469 1490 4523 mih
1507 4469 1556 4524 Bo.
1573 4467 1671 4548 (Νσίεε

360 4571 385 4624 p.
403 4553 464 4622 397)
482 4571 508 4609 u.
526 4553 587 4610 Del.
605 4557 627 4623 (I
645 4557 696 4611 672
713 4557 793 4610 Am
811 4555 840 4622 b)
859 4554 959 4624 getilgt
978 4556 983 4622 Ι
1003 4555 1043 4611 26
1066 4551 1099 4610 έιι
1116 4557 1140 4608 A
1158 4551 1191 4610 έν
1207 4556 1308 4623 Aungg.
1324 4556 1329 4622 Ι
1345 4546 1361 4608 ὁ
1380 4563 1413 4612 <
1431 4553 1475 4624 Sp.
1483 4553 1542 4608 Del.
1559 4555 1563 4620 Ι
1579 4551 1619 4608 28
1638 4549 1672 4619 ἡν

359 4639 571 4710 M⁰⁰¹¹·Ausgg.
590 4627 606 4708 ἦ
625 4639 724 4708 11199
744 4635 964 4709 α’πολσγεῖσθαι]
985 4645 1050 4709 ογεῖ
1065 4639 1210 4694 verwiseht
1229 4639 1263 4692 A.
