<?xml version="1.0" encoding="UTF-8"?>
<!DOCTYPE html PUBLIC "-//W3C//DTD XHTML 1.0 Transitional//EN"
    "http://www.w3.org/TR/xhtml1/DTD/xhtml1-transitional.dtd">
<html xmlns="http://www.w3.org/1999/xhtml" xml:lang="en" lang="en">
 <head>
  <title>
</title>
<meta http-equiv="Content-Type" content="text/html;charset=utf-8" />
  <meta name='ocr-system' content='tesseract 3.04.00' />
  <meta name='ocr-capabilities' content='ocr_page ocr_carea ocr_par ocr_line ocrx_word'/>
</head>
<body>
  <div class='ocr_page' id='page_1' title='image "./diegriechischen01wissgoog/diegriechischen01wissgoog_0181.png"; bbox 0 0 3790 5526; ppageno 0'>
   <div class='ocr_carea' id='block_1_1' title="bbox 608 492 1533 562">
    <p class='ocr_par' dir='ltr' id='par_1_1' title="bbox 608 492 1533 562">
     <span class='ocr_line' id='line_1_1' title="bbox 608 492 1533 562; baseline 0.017 -16"><span class='ocrx_word' id='word_1_1' title='bbox 608 492 708 546; x_wconf 77' lang='grc' dir='ltr'><strong><em>ιιιτλ</em></strong></span> <span class='ocrx_word' id='word_1_2' title='bbox 730 492 890 547; x_wconf 76' lang='grc' dir='ltr'><strong><em>τισΑΣστ</em></strong></span> <span class='ocrx_word' id='word_1_3' title='bbox 910 493 951 552; x_wconf 79' lang='lat' dir='ltr'><strong><em>vl</em></strong></span> <span class='ocrx_word' id='word_1_4' title='bbox 974 493 1016 548; x_wconf 84' lang='lat'><strong><em>48.</em></strong></span> <span class='ocrx_word' id='word_1_5' title='bbox 1033 494 1075 550; x_wconf 80' lang='grc' dir='ltr'><strong><em>ιο.</em></strong></span> <span class='ocrx_word' id='word_1_6' title='bbox 1093 495 1135 550; x_wconf 76' lang='grc' dir='ltr'><strong><em>σο.</em></strong></span> <span class='ocrx_word' id='word_1_7' title='bbox 1411 492 1414 498; x_wconf 88' lang='grc'><strong>’</strong></span> <span class='ocrx_word' id='word_1_8' title='bbox 1476 501 1533 562; x_wconf 80' lang='grc'><strong><em>111</em></strong></span> 
     </span>
    </p>
   </div>
   <div class='ocr_carea' id='block_1_2' title="bbox 42 650 1535 3838">
    <p class='ocr_par' dir='ltr' id='par_1_2' title="bbox 42 650 1535 3838">
     <span class='ocr_line' id='line_1_2' title="bbox 231 650 1535 746; baseline -0.002 -18"><span class='ocrx_word' id='word_1_9' title='bbox 231 660 270 728; x_wconf 84' lang='grc' dir='ltr'><strong><em>ἐν</em></strong></span> <span class='ocrx_word' id='word_1_10' title='bbox 293 650 401 746; x_wconf 81' lang='grc' dir='ltr'><strong><em>αύτῷ</em></strong></span> <span class='ocrx_word' id='word_1_11' title='bbox 425 661 496 727; x_wconf 86' lang='grc' dir='ltr'><strong><em>τοῦ</em></strong></span> <span class='ocrx_word' id='word_1_12' title='bbox 518 651 741 744; x_wconf 81' lang='grc' dir='ltr'><strong><em>ἀνθρώπου</em></strong></span> <span class='ocrx_word' id='word_1_13' title='bbox 763 653 869 744; x_wconf 76' lang='grc' dir='ltr'><strong><em>ζωὴν</em></strong></span> <span class='ocrx_word' id='word_1_14' title='bbox 890 664 953 726; x_wconf 84' lang='grc' dir='ltr'><strong><em>καὶ</em></strong></span> <span class='ocrx_word' id='word_1_15' title='bbox 976 654 1049 744; x_wconf 85' lang='grc' dir='ltr'><strong><em>τήν</em></strong></span> <span class='ocrx_word' id='word_1_16' title='bbox 1070 658 1111 725; x_wconf 88' lang='grc' dir='ltr'><strong><em>ἐκ</em></strong></span> <span class='ocrx_word' id='word_1_17' title='bbox 1132 652 1404 742; x_wconf 81' lang='grc' dir='ltr'><em>περιστάσεως</em></span> <span class='ocrx_word' id='word_1_18' title='bbox 1425 681 1535 743; x_wconf 91' lang='grc' dir='ltr'><strong><em>γενο-</em></strong></span> 
     </span>
     <span class='ocr_line' id='line_1_3' title="bbox 226 750 1534 845; baseline 0 -19"><span class='ocrx_word' id='word_1_19' title='bbox 226 761 359 845; x_wconf 90' lang='grc' dir='ltr'><strong><em>μένην,</em></strong></span> <span class='ocrx_word' id='word_1_20' title='bbox 382 758 654 844; x_wconf 74' lang='grc' dir='ltr'><strong><em>ἐκβληθέντος</em></strong></span> <span class='ocrx_word' id='word_1_21' title='bbox 686 753 749 826; x_wconf 83' lang='grc' dir='ltr'><strong><em>διὰ</em></strong></span> <span class='ocrx_word' id='word_1_22' title='bbox 779 753 852 844; x_wconf 86' lang='grc' dir='ltr'><strong><em>τήν</em></strong></span> <span class='ocrx_word' id='word_1_23' title='bbox 883 750 1080 845; x_wconf 74' lang='grc' dir='ltr'><strong><em>ἁμαρτίαν</em></strong></span> <span class='ocrx_word' id='word_1_24' title='bbox 1107 759 1170 824; x_wconf 87' lang='grc' dir='ltr'><strong><em>καί</em></strong></span> <span class='ocrx_word' id='word_1_25' title='bbox 1197 760 1534 837; x_wconf 88' lang='grc' dir='ltr'><strong><em>κατοικισθέντας</em></strong></span> 
     </span>
     <span class='ocr_line' id='line_1_4' title="bbox 228 849 1534 945; baseline -0.002 -19"><span class='ocrx_word' id='word_1_26' title='bbox 228 859 418 926; x_wconf 89' lang='grc' dir='ltr'><strong><em>ἐναντίον</em></strong></span> <span class='ocrx_word' id='word_1_27' title='bbox 449 849 543 940; x_wconf 79' lang='grc' dir='ltr'><strong><em>,τοῦ</em></strong></span> <span class='ocrx_word' id='word_1_28' title='bbox 570 860 819 942; x_wconf 75' lang='grc' dir='ltr'><strong><em>παραδείσου</em></strong></span> <span class='ocrx_word' id='word_1_29' title='bbox 848 859 918 944; x_wconf 84' lang='grc' dir='ltr'><strong><em>τῆς</em></strong></span> <span class='ocrx_word' id='word_1_30' title='bbox 949 859 1131 944; x_wconf 83' lang='grc' dir='ltr'><strong><em>τρυφῆς.“</em></strong></span> <span class='ocrx_word' id='word_1_31' title='bbox 1175 849 1193 926; x_wconf 90' lang='grc' dir='ltr'><strong><em>ό</em></strong></span> <span class='ocrx_word' id='word_1_32' title='bbox 1220 858 1256 924; x_wconf 82' lang='grc' dir='ltr'><strong><em>δέ</em></strong></span> <span class='ocrx_word' id='word_1_33' title='bbox 1288 859 1399 944; x_wconf 89' lang='grc' dir='ltr'><strong><em>λέγων</em></strong></span> <span class='ocrx_word' id='word_1_34' title='bbox 1430 851 1534 945; x_wconf 91' lang='grc' dir='ltr'><strong><em>μάλα</em></strong></span> 
     </span>
     <span class='ocr_line' id='line_1_5' title="bbox 228 949 1533 1045; baseline -0.002 -18"><span class='ocrx_word' id='word_1_35' title='bbox 228 950 427 1045; x_wconf 89' lang='grc' dir='ltr'><strong><em>εύηθικῶς</em></strong></span> <span class='ocrx_word' id='word_1_36' title='bbox 457 949 552 1025; x_wconf 79' lang='grc' dir='ltr'><strong><em>ταῦτ’</em></strong></span> <span class='ocrx_word' id='word_1_37' title='bbox 576 956 728 1044; x_wconf 80' lang='grc' dir='ltr'><strong><em>εἰρῆσθαι</em></strong></span> <span class='ocrx_word' id='word_1_38' title='bbox 754 962 898 1044; x_wconf 90' lang='grc' dir='ltr'><strong><em>πρῶτον</em></strong></span> <span class='ocrx_word' id='word_1_39' title='bbox 924 950 1137 1042; x_wconf 80' lang='grc' dir='ltr'><strong><em>ἐπιστησάτω</em></strong></span> <span class='ocrx_word' id='word_1_40' title='bbox 1159 958 1213 1023; x_wconf 85' lang='grc' dir='ltr'><strong><em>καί</em></strong></span> <span class='ocrx_word' id='word_1_41' title='bbox 1236 950 1367 1045; x_wconf 78' lang='grc' dir='ltr'><strong><em>ἑκάστῳ</em></strong></span> <span class='ocrx_word' id='word_1_42' title='bbox 1391 960 1452 1044; x_wconf 79' lang='grc' dir='ltr'><strong><em>μὲν</em></strong></span> <span class='ocrx_word' id='word_1_43' title='bbox 1477 961 1533 1025; x_wconf 90' lang='grc' dir='ltr'><strong><em>καὶ</em></strong></span> 
     </span>
     <span class='ocr_line' id='line_1_6' title="bbox 193 1051 1532 1144; baseline 0.001 -22"><span class='ocrx_word' id='word_1_44' title='bbox 193 1060 329 1143; x_wconf 77' lang='grc' dir='ltr'><strong><em>ῖτῷδε·</em></strong></span> <span class='ocrx_word' id='word_1_45' title='bbox 351 1056 468 1140; x_wconf 72' lang='grc' dir='ltr'><strong><em>,ἔταξε</em></strong></span> <span class='ocrx_word' id='word_1_46' title='bbox 511 1051 553 1124; x_wconf 84' lang='grc' dir='ltr'><strong><em>τὰ</em></strong></span> <span class='ocrx_word' id='word_1_47' title='bbox 587 1059 742 1142; x_wconf 85' lang='grc' dir='ltr'><strong><em>χερουβίμ</em></strong></span> <span class='ocrx_word' id='word_1_48' title='bbox 777 1060 833 1124; x_wconf 83' lang='grc' dir='ltr'><strong><em>καί</em></strong></span> <span class='ocrx_word' id='word_1_49' title='bbox 869 1051 933 1142; x_wconf 90' lang='grc' dir='ltr'><strong><em>τήν</em></strong></span> <span class='ocrx_word' id='word_1_50' title='bbox 969 1062 1134 1144; x_wconf 88' lang='grc' dir='ltr'><strong><em>φλογίνην</em></strong></span> <span class='ocrx_word' id='word_1_51' title='bbox 1158 1053 1330 1142; x_wconf 78' lang='grc' dir='ltr'><strong><em>ῥομφαίαν</em></strong></span> <span class='ocrx_word' id='word_1_52' title='bbox 1351 1053 1417 1143; x_wconf 87' lang='grc' dir='ltr'><strong><em>τήν</em></strong></span> <span class='ocrx_word' id='word_1_53' title='bbox 1439 1077 1532 1142; x_wconf 82' lang='grc' dir='ltr'><strong><em>στρε-</em></strong></span> 
     </span>
     <span class='ocr_line' id='line_1_7' title="bbox 228 1147 1534 1242; baseline -0.001 -17"><span class='ocrx_word' id='word_1_54' title='bbox 228 1159 394 1242; x_wconf 91' lang='grc' dir='ltr'><strong><em>φομένην,</em></strong></span> <span class='ocrx_word' id='word_1_55' title='bbox 432 1150 614 1240; x_wconf 76' lang='grc' dir='ltr'><strong><em>φυλάσσειν</em></strong></span> <span class='ocrx_word' id='word_1_56' title='bbox 649 1151 714 1242; x_wconf 85' lang='grc' dir='ltr'><strong><em>τήν</em></strong></span> <span class='ocrx_word' id='word_1_57' title='bbox 746 1147 828 1224; x_wconf 85' lang='grc' dir='ltr'><strong><em>ὁδὸν</em></strong></span> <span class='ocrx_word' id='word_1_58' title='bbox 865 1157 929 1224; x_wconf 84' lang='grc' dir='ltr'><strong><em>τοῦ</em></strong></span> <span class='ocrx_word' id='word_1_59' title='bbox 964 1150 1067 1238; x_wconf 75' lang='grc' dir='ltr'><strong><em>ξύλου</em></strong></span> <span class='ocrx_word' id='word_1_60' title='bbox 1103 1158 1164 1242; x_wconf 85' lang='grc' dir='ltr'><strong><em>τῆς</em></strong></span> <span class='ocrx_word' id='word_1_61' title='bbox 1196 1158 1314 1242; x_wconf 77' lang='grc' dir='ltr'><strong><em>ςωής.“</em></strong></span> <span class='ocrx_word' id='word_1_62' title='bbox 1351 1159 1379 1223; x_wconf 85' lang='grc' dir='ltr'><strong><em>εἰ</em></strong></span> <span class='ocrx_word' id='word_1_63' title='bbox 1409 1148 1439 1226; x_wconf 79' lang='grc' dir='ltr'><strong><em>δ’</em></strong></span> <span class='ocrx_word' id='word_1_64' title='bbox 1468 1147 1534 1241; x_wconf 87' lang='grc' dir='ltr'><strong><em>άρα</em></strong></span> 
     </span>
     <span class='ocr_line' id='line_1_8' title="bbox 226 1248 1534 1344; baseline -0.001 -19"><span class='ocrx_word' id='word_1_65' title='bbox 226 1260 348 1344; x_wconf 79' lang='grc' dir='ltr'><strong><em>μηδὲν</em></strong></span> <span class='ocrx_word' id='word_1_66' title='bbox 386 1249 532 1344; x_wconf 88' lang='grc' dir='ltr'><strong><em>νοήσας</em></strong></span> <span class='ocrx_word' id='word_1_67' title='bbox 571 1257 742 1340; x_wconf 84' lang='grc' dir='ltr'><strong><em>Μωύσής</em></strong></span> <span class='ocrx_word' id='word_1_68' title='bbox 782 1248 984 1342; x_wconf 78' lang='grc' dir='ltr'><strong><em>ἀνέγραψε</em></strong></span> <span class='ocrx_word' id='word_1_69' title='bbox 1021 1259 1150 1323; x_wconf 83' lang='grc' dir='ltr'><strong><em>ταῦτα</em></strong></span> <span class='ocrx_word' id='word_1_70' title='bbox 1190 1248 1290 1324; x_wconf 84' lang='grc' dir='ltr'><strong><em>ἀλλὰ</em></strong></span> <span class='ocrx_word' id='word_1_71' title='bbox 1328 1249 1534 1342; x_wconf 88' lang='grc' dir='ltr'><strong><em>παραπλή·</em></strong></span> 
     </span>
     <span class='ocr_line' id='line_1_9' title="bbox 226 1347 1534 1443; baseline -0.003 -18"><span class='ocrx_word' id='word_1_72' title='bbox 226 1349 315 1425; x_wconf 92' lang='grc' dir='ltr'><strong><em>σιόν</em></strong></span> <span class='ocrx_word' id='word_1_73' title='bbox 351 1381 389 1424; x_wconf 91' lang='grc' dir='ltr'><strong><em>τι</em></strong></span> <span class='ocrx_word' id='word_1_74' title='bbox 424 1359 557 1424; x_wconf 91' lang='grc' dir='ltr'><strong><em>ποιῶν</em></strong></span> <span class='ocrx_word' id='word_1_75' title='bbox 593 1351 652 1435; x_wconf 83' lang='grc' dir='ltr'><strong><em>σίς</em></strong></span> <span class='ocrx_word' id='word_1_76' title='bbox 689 1359 904 1440; x_wconf 73' lang='grc' dir='ltr'><strong><em>παίζοντες</em></strong></span> <span class='ocrx_word' id='word_1_77' title='bbox 941 1356 978 1424; x_wconf 86' lang='grc' dir='ltr'><strong><em>σί</em></strong></span> <span class='ocrx_word' id='word_1_78' title='bbox 1014 1358 1083 1441; x_wconf 84' lang='grc' dir='ltr'><strong><em>τής</em></strong></span> <span class='ocrx_word' id='word_1_79' title='bbox 1117 1347 1282 1441; x_wconf 75' lang='grc' dir='ltr'><strong><em>ἀρχαίας</em></strong></span> <span class='ocrx_word' id='word_1_80' title='bbox 1321 1356 1534 1443; x_wconf 85' lang='grc' dir='ltr'><strong><em>κωμῳδίας</em></strong></span> 
     </span>
     <span class='ocr_line' id='line_1_10' title="bbox 225 1445 1533 1542; baseline -0.002 -18"><span class='ocrx_word' id='word_1_81' title='bbox 225 1461 390 1540; x_wconf 81' lang='grc' dir='ltr'><strong><em>ποιηταί</em></strong></span> <span class='ocrx_word' id='word_1_82' title='bbox 412 1447 705 1541; x_wconf 88' lang='grc' dir='ltr'><strong><em>ἀνεγράψαντσ·</em></strong></span> <span class='ocrx_word' id='word_1_83' title='bbox 727 1460 900 1541; x_wconf 84' lang='grc' dir='ltr'><strong><em>Προῖτος</em></strong></span> <span class='ocrx_word' id='word_1_84' title='bbox 927 1453 1044 1542; x_wconf 85' lang='grc' dir='ltr'><strong><em>ἐγημε</em></strong></span> <span class='ocrx_word' id='word_1_85' title='bbox 1067 1448 1423 1542; x_wconf 87' lang='grc' dir='ltr'><strong><em>Βελλεροφόντην,</em></strong></span> <span class='ocrx_word' id='word_1_86' title='bbox 1447 1445 1465 1522; x_wconf 87' lang='grc' dir='ltr'><strong><em>ό</em></strong></span> <span class='ocrx_word' id='word_1_87' title='bbox 1493 1456 1533 1522; x_wconf 81' lang='grc' dir='ltr'><strong><em>δὲ</em></strong></span> 
     </span>
     <span class='ocr_line' id='line_1_11' title="bbox 175 1543 1533 1642; baseline -0.001 -21"><span class='ocrx_word' id='word_1_88' title='bbox 175 1567 208 1622; x_wconf 90' lang='grc'><strong><em>10</em></strong></span> <span class='ocrx_word' id='word_1_89' title='bbox 225 1550 410 1642; x_wconf 87' lang='grc' dir='ltr'><strong><em>Πήγασος</em></strong></span> <span class='ocrx_word' id='word_1_90' title='bbox 431 1543 479 1642; x_wconf 90' lang='grc' dir='ltr'><strong><em>ήν</em></strong></span> <span class='ocrx_word' id='word_1_91' title='bbox 500 1556 540 1638; x_wconf 78' lang='grc' dir='ltr'><strong><em>ἐξ</em></strong></span> <span class='ocrx_word' id='word_1_92' title='bbox 560 1547 776 1642; x_wconf 81' lang='grc' dir='ltr'><strong><em>Ἀρκαδίας·</em></strong></span> <span class='ocrx_word' id='word_1_93' title='bbox 799 1548 873 1624; x_wconf 75' lang='grc' dir='ltr'><strong><em>ἀλλ’</em></strong></span> <span class='ocrx_word' id='word_1_94' title='bbox 895 1557 1018 1623; x_wconf 88' lang='grc' dir='ltr'><strong><em>ἐκεῖνοι</em></strong></span> <span class='ocrx_word' id='word_1_95' title='bbox 1032 1557 1093 1641; x_wconf 78' lang='grc' dir='ltr'><strong><em>μὲν</em></strong></span> <span class='ocrx_word' id='word_1_96' title='bbox 1108 1563 1354 1642; x_wconf 78' lang='grc' dir='ltr'><strong><em>γελωτοποιεῖν</em></strong></span> <span class='ocrx_word' id='word_1_97' title='bbox 1369 1557 1533 1632; x_wconf 87' lang='grc' dir='ltr'><strong><em>θέλοντες</em></strong></span> 
     </span>
     <span class='ocr_line' id='line_1_12' title="bbox 227 1645 1533 1742; baseline -0.002 -18"><span class='ocrx_word' id='word_1_98' title='bbox 227 1659 369 1724; x_wconf 83' lang='grc' dir='ltr'><strong><em>τοιαῦτα</em></strong></span> <span class='ocrx_word' id='word_1_99' title='bbox 390 1657 607 1736; x_wconf 85' lang='grc' dir='ltr'><strong><em>συνέταττον,</em></strong></span> <span class='ocrx_word' id='word_1_100' title='bbox 630 1647 671 1722; x_wconf 87' lang='grc' dir='ltr'><strong><em>ού</em></strong></span> <span class='ocrx_word' id='word_1_101' title='bbox 691 1649 844 1723; x_wconf 89' lang='grc' dir='ltr'><strong><em>πιθανὸν</em></strong></span> <span class='ocrx_word' id='word_1_102' title='bbox 867 1657 902 1723; x_wconf 80' lang='grc' dir='ltr'><strong><em>δὲ</em></strong></span> <span class='ocrx_word' id='word_1_103' title='bbox 930 1648 993 1722; x_wconf 90' lang='grc' dir='ltr'><strong><em>τὸν</em></strong></span> <span class='ocrx_word' id='word_1_104' title='bbox 1020 1645 1090 1740; x_wconf 83' lang='grc' dir='ltr'><strong><em>όλφ</em></strong></span> <span class='ocrx_word' id='word_1_105' title='bbox 1121 1655 1213 1722; x_wconf 82' lang='grc' dir='ltr'><strong><em>ἔθνει</em></strong></span> <span class='ocrx_word' id='word_1_106' title='bbox 1240 1651 1371 1742; x_wconf 86' lang='grc' dir='ltr'><strong><em>γραφάς</em></strong></span> <span class='ocrx_word' id='word_1_107' title='bbox 1398 1660 1533 1724; x_wconf 86' lang='grc' dir='ltr'><strong><em>καταλι·</em></strong></span> 
     </span>
     <span class='ocr_line' id='line_1_13' title="bbox 226 1741 1533 1840; baseline -0.001 -18"><span class='ocrx_word' id='word_1_108' title='bbox 226 1747 340 1822; x_wconf 83' lang='grc' dir='ltr'><strong><em>πάντα</em></strong></span> <span class='ocrx_word' id='word_1_109' title='bbox 359 1756 435 1840; x_wconf 82' lang='grc' dir='ltr'><strong><em>περὶ</em></strong></span> <span class='ocrx_word' id='word_1_110' title='bbox 459 1741 510 1821; x_wconf 90' lang='grc' dir='ltr'><strong><em>ῶν</em></strong></span> <span class='ocrx_word' id='word_1_111' title='bbox 532 1749 690 1834; x_wconf 86' lang='grc' dir='ltr'><strong><em>ἐβούλετο</em></strong></span> <span class='ocrx_word' id='word_1_112' title='bbox 716 1771 828 1823; x_wconf 87' lang='grc' dir='ltr'><strong><em>πεῖσαι</em></strong></span> <span class='ocrx_word' id='word_1_113' title='bbox 857 1749 938 1833; x_wconf 82' lang='grc' dir='ltr'><strong><em>τούς</em></strong></span> <span class='ocrx_word' id='word_1_114' title='bbox 969 1756 1281 1839; x_wconf 81' lang='grc' dir='ltr'><strong><em>νομοθετουμένους</em></strong></span> <span class='ocrx_word' id='word_1_115' title='bbox 1312 1745 1365 1824; x_wconf 86' lang='grc' dir='ltr'><strong><em>ότι</em></strong></span> <span class='ocrx_word' id='word_1_116' title='bbox 1399 1751 1465 1822; x_wconf 85' lang='grc' dir='ltr'><strong><em>εἰεν</em></strong></span> <span class='ocrx_word' id='word_1_117' title='bbox 1496 1754 1533 1821; x_wconf 91' lang='grc' dir='ltr'><strong><em>ἐκ</em></strong></span> 
     </span>
     <span class='ocr_line' id='line_1_14' title="bbox 225 1845 1532 1941; baseline -0.002 -19"><span class='ocrx_word' id='word_1_118' title='bbox 225 1857 319 1937; x_wconf 84' lang='grc' dir='ltr'><strong><em>θεοῦ,</em></strong></span> <span class='ocrx_word' id='word_1_119' title='bbox 352 1846 548 1938; x_wconf 89' lang='grc' dir='ltr'><strong><em>ἀπρόσλογα</em></strong></span> <span class='ocrx_word' id='word_1_120' title='bbox 583 1857 783 1940; x_wconf 79' lang='grc' dir='ltr'><strong><em>γεγραφέναι</em></strong></span> <span class='ocrx_word' id='word_1_121' title='bbox 825 1857 878 1922; x_wconf 83' lang='grc' dir='ltr'><strong><em>καί</em></strong></span> <span class='ocrx_word' id='word_1_122' title='bbox 915 1857 1016 1941; x_wconf 88' lang='grc' dir='ltr'><strong><em>χωρίς</em></strong></span> <span class='ocrx_word' id='word_1_123' title='bbox 1052 1879 1145 1934; x_wconf 90' lang='grc' dir='ltr'><strong><em>τινος</em></strong></span> <span class='ocrx_word' id='word_1_124' title='bbox 1183 1857 1246 1922; x_wconf 84' lang='grc' dir='ltr'><strong><em>νοῦ</em></strong></span> <span class='ocrx_word' id='word_1_125' title='bbox 1281 1853 1447 1940; x_wconf 82' lang='grc' dir='ltr'><strong><em>εἰρηκέναι</em></strong></span> <span class='ocrx_word' id='word_1_126' title='bbox 1478 1845 1532 1922; x_wconf 87' lang='grc' dir='ltr'><strong><em>τό·</em></strong></span> 
     </span>
     <span class='ocr_line' id='line_1_15' title="bbox 225 1948 1530 2040; baseline -0.002 -18"><span class='ocrx_word' id='word_1_127' title='bbox 225 1953 342 2040; x_wconf 75' lang='grc' dir='ltr'><strong><em>,ἔταξε</em></strong></span> <span class='ocrx_word' id='word_1_128' title='bbox 365 1948 409 2021; x_wconf 83' lang='grc' dir='ltr'><strong><em>τά</em></strong></span> <span class='ocrx_word' id='word_1_129' title='bbox 430 1955 584 2038; x_wconf 88' lang='grc' dir='ltr'><strong><em>χερσυβίμ</em></strong></span> <span class='ocrx_word' id='word_1_130' title='bbox 614 1956 669 2020; x_wconf 86' lang='grc' dir='ltr'><strong><em>καί</em></strong></span> <span class='ocrx_word' id='word_1_131' title='bbox 704 1949 768 2040; x_wconf 89' lang='grc' dir='ltr'><strong><em>τήν</em></strong></span> <span class='ocrx_word' id='word_1_132' title='bbox 795 1958 962 2040; x_wconf 91' lang='grc' dir='ltr'><strong><em>φλογίνην</em></strong></span> <span class='ocrx_word' id='word_1_133' title='bbox 992 1951 1161 2039; x_wconf 78' lang='grc' dir='ltr'><strong><em>ῥομφαίαν</em></strong></span> <span class='ocrx_word' id='word_1_134' title='bbox 1192 1949 1256 2039; x_wconf 87' lang='grc' dir='ltr'><strong><em>τήν</em></strong></span> <span class='ocrx_word' id='word_1_135' title='bbox 1287 1955 1530 2040; x_wconf 89' lang='grc' dir='ltr'><strong><em>στρεφομένην,</em></strong></span> 
     </span>
     <span class='ocr_line' id='line_1_16' title="bbox 176 2044 1532 2140; baseline 0.001 -22"><span class='ocrx_word' id='word_1_136' title='bbox 176 2065 208 2118; x_wconf 84' lang='grc'><strong><em>15</em></strong></span> <span class='ocrx_word' id='word_1_137' title='bbox 227 2047 412 2138; x_wconf 85' lang='grc' dir='ltr'><strong><em>φυλάσσειν</em></strong></span> <span class='ocrx_word' id='word_1_138' title='bbox 434 2047 498 2140; x_wconf 83' lang='grc' dir='ltr'><strong><em>τήν</em></strong></span> <span class='ocrx_word' id='word_1_139' title='bbox 521 2044 602 2120; x_wconf 89' lang='grc' dir='ltr'><strong><em>όδόν</em></strong></span> <span class='ocrx_word' id='word_1_140' title='bbox 624 2055 687 2122; x_wconf 85' lang='grc' dir='ltr'><strong><em>τού</em></strong></span> <span class='ocrx_word' id='word_1_141' title='bbox 709 2048 812 2136; x_wconf 78' lang='grc' dir='ltr'><strong><em>ξύλου</em></strong></span> <span class='ocrx_word' id='word_1_142' title='bbox 833 2055 894 2140; x_wconf 89' lang='grc' dir='ltr'><strong><em>τής</em></strong></span> <span class='ocrx_word' id='word_1_143' title='bbox 917 2055 1023 2140; x_wconf 81' lang='grc' dir='ltr'><strong><em>ζωής“</em></strong></span> <span class='ocrx_word' id='word_1_144' title='bbox 1046 2044 1067 2138; x_wconf 83' lang='grc' dir='ltr'>ἢ</span> <span class='ocrx_word' id='word_1_145' title='bbox 1090 2044 1173 2120; x_wconf 87' lang='grc' dir='ltr'><strong><em>ἀλλο</em></strong></span> <span class='ocrx_word' id='word_1_146' title='bbox 1202 2077 1235 2118; x_wconf 92' lang='grc' dir='ltr'><strong><em>τι</em></strong></span> <span class='ocrx_word' id='word_1_147' title='bbox 1257 2057 1331 2120; x_wconf 90' lang='grc' dir='ltr'><strong><em>τῶν</em></strong></span> <span class='ocrx_word' id='word_1_148' title='bbox 1351 2057 1440 2138; x_wconf 86' lang='grc' dir='ltr'><strong><em>περὶ</em></strong></span> <span class='ocrx_word' id='word_1_149' title='bbox 1463 2054 1532 2138; x_wconf 83' lang='grc' dir='ltr'><strong><em>τῆς</em></strong></span> 
     </span>
     <span class='ocr_line' id='line_1_17' title="bbox 226 2143 1531 2239; baseline -0.002 -17"><span class='ocrx_word' id='word_1_150' title='bbox 226 2147 460 2239; x_wconf 79' lang='grc' dir='ltr'><strong><em>ἀνθρώπων</em></strong></span> <span class='ocrx_word' id='word_1_151' title='bbox 482 2153 674 2237; x_wconf 85' lang='grc' dir='ltr'><strong><em>γενέσεως</em></strong></span> <span class='ocrx_word' id='word_1_152' title='bbox 695 2151 915 2239; x_wconf 84' lang='grc' dir='ltr'><strong><em>εἰρημένων</em></strong></span> <span class='ocrx_word' id='word_1_153' title='bbox 936 2158 992 2220; x_wconf 85' lang='grc' dir='ltr'><strong><em>καὶ</em></strong></span> <span class='ocrx_word' id='word_1_154' title='bbox 1013 2143 1080 2220; x_wconf 87' lang='grc' dir='ltr'><strong><em>ύπό</em></strong></span> <span class='ocrx_word' id='word_1_155' title='bbox 1102 2157 1176 2221; x_wconf 90' lang='grc' dir='ltr'><strong><em>τῶν</em></strong></span> <span class='ocrx_word' id='word_1_156' title='bbox 1197 2145 1276 2238; x_wconf 75' lang='grc' dir='ltr'><strong><em>παρ’</em></strong></span> <span class='ocrx_word' id='word_1_157' title='bbox 1298 2145 1458 2236; x_wconf 81' lang='grc' dir='ltr'><strong><em>Ἑβραίοις</em></strong></span> <span class='ocrx_word' id='word_1_158' title='bbox 1477 2171 1531 2220; x_wconf 92' lang='grc' dir='ltr'><strong><em>σο-</em></strong></span> 
     </span>
     <span class='ocr_line' id='line_1_18' title="bbox 226 2253 666 2338; baseline -0.014 -17"><span class='ocrx_word' id='word_1_159' title='bbox 226 2259 305 2338; x_wconf 92' lang='grc' dir='ltr'><strong><em>φῶν</em></strong></span> <span class='ocrx_word' id='word_1_160' title='bbox 326 2253 666 2338; x_wconf 86' lang='grc' dir='ltr'><strong><em>πεφιλοσοφημένων.</em></strong></span> 
     </span>
     <span class='ocr_line' id='line_1_19' title="bbox 309 2343 1531 2438; baseline 0.001 -21"><span class='ocrx_word' id='word_1_161' title='bbox 309 2353 342 2419; x_wconf 87' lang='lat' dir='ltr'><strong><em>L.</em></strong></span> <span class='ocrx_word' id='word_1_162' title='bbox 381 2343 473 2438; x_wconf 77' lang='grc' dir='ltr'><strong><em>Ἑξῆς</em></strong></span> <span class='ocrx_word' id='word_1_163' title='bbox 495 2354 530 2419; x_wconf 86' lang='grc' dir='ltr'><strong><em>δέ</em></strong></span> <span class='ocrx_word' id='word_1_164' title='bbox 553 2346 690 2431; x_wconf 84' lang='grc' dir='ltr'><strong><em>τούτοις</em></strong></span> <span class='ocrx_word' id='word_1_165' title='bbox 712 2345 927 2438; x_wconf 82' lang='grc' dir='ltr'><strong><em>συμφορήσας</em></strong></span> <span class='ocrx_word' id='word_1_166' title='bbox 953 2353 990 2419; x_wconf 90' lang='grc' dir='ltr'><strong><em>ἐν</em></strong></span> <span class='ocrx_word' id='word_1_167' title='bbox 1019 2360 1133 2436; x_wconf 77' lang='grc' dir='ltr'><strong><em>ψιλαῖς</em></strong></span> <span class='ocrx_word' id='word_1_168' title='bbox 1160 2345 1348 2437; x_wconf 77' lang='grc' dir='ltr'><strong><em>ἀποφάσεσι</em></strong></span> <span class='ocrx_word' id='word_1_169' title='bbox 1375 2347 1437 2432; x_wconf 85' lang='grc' dir='ltr'><strong><em>τὰς</em></strong></span> <span class='ocrx_word' id='word_1_170' title='bbox 1463 2353 1531 2418; x_wconf 92' lang='grc' dir='ltr'><strong><em>δια-</em></strong></span> 
     </span>
     <span class='ocr_line' id='line_1_20' title="bbox 225 2443 1530 2538; baseline -0.002 -18"><span class='ocrx_word' id='word_1_171' title='bbox 225 2447 334 2537; x_wconf 82' lang='grc' dir='ltr'><strong><em>φορὰς</em></strong></span> <span class='ocrx_word' id='word_1_172' title='bbox 356 2457 438 2520; x_wconf 91' lang='grc' dir='ltr'><strong><em>τῶν</em></strong></span> <span class='ocrx_word' id='word_1_173' title='bbox 460 2453 550 2536; x_wconf 87' lang='grc' dir='ltr'><strong><em>περί</em></strong></span> <span class='ocrx_word' id='word_1_174' title='bbox 580 2443 729 2535; x_wconf 87' lang='grc' dir='ltr'><strong><em>κόσμου</em></strong></span> <span class='ocrx_word' id='word_1_175' title='bbox 754 2453 819 2518; x_wconf 85' lang='grc' dir='ltr'><strong><em>καί</em></strong></span> <span class='ocrx_word' id='word_1_176' title='bbox 851 2443 1081 2536; x_wconf 88' lang='grc' dir='ltr'><strong><em>ἀνθρῶπων</em></strong></span> <span class='ocrx_word' id='word_1_177' title='bbox 1111 2449 1305 2538; x_wconf 86' lang='grc' dir='ltr'><strong><em>γενέσεῶς</em></strong></span> <span class='ocrx_word' id='word_1_178' title='bbox 1334 2473 1418 2521; x_wconf 92' lang='grc' dir='ltr'><strong><em>τισι</em></strong></span> <span class='ocrx_word' id='word_1_179' title='bbox 1447 2454 1530 2519; x_wconf 91' lang='grc' dir='ltr'><strong><em>τῶν</em></strong></span> 
     </span>
     <span class='ocr_line' id='line_1_21' title="bbox 172 2543 1530 2639; baseline -0.001 -21"><span class='ocrx_word' id='word_1_180' title='bbox 172 2544 404 2638; x_wconf 79' lang='grc' dir='ltr'><strong><em>ῖοάργαίων</em></strong></span> <span class='ocrx_word' id='word_1_181' title='bbox 435 2552 644 2637; x_wconf 82' lang='grc' dir='ltr'><strong><em>εἰρημένας</em></strong></span> <span class='ocrx_word' id='word_1_182' title='bbox 675 2553 754 2637; x_wconf 86' lang='grc' dir='ltr'><strong><em>φησί</em></strong></span> <span class='ocrx_word' id='word_1_183' title='bbox 781 2547 877 2631; x_wconf 89' lang='grc' dir='ltr'><strong><em>τούς</em></strong></span> <span class='ocrx_word' id='word_1_184' title='bbox 907 2546 955 2619; x_wconf 83' lang='grc' dir='ltr'><strong><em>τὰ</em></strong></span> <span class='ocrx_word' id='word_1_185' title='bbox 985 2543 1129 2638; x_wconf 82' lang='grc' dir='ltr'><strong><em>ἡμέτερα</em></strong></span> <span class='ocrx_word' id='word_1_186' title='bbox 1163 2546 1446 2639; x_wconf 88' lang='grc' dir='ltr'><strong><em>συγγράμματα</em></strong></span> <span class='ocrx_word' id='word_1_187' title='bbox 1476 2557 1530 2618; x_wconf 89' lang='grc' dir='ltr'><strong><em>λι·</em></strong></span> 
     </span>
     <span class='ocr_line' id='line_1_22' title="bbox 224 2641 1532 2737; baseline -0.003 -17"><span class='ocrx_word' id='word_1_188' title='bbox 224 2644 376 2730; x_wconf 84' lang='grc' dir='ltr'><strong><em>πάντας</em></strong></span> <span class='ocrx_word' id='word_1_189' title='bbox 406 2651 576 2718; x_wconf 86' lang='grc' dir='ltr'><strong><em>Μωύσέα</em></strong></span> <span class='ocrx_word' id='word_1_190' title='bbox 606 2653 661 2717; x_wconf 83' lang='grc' dir='ltr'><strong><em>καὶ</em></strong></span> <span class='ocrx_word' id='word_1_191' title='bbox 692 2647 773 2731; x_wconf 87' lang='grc' dir='ltr'><strong><em>τούς</em></strong></span> <span class='ocrx_word' id='word_1_192' title='bbox 803 2644 992 2737; x_wconf 86' lang='grc' dir='ltr'><strong><em>προφήτας,</em></strong></span> <span class='ocrx_word' id='word_1_193' title='bbox 1026 2644 1096 2718; x_wconf 90' lang='grc' dir='ltr'><strong><em>ούκ</em></strong></span> <span class='ocrx_word' id='word_1_194' title='bbox 1126 2644 1284 2732; x_wconf 88' lang='grc' dir='ltr'><strong><em>εἰδότας</em></strong></span> <span class='ocrx_word' id='word_1_195' title='bbox 1314 2641 1401 2736; x_wconf 87' lang='grc' dir='ltr'><strong><em>ήτις</em></strong></span> <span class='ocrx_word' id='word_1_196' title='bbox 1430 2650 1532 2718; x_wconf 89' lang='grc' dir='ltr'><strong><em>ποτέ</em></strong></span> 
     </span>
     <span class='ocr_line' id='line_1_23' title="bbox 223 2743 1530 2838; baseline 0 -20"><span class='ocrx_word' id='word_1_197' title='bbox 223 2751 332 2820; x_wconf 92' lang='grc' dir='ltr'><strong><em>ἐστιν</em></strong></span> <span class='ocrx_word' id='word_1_198' title='bbox 363 2743 384 2838; x_wconf 88' lang='grc' dir='ltr'><strong><em>ή</em></strong></span> <span class='ocrx_word' id='word_1_199' title='bbox 411 2753 483 2818; x_wconf 83' lang='grc' dir='ltr'><strong><em>τοῦ</em></strong></span> <span class='ocrx_word' id='word_1_200' title='bbox 510 2743 661 2836; x_wconf 91' lang='grc' dir='ltr'><strong><em>κόσμου</em></strong></span> <span class='ocrx_word' id='word_1_201' title='bbox 690 2755 755 2818; x_wconf 87' lang='grc' dir='ltr'><strong><em>καί</em></strong></span> <span class='ocrx_word' id='word_1_202' title='bbox 787 2755 868 2819; x_wconf 89' lang='grc' dir='ltr'><strong><em>τῶν</em></strong></span> <span class='ocrx_word' id='word_1_203' title='bbox 898 2743 1132 2837; x_wconf 78' lang='grc' dir='ltr'><strong><em>ἀνθρώπων</em></strong></span> <span class='ocrx_word' id='word_1_204' title='bbox 1163 2747 1293 2835; x_wconf 88' lang='grc' dir='ltr'><strong><em>φύσις,</em></strong></span> <span class='ocrx_word' id='word_1_205' title='bbox 1324 2757 1530 2820; x_wconf 87' lang='grc' dir='ltr'><strong><em>συνθεῖναι</em></strong></span> 
     </span>
     <span class='ocr_line' id='line_1_24' title="bbox 223 2837 1529 2938; baseline -0.001 -20"><span class='ocrx_word' id='word_1_206' title='bbox 223 2853 348 2938; x_wconf 82' lang='grc' dir='ltr'><strong><em>λῆρον</em></strong></span> <span class='ocrx_word' id='word_1_207' title='bbox 369 2845 506 2937; x_wconf 91' lang='grc' dir='ltr'><strong><em>βαθύν.</em></strong></span> <span class='ocrx_word' id='word_1_208' title='bbox 550 2849 578 2918; x_wconf 90' lang='grc' dir='ltr'><strong><em>εἰ</em></strong></span> <span class='ocrx_word' id='word_1_209' title='bbox 599 2853 660 2936; x_wconf 74' lang='grc' dir='ltr'><strong><em>μὲν</em></strong></span> <span class='ocrx_word' id='word_1_210' title='bbox 681 2837 745 2918; x_wconf 84' lang='grc' dir='ltr'><strong><em>σύν</em></strong></span> <span class='ocrx_word' id='word_1_211' title='bbox 766 2844 889 2936; x_wconf 88' lang='grc' dir='ltr'><strong><em>εἰρήκει</em></strong></span> <span class='ocrx_word' id='word_1_212' title='bbox 911 2844 975 2918; x_wconf 88' lang='grc' dir='ltr'><strong><em>τὸν</em></strong></span> <span class='ocrx_word' id='word_1_213' title='bbox 996 2854 1165 2919; x_wconf 87' lang='grc' dir='ltr'><strong><em>δοκοῦντα</em></strong></span> <span class='ocrx_word' id='word_1_214' title='bbox 1187 2844 1281 2938; x_wconf 81' lang='grc' dir='ltr'><strong><em>αύτῷ</em></strong></span> <span class='ocrx_word' id='word_1_215' title='bbox 1305 2845 1438 2934; x_wconf 86' lang='grc' dir='ltr'><strong><em>τρόπον</em></strong></span> <span class='ocrx_word' id='word_1_216' title='bbox 1452 2853 1529 2938; x_wconf 86' lang='grc' dir='ltr'><strong><em>περὶ</em></strong></span> 
     </span>
     <span class='ocr_line' id='line_1_25' title="bbox 222 2942 1528 3038; baseline -0.001 -19"><span class='ocrx_word' id='word_1_217' title='bbox 222 2955 286 3019; x_wconf 86' lang='grc' dir='ltr'><strong><em>τοῦ</em></strong></span> <span class='ocrx_word' id='word_1_218' title='bbox 308 2953 432 3038; x_wconf 85' lang='grc' dir='ltr'><strong><em>λῆρον</em></strong></span> <span class='ocrx_word' id='word_1_219' title='bbox 453 2948 539 3018; x_wconf 91' lang='grc' dir='ltr'><strong><em>είναι</em></strong></span> <span class='ocrx_word' id='word_1_220' title='bbox 561 2944 690 3031; x_wconf 84' lang='grc' dir='ltr'><strong><em>βαθύν</em></strong></span> <span class='ocrx_word' id='word_1_221' title='bbox 713 2945 756 3016; x_wconf 83' lang='grc' dir='ltr'><strong><em>τά</em></strong></span> <span class='ocrx_word' id='word_1_222' title='bbox 783 2955 860 3016; x_wconf 86' lang='grc' dir='ltr'><strong><em>θεῖα</em></strong></span> <span class='ocrx_word' id='word_1_223' title='bbox 888 2944 1072 3037; x_wconf 88' lang='grc' dir='ltr'><strong><em>γράμματα,</em></strong></span> <span class='ocrx_word' id='word_1_224' title='bbox 1102 2942 1167 3019; x_wconf 83' lang='grc' dir='ltr'><strong><em>κάν</em></strong></span> <span class='ocrx_word' id='word_1_225' title='bbox 1197 2945 1423 3038; x_wconf 78' lang='grc' dir='ltr'><strong><em>ἐπειράθημεν</em></strong></span> <span class='ocrx_word' id='word_1_226' title='bbox 1451 2943 1528 3018; x_wconf 84' lang='grc' dir='ltr'><strong><em>ἀνα·</em></strong></span> 
     </span>
     <span class='ocr_line' id='line_1_26' title="bbox 170 3042 1528 3138; baseline 0.003 -25"><span class='ocrx_word' id='word_1_227' title='bbox 170 3058 203 3113; x_wconf 83' lang='grc'><strong><em>25</em></strong></span> <span class='ocrx_word' id='word_1_228' title='bbox 222 3045 376 3119; x_wconf 86' lang='grc' dir='ltr'><strong><em>σκευάσαι</em></strong></span> <span class='ocrx_word' id='word_1_229' title='bbox 399 3045 461 3130; x_wconf 80' lang='grc' dir='ltr'><strong><em>τὰς</em></strong></span> <span class='ocrx_word' id='word_1_230' title='bbox 489 3052 648 3134; x_wconf 90' lang='grc' dir='ltr'><strong><em>φανείσας</em></strong></span> <span class='ocrx_word' id='word_1_231' title='bbox 674 3048 792 3134; x_wconf 85' lang='grc' dir='ltr'><strong><em>ἐκείνῳ</em></strong></span> <span class='ocrx_word' id='word_1_232' title='bbox 820 3042 1057 3136; x_wconf 89' lang='grc' dir='ltr'><strong><em>πιθανότητας</em></strong></span> <span class='ocrx_word' id='word_1_233' title='bbox 1082 3053 1158 3136; x_wconf 83' lang='grc' dir='ltr'><strong><em>περὶ</em></strong></span> <span class='ocrx_word' id='word_1_234' title='bbox 1193 3055 1255 3119; x_wconf 86' lang='grc' dir='ltr'><strong><em>τοῦ</em></strong></span> <span class='ocrx_word' id='word_1_235' title='bbox 1286 3054 1409 3138; x_wconf 84' lang='grc' dir='ltr'><strong><em>λῆρον</em></strong></span> <span class='ocrx_word' id='word_1_236' title='bbox 1443 3043 1528 3118; x_wconf 83' lang='grc' dir='ltr'><strong><em>αύτά</em></strong></span> 
     </span>
     <span class='ocr_line' id='line_1_27' title="bbox 222 3136 1529 3236; baseline 0 -20"><span class='ocrx_word' id='word_1_237' title='bbox 222 3146 306 3218; x_wconf 87' lang='grc' dir='ltr'><strong><em>εἰναι</em></strong></span> <span class='ocrx_word' id='word_1_238' title='bbox 327 3145 467 3232; x_wconf 88' lang='grc' dir='ltr'><strong><em>βαθύν·</em></strong></span> <span class='ocrx_word' id='word_1_239' title='bbox 490 3151 567 3216; x_wconf 81' lang='grc' dir='ltr'><strong><em>νυνὶ</em></strong></span> <span class='ocrx_word' id='word_1_240' title='bbox 589 3149 624 3215; x_wconf 84' lang='grc' dir='ltr'><strong><em>δέ</em></strong></span> <span class='ocrx_word' id='word_1_241' title='bbox 647 3141 687 3214; x_wconf 89' lang='grc' dir='ltr'><strong><em>τό</em></strong></span> <span class='ocrx_word' id='word_1_242' title='bbox 711 3136 830 3233; x_wconf 82' lang='grc' dir='ltr'><strong><em>ὅμοιον</em></strong></span> <span class='ocrx_word' id='word_1_243' title='bbox 852 3149 969 3232; x_wconf 85' lang='grc' dir='ltr'><strong><em>ἐκείνω</em></strong></span> <span class='ocrx_word' id='word_1_244' title='bbox 996 3143 1210 3236; x_wconf 89' lang='grc' dir='ltr'><strong><em>πράττοντες</em></strong></span> <span class='ocrx_word' id='word_1_245' title='bbox 1235 3153 1289 3217; x_wconf 84' lang='grc' dir='ltr'><strong><em>καὶ</em></strong></span> <span class='ocrx_word' id='word_1_246' title='bbox 1315 3156 1529 3234; x_wconf 78' lang='grc' dir='ltr'><strong><em>παίζοντες</em></strong></span> 
     </span>
     <span class='ocr_line' id='line_1_28' title="bbox 220 3236 1528 3337; baseline -0.001 -20"><span class='ocrx_word' id='word_1_247' title='bbox 220 3253 274 3317; x_wconf 87' lang='grc' dir='ltr'><strong><em>καὶ</em></strong></span> <span class='ocrx_word' id='word_1_248' title='bbox 298 3241 390 3336; x_wconf 87' lang='grc' dir='ltr'><strong><em>ήμεῖς</em></strong></span> <span class='ocrx_word' id='word_1_249' title='bbox 411 3241 682 3333; x_wconf 86' lang='grc' dir='ltr'><strong><em>ἀποφανούμεθα</em></strong></span> <span class='ocrx_word' id='word_1_250' title='bbox 705 3236 758 3315; x_wconf 87' lang='grc' dir='ltr'><strong><em>ότι</em></strong></span> <span class='ocrx_word' id='word_1_251' title='bbox 781 3251 833 3327; x_wconf 93' lang='grc' dir='ltr'><strong><em>τίς</em></strong></span> <span class='ocrx_word' id='word_1_252' title='bbox 854 3272 952 3316; x_wconf 91' lang='grc' dir='ltr'><strong><em>ποτε</em></strong></span> <span class='ocrx_word' id='word_1_253' title='bbox 975 3244 1127 3337; x_wconf 85' lang='grc' dir='ltr'><strong><em>ἐστίνή</em></strong></span> <span class='ocrx_word' id='word_1_254' title='bbox 1153 3247 1269 3335; x_wconf 92' lang='grc' dir='ltr'><strong><em>φύσις</em></strong></span> <span class='ocrx_word' id='word_1_255' title='bbox 1296 3253 1360 3318; x_wconf 83' lang='grc' dir='ltr'><strong><em>τοῦ</em></strong></span> <span class='ocrx_word' id='word_1_256' title='bbox 1385 3253 1447 3317; x_wconf 85' lang='grc' dir='ltr'><strong><em>νοῦ</em></strong></span> <span class='ocrx_word' id='word_1_257' title='bbox 1472 3253 1528 3316; x_wconf 87' lang='grc' dir='ltr'><strong><em>καὶ</em></strong></span> 
     </span>
     <span class='ocr_line' id='line_1_29' title="bbox 221 3338 1527 3438; baseline 0 -22"><span class='ocrx_word' id='word_1_258' title='bbox 221 3351 284 3417; x_wconf 84' lang='grc' dir='ltr'><strong><em>τοῦ</em></strong></span> <span class='ocrx_word' id='word_1_259' title='bbox 307 3349 343 3416; x_wconf 86' lang='grc' dir='ltr'><strong><em>ἐν</em></strong></span> <span class='ocrx_word' id='word_1_260' title='bbox 365 3363 438 3429; x_wconf 92' lang='grc' dir='ltr'><strong><em>τοῖς</em></strong></span> <span class='ocrx_word' id='word_1_261' title='bbox 459 3340 653 3433; x_wconf 80' lang='grc' dir='ltr'><strong><em>προφήταις</em></strong></span> <span class='ocrx_word' id='word_1_262' title='bbox 675 3338 780 3431; x_wconf 90' lang='grc' dir='ltr'><strong><em>λόγου</em></strong></span> <span class='ocrx_word' id='word_1_263' title='bbox 802 3340 959 3434; x_wconf 88' lang='grc' dir='ltr'><strong><em>σύδαμῶς</em></strong></span> <span class='ocrx_word' id='word_1_264' title='bbox 987 3341 1005 3418; x_wconf 88' lang='grc' dir='ltr'><strong><em>ό</em></strong></span> <span class='ocrx_word' id='word_1_265' title='bbox 1029 3353 1155 3431; x_wconf 84' lang='grc' dir='ltr'><strong><em>Κέλσος</em></strong></span> <span class='ocrx_word' id='word_1_266' title='bbox 1182 3349 1279 3432; x_wconf 86' lang='grc' dir='ltr'><strong><em>είδῶς</em></strong></span> <span class='ocrx_word' id='word_1_267' title='bbox 1306 3353 1430 3438; x_wconf 83' lang='grc' dir='ltr'><strong><em>λῆρον</em></strong></span> <span class='ocrx_word' id='word_1_268' title='bbox 1456 3371 1527 3416; x_wconf 81' lang='grc' dir='ltr'><strong><em>συν·</em></strong></span> 
     </span>
     <span class='ocr_line' id='line_1_30' title="bbox 42 3440 1386 3538; baseline 0.004 -26"><span class='ocrx_word' id='word_1_269' title='bbox 42 3510 50 3528; x_wconf 75' lang='grc'><strong><em>,</em></strong></span> <span class='ocrx_word' id='word_1_270' title='bbox 135 3451 323 3534; x_wconf 63' lang='grc' dir='ltr'><strong><em>1561έθηκε</em></strong></span> <span class='ocrx_word' id='word_1_271' title='bbox 345 3443 487 3530; x_wconf 85' lang='grc' dir='ltr'><strong><em>βαθύν,</em></strong></span> <span class='ocrx_word' id='word_1_272' title='bbox 510 3440 721 3532; x_wconf 79' lang='grc' dir='ltr'><strong><em>ἀλαζονικῶς</em></strong></span> <span class='ocrx_word' id='word_1_273' title='bbox 740 3449 745 3532; x_wconf 85' lang='grc' dir='ltr'>Ι</span> <span class='ocrx_word' id='word_1_274' title='bbox 765 3440 870 3515; x_wconf 88' lang='grc' dir='ltr'><strong><em>αύτὸν</em></strong></span> <span class='ocrx_word' id='word_1_275' title='bbox 892 3443 1080 3536; x_wconf 80' lang='grc' dir='ltr'><strong><em>ἐπιγράψας</em></strong></span> <span class='ocrx_word' id='word_1_276' title='bbox 1102 3443 1234 3538; x_wconf 84' lang='grc' dir='ltr'><strong><em>ἀληθῆ</em></strong></span> <span class='ocrx_word' id='word_1_277' title='bbox 1256 3443 1386 3536; x_wconf 90' lang='grc' dir='ltr'><strong><em>λόγον.</em></strong></span> 
     </span>
     <span class='ocr_line' id='line_1_31' title="bbox 168 3537 1527 3638; baseline -0.002 -19"><span class='ocrx_word' id='word_1_278' title='bbox 168 3563 202 3619; x_wconf 88' lang='grc'><strong><em>30</em></strong></span> <span class='ocrx_word' id='word_1_279' title='bbox 303 3549 375 3616; x_wconf 83' lang='grc' dir='ltr'><strong><em>ἐπεὶ</em></strong></span> <span class='ocrx_word' id='word_1_280' title='bbox 397 3548 432 3616; x_wconf 81' lang='grc' dir='ltr'><strong><em>δὲ</em></strong></span> <span class='ocrx_word' id='word_1_281' title='bbox 455 3541 502 3627; x_wconf 89' lang='grc' dir='ltr'><strong><em>σός</em></strong></span> <span class='ocrx_word' id='word_1_282' title='bbox 524 3549 614 3633; x_wconf 87' lang='grc' dir='ltr'><strong><em>σαφή</em></strong></span> <span class='ocrx_word' id='word_1_283' title='bbox 635 3549 691 3614; x_wconf 83' lang='grc' dir='ltr'><strong><em>καί</em></strong></span> <span class='ocrx_word' id='word_1_284' title='bbox 714 3537 860 3632; x_wconf 84' lang='grc' dir='ltr'><strong><em>ἀκριβῶς</em></strong></span> <span class='ocrx_word' id='word_1_285' title='bbox 882 3541 976 3635; x_wconf 84' lang='grc' dir='ltr'><strong><em>αύτῶ</em></strong></span> <span class='ocrx_word' id='word_1_286' title='bbox 999 3555 1184 3638; x_wconf 91' lang='grc' dir='ltr'><strong><em>νενοημένα</em></strong></span> <span class='ocrx_word' id='word_1_287' title='bbox 1206 3554 1371 3636; x_wconf 88' lang='grc' dir='ltr'><strong><em>προφέρει</em></strong></span> <span class='ocrx_word' id='word_1_288' title='bbox 1399 3552 1445 3630; x_wconf 88' lang='grc' dir='ltr'><strong><em>εἰς</em></strong></span> <span class='ocrx_word' id='word_1_289' title='bbox 1471 3574 1527 3616; x_wconf 87' lang='grc' dir='ltr'><strong><em>κα-</em></strong></span> 
     </span>
     <span class='ocr_line' id='line_1_32' title="bbox 220 3637 1526 3737; baseline 0.002 -23"><span class='ocrx_word' id='word_1_290' title='bbox 220 3651 383 3734; x_wconf 92' lang='grc' dir='ltr'><strong><em>τηγορίαν</em></strong></span> <span class='ocrx_word' id='word_1_291' title='bbox 405 3643 448 3716; x_wconf 83' lang='grc' dir='ltr'><strong><em>τά</em></strong></span> <span class='ocrx_word' id='word_1_292' title='bbox 470 3649 546 3732; x_wconf 83' lang='grc' dir='ltr'><strong><em>περὶ</em></strong></span> <span class='ocrx_word' id='word_1_293' title='bbox 569 3651 642 3715; x_wconf 92' lang='grc' dir='ltr'><strong><em>τῶν</em></strong></span> <span class='ocrx_word' id='word_1_294' title='bbox 664 3648 725 3732; x_wconf 83' lang='grc' dir='ltr'><strong><em>τῆς</em></strong></span> <span class='ocrx_word' id='word_1_295' title='bbox 746 3651 966 3732; x_wconf 85' lang='grc' dir='ltr'><strong><em>κοσμοποιίας</em></strong></span> <span class='ocrx_word' id='word_1_296' title='bbox 985 3643 1157 3737; x_wconf 86' lang='grc' dir='ltr'><strong><em>ἡμερῶν,</em></strong></span> <span class='ocrx_word' id='word_1_297' title='bbox 1181 3637 1233 3718; x_wconf 90' lang='grc' dir='ltr'><strong><em>ῶν</em></strong></span> <span class='ocrx_word' id='word_1_298' title='bbox 1249 3652 1338 3731; x_wconf 77' lang='grc' dir='ltr'><strong><em>τινὲς</em></strong></span> <span class='ocrx_word' id='word_1_299' title='bbox 1355 3654 1416 3734; x_wconf 84' lang='grc' dir='ltr'><strong><em>μέν</em></strong></span> <span class='ocrx_word' id='word_1_300' title='bbox 1430 3654 1526 3737; x_wconf 83' lang='grc' dir='ltr'><strong><em>πρίν</em></strong></span> 
     </span>
     <span class='ocr_line' id='line_1_33' title="bbox 221 3735 1526 3838; baseline 0.001 -22"><span class='ocrx_word' id='word_1_301' title='bbox 221 3752 305 3832; x_wconf 91' lang='grc' dir='ltr'><strong><em>φῶς</em></strong></span> <span class='ocrx_word' id='word_1_302' title='bbox 325 3750 380 3815; x_wconf 85' lang='grc' dir='ltr'><strong><em>καί</em></strong></span> <span class='ocrx_word' id='word_1_303' title='bbox 409 3740 581 3833; x_wconf 87' lang='grc' dir='ltr'><strong><em>ούρανόν</em></strong></span> <span class='ocrx_word' id='word_1_304' title='bbox 614 3749 798 3832; x_wconf 88' lang='grc' dir='ltr'><strong><em>γενέσθαι</em></strong></span> <span class='ocrx_word' id='word_1_305' title='bbox 830 3735 946 3834; x_wconf 85' lang='grc' dir='ltr'><strong><em>ήλιόν</em></strong></span> <span class='ocrx_word' id='word_1_306' title='bbox 977 3776 1014 3818; x_wconf 91' lang='grc' dir='ltr'><strong><em>τε</em></strong></span> <span class='ocrx_word' id='word_1_307' title='bbox 1043 3755 1099 3819; x_wconf 88' lang='grc' dir='ltr'><strong><em>καὶ</em></strong></span> <span class='ocrx_word' id='word_1_308' title='bbox 1130 3745 1271 3838; x_wconf 90' lang='grc' dir='ltr'><strong><em>σελήνην</em></strong></span> <span class='ocrx_word' id='word_1_309' title='bbox 1300 3754 1356 3818; x_wconf 87' lang='grc' dir='ltr'><strong><em>καί</em></strong></span> <span class='ocrx_word' id='word_1_310' title='bbox 1384 3743 1526 3835; x_wconf 79' lang='grc' dir='ltr'><strong><em>ἀστέρας</em></strong></span> 
     </span>
    </p>
   </div>
   <div class='ocr_carea' id='block_1_3' title="bbox 217 3913 1549 4156">
    <p class='ocr_par' dir='ltr' id='par_1_3' title="bbox 217 3913 1549 4156">
     <span class='ocr_line' id='line_1_34' title="bbox 304 3913 1549 3996; baseline 0 -26"><span class='ocrx_word' id='word_1_311' title='bbox 304 3915 322 3970; x_wconf 78' lang='lat'>2</span> <span class='ocrx_word' id='word_1_312' title='bbox 341 3913 404 3985; x_wconf 77' lang='lat' dir='ltr'>vgl.</span> <span class='ocrx_word' id='word_1_313' title='bbox 423 3915 490 3970; x_wconf 82' lang='lat' dir='ltr'><strong>Gen.</strong></span> <span class='ocrx_word' id='word_1_314' title='bbox 503 3917 527 3980; x_wconf 93' lang='lat'><strong><em>3,</em></strong></span> <span class='ocrx_word' id='word_1_315' title='bbox 539 3916 580 3970; x_wconf 85' lang='lat'><strong><em>24.</em></strong></span> <span class='ocrx_word' id='word_1_316' title='bbox 597 3943 631 3954; x_wconf 93' lang='lat'>-</span> <span class='ocrx_word' id='word_1_317' title='bbox 650 3914 668 3970; x_wconf 80' lang='grc' dir='ltr'><strong><em>ό</em></strong></span> <span class='ocrx_word' id='word_1_318' title='bbox 686 3914 752 3969; x_wconf 85' lang='lat' dir='ltr'>Gen.</span> <span class='ocrx_word' id='word_1_319' title='bbox 765 3917 789 3978; x_wconf 92' lang='lat'><strong><em>3,</em></strong></span> <span class='ocrx_word' id='word_1_320' title='bbox 802 3916 842 3970; x_wconf 79' lang='lat'><strong><em>24.</em></strong></span> <span class='ocrx_word' id='word_1_321' title='bbox 861 3947 894 3956; x_wconf 95' lang='lat'>—</span> <span class='ocrx_word' id='word_1_322' title='bbox 912 3917 931 3972; x_wconf 82' lang='grc'><strong><em>3</em></strong></span> <span class='ocrx_word' id='word_1_323' title='bbox 949 3916 1012 3985; x_wconf 76' lang='lat' dir='ltr'><strong>vgl.</strong></span> <span class='ocrx_word' id='word_1_324' title='bbox 1025 3917 1134 3982; x_wconf 83' lang='lat' dir='ltr'>Homer,</span> <span class='ocrx_word' id='word_1_325' title='bbox 1146 3918 1178 3972; x_wconf 92' lang='lat' dir='ltr'><strong><em>ll.</em></strong></span> <span class='ocrx_word' id='word_1_326' title='bbox 1191 3918 1229 3972; x_wconf 90' lang='lat' dir='ltr'><strong><em>VI</em></strong></span> <span class='ocrx_word' id='word_1_327' title='bbox 1241 3919 1384 3975; x_wconf 81' lang='lat'>153—197.</span> <span class='ocrx_word' id='word_1_328' title='bbox 1402 3916 1526 3982; x_wconf 77' lang='lat' dir='ltr'>Pausan,</span> <span class='ocrx_word' id='word_1_329' title='bbox 1545 3989 1549 3996; x_wconf 25' lang='grc' dir='ltr'>ι</span> 
     </span>
     <span class='ocr_line' id='line_1_35' title="bbox 217 3998 1525 4072; baseline 0.002 -21"><span class='ocrx_word' id='word_1_330' title='bbox 217 3998 350 4070; x_wconf 75' lang='lat' dir='ltr'><strong>Descript.</strong></span> <span class='ocrx_word' id='word_1_331' title='bbox 369 4000 414 4060; x_wconf 84' lang='lat' dir='ltr'><strong><em>Gr,</em></strong></span> <span class='ocrx_word' id='word_1_332' title='bbox 432 4001 458 4054; x_wconf 92' lang='lat' dir='ltr'><strong><em>II</em></strong></span> <span class='ocrx_word' id='word_1_333' title='bbox 476 4002 500 4064; x_wconf 88' lang='grc'><strong><em>4,</em></strong></span> <span class='ocrx_word' id='word_1_334' title='bbox 519 4003 543 4055; x_wconf 92' lang='lat'><strong><em>1.</em></strong></span> <span class='ocrx_word' id='word_1_335' title='bbox 567 4001 608 4064; x_wconf 90' lang='lat'><strong><em>31,</em></strong></span> <span class='ocrx_word' id='word_1_336' title='bbox 627 4000 667 4054; x_wconf 82' lang='lat'><strong><em>12.</em></strong></span> <span class='ocrx_word' id='word_1_337' title='bbox 693 3999 731 4053; x_wconf 80' lang='lat' dir='ltr'><strong><em>IX</em></strong></span> <span class='ocrx_word' id='word_1_338' title='bbox 749 4001 790 4065; x_wconf 88' lang='lat'><strong><em>31,</em></strong></span> <span class='ocrx_word' id='word_1_339' title='bbox 808 4001 832 4055; x_wconf 89' lang='grc'><strong><em>3.</em></strong></span> <span class='ocrx_word' id='word_1_340' title='bbox 851 4031 884 4040; x_wconf 94' lang='grc'>-</span> <span class='ocrx_word' id='word_1_341' title='bbox 903 4001 942 4056; x_wconf 81' lang='lat'><strong><em>14</em></strong></span> <span class='ocrx_word' id='word_1_342' title='bbox 960 4003 1027 4058; x_wconf 84' lang='lat' dir='ltr'><strong>Gen.</strong></span> <span class='ocrx_word' id='word_1_343' title='bbox 1046 4003 1069 4066; x_wconf 87' lang='lat'><strong><em>3,</em></strong></span> <span class='ocrx_word' id='word_1_344' title='bbox 1088 4003 1129 4057; x_wconf 81' lang='lat'><strong><em>24.</em></strong></span> <span class='ocrx_word' id='word_1_345' title='bbox 1149 4033 1182 4042; x_wconf 91' lang='lat'>-</span> <span class='ocrx_word' id='word_1_346' title='bbox 1200 4002 1236 4059; x_wconf 76' lang='lat'><strong><em>15</em></strong></span> <span class='ocrx_word' id='word_1_347' title='bbox 1260 4003 1322 4072; x_wconf 83' lang='lat' dir='ltr'>Vgl.</span> <span class='ocrx_word' id='word_1_348' title='bbox 1342 4003 1408 4058; x_wconf 86' lang='lat' dir='ltr'><strong>Gen.</strong></span> <span class='ocrx_word' id='word_1_349' title='bbox 1423 4005 1445 4065; x_wconf 93' lang='lat'><strong><em>1,</em></strong></span> <span class='ocrx_word' id='word_1_350' title='bbox 1463 4001 1525 4058; x_wconf 72' lang='lat'>261.</span> 
     </span>
     <span class='ocr_line' id='line_1_36' title="bbox 218 4084 1470 4156; baseline 0.002 -17"><span class='ocrx_word' id='word_1_351' title='bbox 218 4085 247 4151; x_wconf 87' lang='grc'><strong><em>2,</em></strong></span> <span class='ocrx_word' id='word_1_352' title='bbox 266 4087 290 4139; x_wconf 84' lang='grc'><strong><em>7.</em></strong></span> <span class='ocrx_word' id='word_1_353' title='bbox 307 4085 368 4139; x_wconf 79' lang='lat'>211.</span> <span class='ocrx_word' id='word_1_354' title='bbox 388 4115 420 4126; x_wconf 91' lang='lat'><em>-</em></span> <span class='ocrx_word' id='word_1_355' title='bbox 439 4085 477 4142; x_wconf 78' lang='lat'><strong><em>81</em></strong></span> <span class='ocrx_word' id='word_1_356' title='bbox 497 4084 559 4154; x_wconf 78' lang='lat' dir='ltr'>vgl.</span> <span class='ocrx_word' id='word_1_357' title='bbox 581 4084 763 4142; x_wconf 74' lang='lat' dir='ltr'>untenV160</span> <span class='ocrx_word' id='word_1_358' title='bbox 781 4103 805 4139; x_wconf 79' lang='grc' dir='ltr'><strong><em>ε..</em></strong></span> <span class='ocrx_word' id='word_1_359' title='bbox 823 4088 854 4141; x_wconf 86' lang='lat' dir='ltr'><strong><em>A.</em></strong></span> <span class='ocrx_word' id='word_1_360' title='bbox 867 4117 899 4125; x_wconf 95' lang='lat'><em>-</em></span> <span class='ocrx_word' id='word_1_361' title='bbox 919 4087 980 4156; x_wconf 82' lang='lat' dir='ltr'>vgl.</span> <span class='ocrx_word' id='word_1_362' title='bbox 999 4087 1066 4141; x_wconf 85' lang='lat' dir='ltr'>Gen.</span> <span class='ocrx_word' id='word_1_363' title='bbox 1085 4090 1108 4154; x_wconf 91' lang='lat'><strong><em>1,</em></strong></span> <span class='ocrx_word' id='word_1_364' title='bbox 1127 4090 1151 4143; x_wconf 85' lang='lat'><strong><em>5.</em></strong></span> <span class='ocrx_word' id='word_1_365' title='bbox 1163 4088 1187 4142; x_wconf 81' lang='lat'><strong><em>8.</em></strong></span> <span class='ocrx_word' id='word_1_366' title='bbox 1201 4090 1241 4142; x_wconf 85' lang='lat'><strong><em>13.</em></strong></span> <span class='ocrx_word' id='word_1_367' title='bbox 1255 4089 1363 4142; x_wconf 82' lang='lat'>14-19.</span> <span class='ocrx_word' id='word_1_368' title='bbox 1376 4089 1417 4142; x_wconf 84' lang='lat'><strong><em>23.</em></strong></span> <span class='ocrx_word' id='word_1_369' title='bbox 1430 4088 1470 4142; x_wconf 89' lang='lat'><strong><em>31.</em></strong></span> 
     </span>
    </p>
   </div>
   <div class='ocr_carea' id='block_1_4' title="bbox 214 4229 1524 4660">
    <p class='ocr_par' dir='ltr' id='par_1_4' title="bbox 214 4229 1524 4660">
     <span class='ocr_line' id='line_1_37' title="bbox 301 4229 1524 4310; baseline -0.001 -18"><span class='ocrx_word' id='word_1_370' title='bbox 301 4237 318 4292; x_wconf 73' lang='grc' dir='ltr'>ὅ</span> <span class='ocrx_word' id='word_1_371' title='bbox 338 4239 493 4310; x_wconf 82' lang='grc' dir='ltr'><strong><em>χερονβείμ</em></strong></span> <span class='ocrx_word' id='word_1_372' title='bbox 511 4239 640 4306; x_wconf 77' lang='lat' dir='ltr'>AAusgg.</span> <span class='ocrx_word' id='word_1_373' title='bbox 665 4237 670 4304; x_wconf 96' lang='grc' dir='ltr'>Ι</span> <span class='ocrx_word' id='word_1_374' title='bbox 693 4239 712 4293; x_wconf 82' lang='lat'>3</span> <span class='ocrx_word' id='word_1_375' title='bbox 734 4235 761 4293; x_wconf 88' lang='grc' dir='ltr'><strong><em>εἰ</em></strong></span> <span class='ocrx_word' id='word_1_376' title='bbox 782 4229 807 4291; x_wconf 79' lang='grc' dir='ltr'><strong><em>δ’</em></strong></span> <span class='ocrx_word' id='word_1_377' title='bbox 828 4230 896 4308; x_wconf 86' lang='grc' dir='ltr'><strong><em>ἀρα]</em></strong></span> <span class='ocrx_word' id='word_1_378' title='bbox 915 4235 942 4293; x_wconf 88' lang='grc' dir='ltr'><strong><em>εἰ</em></strong></span> <span class='ocrx_word' id='word_1_379' title='bbox 957 4229 996 4306; x_wconf 87' lang='grc' dir='ltr'><strong><em>μή</em></strong></span> <span class='ocrx_word' id='word_1_380' title='bbox 1015 4231 1073 4309; x_wconf 77' lang='grc' dir='ltr'><strong><em>ἄρα</em></strong></span> <span class='ocrx_word' id='word_1_381' title='bbox 1091 4238 1156 4294; x_wconf 74' lang='lat' dir='ltr'>lieet</span> <span class='ocrx_word' id='word_1_382' title='bbox 1173 4239 1221 4292; x_wconf 90' lang='lat' dir='ltr'><strong><em>Bo.</em></strong></span> <span class='ocrx_word' id='word_1_383' title='bbox 1239 4238 1337 4307; x_wconf 70' lang='lat' dir='ltr'>(Notae</span> <span class='ocrx_word' id='word_1_384' title='bbox 1354 4256 1379 4309; x_wconf 87' lang='lat' dir='ltr'><strong><em>p.</em></strong></span> <span class='ocrx_word' id='word_1_385' title='bbox 1398 4238 1458 4306; x_wconf 81' lang='lat'>397)</span> <span class='ocrx_word' id='word_1_386' title='bbox 1476 4255 1524 4292; x_wconf 89' lang='lat' dir='ltr'><strong><em>un·</em></strong></span> 
     </span>
     <span class='ocr_line' id='line_1_38' title="bbox 216 4315 1523 4394; baseline 0.002 -20"><span class='ocrx_word' id='word_1_387' title='bbox 216 4321 317 4391; x_wconf 72' lang='lat' dir='ltr'><strong>richtig</strong></span> <span class='ocrx_word' id='word_1_388' title='bbox 336 4324 341 4389; x_wconf 93' lang='grc'>1</span> <span class='ocrx_word' id='word_1_389' title='bbox 360 4321 379 4376; x_wconf 80' lang='grc' dir='ltr'><strong><em>θ</em></strong></span> <span class='ocrx_word' id='word_1_390' title='bbox 398 4317 485 4392; x_wconf 79' lang='grc' dir='ltr'><strong><em>ἔγημε</em></strong></span> <span class='ocrx_word' id='word_1_391' title='bbox 503 4323 526 4376; x_wconf 84' lang='grc' dir='ltr'><strong>Δ</strong></span> <span class='ocrx_word' id='word_1_392' title='bbox 546 4315 650 4378; x_wconf 85' lang='grc' dir='ltr'><strong><em>ἐκτεινε</em></strong></span> <span class='ocrx_word' id='word_1_393' title='bbox 668 4322 711 4376; x_wconf 76' lang='lat'><strong><em>11²</em></strong></span> <span class='ocrx_word' id='word_1_394' title='bbox 728 4339 754 4376; x_wconf 88' lang='lat' dir='ltr'><strong><em>u.</em></strong></span> <span class='ocrx_word' id='word_1_395' title='bbox 774 4322 824 4376; x_wconf 82' lang='grc' dir='ltr'><strong><em>Ηδ.</em></strong></span> <span class='ocrx_word' id='word_1_396' title='bbox 843 4339 887 4375; x_wconf 77' lang='grc' dir='ltr'><strong><em>σω</em></strong></span> <span class='ocrx_word' id='word_1_397' title='bbox 906 4323 998 4386; x_wconf 77' lang='lat' dir='ltr'>Rand‚</span> <span class='ocrx_word' id='word_1_398' title='bbox 1017 4323 1059 4394; x_wconf 86' lang='lat' dir='ltr'><strong><em>Sp.</em></strong></span> <span class='ocrx_word' id='word_1_399' title='bbox 1079 4341 1105 4378; x_wconf 88' lang='lat' dir='ltr'><strong><em>u.</em></strong></span> <span class='ocrx_word' id='word_1_400' title='bbox 1124 4323 1183 4378; x_wconf 80' lang='lat' dir='ltr'><strong>Del.</strong></span> <span class='ocrx_word' id='word_1_401' title='bbox 1200 4323 1238 4377; x_wconf 90' lang='lat' dir='ltr'><strong><em>im</em></strong></span> <span class='ocrx_word' id='word_1_402' title='bbox 1257 4323 1338 4386; x_wconf 76' lang='lat' dir='ltr'>Text,</span> <span class='ocrx_word' id='word_1_403' title='bbox 1365 4322 1439 4377; x_wconf 83' lang='grc' dir='ltr'><strong><em>δίεεε</em></strong></span> <span class='ocrx_word' id='word_1_404' title='bbox 1456 4322 1523 4377; x_wconf 86' lang='lat' dir='ltr'>Con·</span> 
     </span>
     <span class='ocr_line' id='line_1_39' title="bbox 214 4405 1522 4477; baseline 0.001 -18"><span class='ocrx_word' id='word_1_405' title='bbox 214 4405 304 4475; x_wconf 70' lang='lat' dir='ltr'><strong>jectar</strong></span> <span class='ocrx_word' id='word_1_406' title='bbox 330 4405 367 4460; x_wconf 76' lang='lat' dir='ltr'><strong><em>ist</em></strong></span> <span class='ocrx_word' id='word_1_407' title='bbox 392 4405 543 4475; x_wconf 76' lang='lat' dir='ltr'>unriohtig,</span> <span class='ocrx_word' id='word_1_408' title='bbox 568 4405 605 4460; x_wconf 76' lang='lat' dir='ltr'><strong><em>da</em></strong></span> <span class='ocrx_word' id='word_1_409' title='bbox 626 4407 718 4461; x_wconf 84' lang='lat' dir='ltr'>weder</span> <span class='ocrx_word' id='word_1_410' title='bbox 740 4407 789 4460; x_wconf 74' lang='grc' dir='ltr'><strong><em>διε</em></strong></span> <span class='ocrx_word' id='word_1_411' title='bbox 807 4408 1030 4477; x_wconf 74' lang='lat' dir='ltr'><strong>vorausgehende</strong></span> <span class='ocrx_word' id='word_1_412' title='bbox 1047 4408 1199 4476; x_wconf 86' lang='grc' dir='ltr'><strong><em>παίζοντες</em></strong></span> <span class='ocrx_word' id='word_1_413' title='bbox 1216 4409 1252 4476; x_wconf 84' lang='grc' dir='ltr'><strong><em>(Ζ.</em></strong></span> <span class='ocrx_word' id='word_1_414' title='bbox 1271 4409 1297 4476; x_wconf 88' lang='grc'><strong><em>8)</em></strong></span> <span class='ocrx_word' id='word_1_415' title='bbox 1315 4407 1387 4462; x_wconf 86' lang='lat' dir='ltr'>noch</span> <span class='ocrx_word' id='word_1_416' title='bbox 1405 4408 1454 4462; x_wconf 83' lang='grc' dir='ltr'><strong><em>δαε</em></strong></span> <span class='ocrx_word' id='word_1_417' title='bbox 1472 4407 1522 4461; x_wconf 82' lang='lat' dir='ltr'><strong>fol-</strong></span> 
     </span>
     <span class='ocr_line' id='line_1_40' title="bbox 216 4490 1521 4565; baseline 0.001 -21"><span class='ocrx_word' id='word_1_418' title='bbox 216 4490 305 4559; x_wconf 77' lang='lat' dir='ltr'><strong>gende</strong></span> <span class='ocrx_word' id='word_1_419' title='bbox 322 4492 528 4561; x_wconf 86' lang='grc' dir='ltr'><strong><em>γελωτοποιεῖν</em></strong></span> <span class='ocrx_word' id='word_1_420' title='bbox 545 4491 580 4558; x_wconf 87' lang='grc' dir='ltr'><strong><em>(Ζ.</em></strong></span> <span class='ocrx_word' id='word_1_421' title='bbox 600 4491 642 4558; x_wconf 86' lang='grc'><strong><em>10)</em></strong></span> <span class='ocrx_word' id='word_1_422' title='bbox 665 4491 745 4546; x_wconf 80' lang='lat' dir='ltr'>einen</span> <span class='ocrx_word' id='word_1_423' title='bbox 767 4491 834 4545; x_wconf 87' lang='lat' dir='ltr'>Sinn</span> <span class='ocrx_word' id='word_1_424' title='bbox 857 4491 948 4546; x_wconf 76' lang='lat' dir='ltr'>haben</span> <span class='ocrx_word' id='word_1_425' title='bbox 970 4492 1065 4548; x_wconf 74' lang='lat' dir='ltr'><strong>wflrde</strong></span> <span class='ocrx_word' id='word_1_426' title='bbox 1089 4497 1093 4563; x_wconf 92' lang='grc' dir='ltr'>Ι</span> <span class='ocrx_word' id='word_1_427' title='bbox 1119 4493 1158 4550; x_wconf 82' lang='lat'><strong><em>14</em></strong></span> <span class='ocrx_word' id='word_1_428' title='bbox 1182 4494 1335 4565; x_wconf 81' lang='grc' dir='ltr'><strong><em>γερουβείμ</em></strong></span> <span class='ocrx_word' id='word_1_429' title='bbox 1358 4492 1496 4562; x_wconf 80' lang='lat' dir='ltr'>AAusgg.</span> <span class='ocrx_word' id='word_1_430' title='bbox 1518 4495 1521 4560; x_wconf 67' lang='grc' dir='ltr'><strong><em>ί</em></strong></span> 
     </span>
     <span class='ocr_line' id='line_1_41' title="bbox 216 4569 1521 4660; baseline 0.001 -29"><span class='ocrx_word' id='word_1_431' title='bbox 216 4575 257 4631; x_wconf 78' lang='lat'><strong><em>20</em></strong></span> <span class='ocrx_word' id='word_1_432' title='bbox 274 4569 420 4645; x_wconf 82' lang='grc' dir='ltr'><strong><em>λιπόντας]</em></strong></span> <span class='ocrx_word' id='word_1_433' title='bbox 438 4577 465 4630; x_wconf 88' lang='grc' dir='ltr'><strong><em>λι</em></strong></span> <span class='ocrx_word' id='word_1_434' title='bbox 483 4575 533 4629; x_wconf 77' lang='grc' dir='ltr'><strong><em>συί</em></strong></span> <span class='ocrx_word' id='word_1_435' title='bbox 547 4575 635 4629; x_wconf 74' lang='grc' dir='ltr'><strong><em>βοευτ</em></strong></span> <span class='ocrx_word' id='word_1_436' title='bbox 646 4578 683 4639; x_wconf 84' lang='grc' dir='ltr'><strong><em>Δ;</em></strong></span> <span class='ocrx_word' id='word_1_437' title='bbox 701 4575 842 4656; x_wconf 68' lang='lat' dir='ltr'>viellejeht</span> <span class='ocrx_word' id='word_1_438' title='bbox 853 4575 890 4632; x_wconf 72' lang='lat' dir='ltr'><strong><em>ist</em></strong></span> <span class='ocrx_word' id='word_1_439' title='bbox 902 4574 1145 4660; x_wconf 79' lang='grc' dir='ltr'><strong><em>&lt;ιιατα&gt;λιπόιτας</em></strong></span> <span class='ocrx_word' id='word_1_440' title='bbox 1162 4595 1196 4632; x_wconf 83' lang='grc' dir='ltr'><strong><em>ια</em></strong></span> <span class='ocrx_word' id='word_1_441' title='bbox 1213 4578 1364 4642; x_wconf 80' lang='lat' dir='ltr'>schreiben,</span> <span class='ocrx_word' id='word_1_442' title='bbox 1383 4579 1438 4648; x_wconf 84' lang='lat' dir='ltr'>vgl.</span> <span class='ocrx_word' id='word_1_443' title='bbox 1451 4578 1521 4632; x_wconf 80' lang='lat' dir='ltr'>oben</span> 
     </span>
    </p>
   </div>
   <div class='ocr_carea' id='block_1_5' title="bbox 216 4663 1192 4748">
    <p class='ocr_par' dir='ltr' id='par_1_5' title="bbox 216 4663 1192 4748">
     <span class='ocr_line' id='line_1_42' title="bbox 216 4663 1192 4748; baseline 0.007 -20"><span class='ocrx_word' id='word_1_444' title='bbox 216 4675 242 4729; x_wconf 87' lang='lat' dir='ltr'><strong><em>Z.</em></strong></span> <span class='ocrx_word' id='word_1_445' title='bbox 262 4677 292 4728; x_wconf 94' lang='grc'><strong><em>11</em></strong></span> <span class='ocrx_word' id='word_1_446' title='bbox 310 4675 367 4742; x_wconf 73' lang='lat'><strong><em>121</em></strong></span> <span class='ocrx_word' id='word_1_447' title='bbox 387 4675 489 4745; x_wconf 86' lang='grc' dir='ltr'><strong><em>μωσέα</em></strong></span> <span class='ocrx_word' id='word_1_448' title='bbox 508 4677 719 4748; x_wconf 74' lang='lat' dir='ltr'>MAusgg.123</span> <span class='ocrx_word' id='word_1_449' title='bbox 738 4663 790 4734; x_wconf 69' lang='grc' dir='ltr'><strong><em>αύό</em></strong></span> <span class='ocrx_word' id='word_1_450' title='bbox 808 4677 914 4732; x_wconf 75' lang='grc' dir='ltr'><strong><em>ευίτεὶοί</em></strong></span> <span class='ocrx_word' id='word_1_451' title='bbox 931 4696 980 4732; x_wconf 75' lang='lat' dir='ltr'><strong><em>aus</em></strong></span> <span class='ocrx_word' id='word_1_452' title='bbox 998 4663 1065 4736; x_wconf 70' lang='grc' dir='ltr'><strong><em>αύόν</em></strong></span> <span class='ocrx_word' id='word_1_453' title='bbox 1074 4697 1141 4735; x_wconf 83' lang='lat' dir='ltr'>corr.</span> <span class='ocrx_word' id='word_1_454' title='bbox 1161 4682 1192 4735; x_wconf 83' lang='grc' dir='ltr'><strong><em>Α.</em></strong></span> 
     </span>
    </p>
   </div>
   <div class='ocr_carea' id='block_1_6' title="bbox 0 0 1900 5526">
    <p class='ocr_par' dir='ltr' id='par_1_6' title="bbox 0 0 1900 5526">
     <span class='ocr_line' id='line_1_43' title="bbox 0 0 1900 5526; baseline 0 3"><span class='ocrx_word' id='word_1_455' title='bbox 0 0 1900 5526; x_wconf 95' lang='lat' dir='ltr'><strong><em> </em></strong></span> 
     </span>
    </p>
   </div>
  </div>
 </body>
</html>
