3790 5526
605 515 706 570 ΚΑΤΑ
733 515 891 570 ΚΕΔΣΟΥ
912 515 953 572 vl
978 515 1019 570 39.
1037 517 1078 571 40.
1096 518 1138 570 41.
1460 521 1517 582 109

212 705 283 758 νας
320 671 340 764 ἰ)
376 673 555 759 κτύπους
595 671 616 765 ἢ
652 681 887 765 δαιμονίους
926 675 1238 766 σχηματισμούς,
1274 672 1462 764 ἐσθήτων
1497 669 1518 766 ἢ

213 771 397 864 ἀριθμῶν
428 770 448 866 ἢ
479 782 611 848 λίθων
637 771 658 864 ἢ
681 784 823 862 φυτῶν
845 770 865 864 ἢ
888 778 1010 863 ῥιζῶν
1030 785 1096 848 καὶ
1120 771 1224 858 όλως
1244 781 1519 848 παντοδαπῶν

211 874 425 963 χρημάτων
451 895 626 947 παντοῖα
652 872 968 965 ἀλεξιφάρμακα·
994 883 998 962 )
1021 884 1097 966 περὶ
1120 867 1171 946 ῶν
1194 873 1256 947 ούκ
1278 871 1415 946 άπαιτεῖ
1435 869 1520 964 ἡμᾶς
1536 888 1589 943 662

212 970 490 1064 ἀπολογήσασθαι
520 972 561 1045 τὸ
591 971 744 1064 εύλογον,
775 969 835 1046 άτε
866 971 943 1047 σύδὲ
968 977 1055 1048 κατά
1077 973 1186 1047 ποσόν
1213 979 1428 1063 ἐνεχομένους
1454 1001 1520 1043 τοι·

178 1086 195 1140 6
212 1071 330 1157 αύταις
352 1070 537 1157 ὑπονοίαις.

295 1193 356 1260 XL.
402 1189 497 1262 Μετὰ
534 1197 641 1262 ταῦτα
670 1186 909 1280 παραπλήσιόν
945 1220 977 1261 τι
1011 1209 1123 1262 ποιεῖν
1156 1219 1214 1279 μοι
1244 1197 1336 1261 δοκεῖ
1364 1208 1436 1272 τοῖς
1466 1186 1520 1259 διά

213 1289 346 1380 πολλὴν
367 1289 432 1379 τὴν
453 1287 539 1376 πρὸς
555 1291 779 1378 Χριστιανούς
800 1287 985 1379 άπέχθειαν
1007 1295 1309 1380 διαβεβαιουμένοις
1330 1290 1417 1378 πρὸς
1439 1287 1519 1370 τούς

212 1393 372 1478 μηδαμῶς
405 1385 539 1472 εἰδότας
569 1390 612 1461 τά
645 1397 875 1478 Χριστιανῶν,
907 1383 962 1462 ότι
997 1385 1063 1478 άρα
1093 1397 1136 1478 τῇ
1165 1397 1264 1481 πείρᾳ
1295 1383 1519 1478 κατειλήφασι

214 1489 439 1577 Χριστιανούς
470 1493 650 1573 ἐσθίοντας
683 1489 808 1576 σάρκας
838 1492 987 1560 παιδίων
1020 1498 1076 1558 καὶ
1105 1495 1209 1580 μίξεσι
1240 1509 1314 1572 ταῖς
1341 1488 1428 1577 πρὸς
1458 1486 1519 1569 τάς

162 1597 196 1654 10
212 1583 292 1677 παρ’
316 1584 431 1670 αὐτοῖς
461 1607 623 1677 γυναῖκας
654 1585 777 1678 άνέδην
805 1593 1009 1677 χρωμένους.
1055 1586 1103 1671 ῶς
1133 1587 1196 1678 γάρ
1222 1594 1329 1658 ταῦτα
1356 1584 1519 1678 λεγόμενα

212 1682 278 1776 ἤδη
300 1693 355 1757 καί
377 1683 445 1758 ύπό
468 1693 543 1759 τῶν
564 1694 709 1760 πολλῶν
729 1695 785 1758 καὶ
805 1687 920 1774 πάντῃ
942 1683 1137 1776 άλλοτρίων
1158 1693 1220 1776 τῆς
1240 1684 1320 1758 καθ’
1337 1683 1422 1776 ἡμᾶς
1443 1696 1519 1757 θεο-

213 1793 338 1875 σεβείας
368 1786 659 1874 καταχινῶσκεται
694 1784 742 1870 ῶς
776 1792 1027 1874 κατεψευσμένα
1059 1793 1290 1874 Χριστιανῶν,
1322 1781 1437 1868 οὕτως
1467 1781 1519 1855 εύ-

213 1892 328 1974 ρεθείη
360 1880 403 1957 άν
432 1892 488 1956 καὶ
518 1885 561 1957 τά
592 1892 736 1959 τοιαῦτα
766 1893 818 1976 τῷ
843 1892 960 1976 Κέλσῳ
986 1891 1264 1972 κατεψευσμένας
1290 1891 1460 1975 εἰρημένα,
1483 1889 1520 1955 ἐν

214 1985 264 2066 οἰς
295 1987 420 2074 ἔφησεν
455 1985 675 2071 ἑωρακέναι
705 1983 810 2074 παρά
845 2007 923 2056 τισι
953 1991 1241 2074 πρεσβυτέροις
1272 1993 1333 2075 τῆς
1360 1981 1521 2074 ἡμετέρας

163 2103 196 2156 15
215 2081 312 2174 δόξης
328 2083 571 2173 τυγχάνουσι
592 2093 725 2174 βιβλία
741 2084 933 2175 βάρβαρα,
955 2083 1162 2174 δαιμόνων
1180 2079 1359 2172 ὀνόματα
1377 2085 1521 2171 ἔχοντα

213 2190 277 2254 καὶ
305 2191 526 2272 τερατείας·
554 2192 611 2256 καί
637 2186 761 2272 ἔφασκε
788 2181 960 2268 τούτους
982 2183 1076 2272 (τούς
1098 2189 1203 2272 δῆθεν
1224 2187 1522 2274 πρεσβυτέρους

214 2290 275 2373 τῆς
302 2280 463 2372 ἡμετέρας
490 2279 601 2372 δόξης)
633 2280 748 2355 οὐδέν
779 2289 849 2371 μὲν
873 2283 1048 2372 χρηστόν
1073 2280 1360 2371 ύπισχνεῖσθαι
1390 2279 1522 2354 πάντα

214 2380 247 2454 δ’
270 2379 329 2454 ἐπ’
352 2377 588 2470 άνθρῶπων
609 2379 783 2467 βλάβαις.
818 2388 874 2452 καί
896 2387 969 2454 εἰθε
990 2380 1105 2453 πάντα
1128 2380 1171 2452 τά
1193 2379 1260 2453 άπὸ
1282 2389 1414 2453 Κέλσου
1434 2382 1521 2454 κατὰ

215 2486 434 2568 Χριστιανῶν
461 2477 624 2571 λεγόμενα
646 2488 789 2554 τοιαῦτα
811 2472 863 2570 ἦν,
892 2478 934 2552 ἵν’
956 2479 1024 2553 ύπό
1048 2489 1121 2552 τῶν
1141 2487 1315 2553 πλείστων
1337 2486 1522 2572 ἐλέγχηται,

163 2597 197 2653 20
213 2587 313 2673 πείρᾳ
342 2577 613 2666 καταλαβόντων
640 2580 682 2652 τά
710 2587 852 2652 τοιαῦτα
878 2583 963 2652 εἶναι
990 2587 1099 2670 ψευδῆ
1122 2585 1159 2652 ἐκ
1181 2587 1245 2652 τοῦ
1265 2588 1321 2651 καί
1344 2589 1523 2671 συμβεβιω-

213 2685 308 2752 κέναι
325 2686 544 2768 Χριστιανῶν
566 2699 640 2764 τοῖς
660 2691 832 2766 πλείστοις
853 2688 908 2753 καί
929 2685 1032 2772 μηδὲν
1054 2687 1194 2751 τοιοῦτο
1216 2687 1292 2770 περὶ
1315 2677 1431 2752 αύτῶν
1448 2677 1522 2770 μηδ’

215 2775 403 2869 άιιηκοέναι.

298 2900 377 2966 XLI.
413 2893 509 2966 Μετὰ
536 2902 645 2966 ταῦτα
671 2894 816 2985 ῶσπερεὶ
843 2891 1091 2984 ἐπιλαθόμενος
1118 2923 1174 2966 οτι
1195 2894 1282 2966 κατά
1305 2903 1523 2984 Χριστιανῶν

217 2991 311 3085 αύτῷ
334 2996 515 3084 πρόκειται
538 2992 681 3084 γράφειν
701 3005 782 3086 φησί
805 2991 1019 3067 Διονύσιόν
1045 3022 1135 3064 τινα
1157 2995 1352 3084 μουσικόν
1374 2993 1521 3084 Αἰγύπ-

166 3112 199 3166 25
217 3122 308 3165 τιον
339 3091 635 3183 συγγενόμενον
665 3092 758 3183 αύτῷ
790 3099 989 3184 εἰρηκέναι
1019 3101 1109 3183 περί
1131 3102 1214 3166 τῶν
1235 3093 1336 3166 κατά
1360 3094 1433 3184 τὴν
1454 3124 1521 3180 μα-

216 3201 326 3282 γείαν
362 3188 428 3266 ότι
463 3191 564 3282 πρὸς
600 3189 865 3276 ἀπαιδεύτους
894 3200 966 3280 μὲν
998 3190 1096 3282 αύτίγ
1131 3192 1300 3266 δύναται
1328 3201 1391 3264 καί
1421 3194 1522 3283 πρὸς

216 3298 517 3382 διαφθαρέντας
548 3290 595 3363 τὰ
626 3288 719 3380 ἤθη,
750 3289 849 3380 πρὸς
881 3299 921 3363 δὲ
953 3292 1047 3376 τοὺς
1074 3291 1437 3383 φιλοσοφήσαντας
1459 3292 1521 3365 ού-

216 3398 281 3463 δὲν
311 3395 375 3464 οίά
405 3419 447 3464 τε
478 3395 589 3462 ἐστίν
620 3395 813 3490 ἐνεργεῖν,
845 3384 914 3462 άτε
945 3397 1015 3481 τῆς
1040 3387 1217 3481 ὑγιεινῆς
1244 3399 1402 3480 διαίτης
1424 3422 1520 3481 προ·

215 3498 496 3582 νοησαμένους.
539 3496 568 3562 εἰ
594 3496 655 3580 μὲν
683 3491 746 3561 ούν
768 3496 948 3578 προέκειτο
975 3497 1051 3578 περὶ
1076 3498 1241 3580 μαγείας
1267 3499 1329 3562 νῦν
1352 3488 1430 3582 ἡμῖν
1454 3499 1521 3563 δια-

164 3606 198 3662 30
215 3600 338 3676 λαβεῖν,
367 3586 432 3662 κάν
460 3587 719 3680 προσεθήκαμεν
750 3594 806 3677 [ἐν]
838 3589 889 3673 οἰς
921 3585 1087 3679 ἀνωτέρω
1113 3599 1188 3679 περὶ
1214 3589 1319 3681 αὐτῆς
1346 3589 1522 3682 εἰρήκαμεν

299 3763 319 3818 9
337 3761 400 3830 Vgl.
413 3761 485 3816 oben
497 3761 588 3825 11127,
602 3760 627 3815 S.
639 3759 672 3814 91
690 3759 716 3814 Z.
729 3759 771 3815 24.
788 3788 823 3798 -
841 3758 956 3829 14vg1.
975 3759 1071 3814 Kaiser
1087 3760 1210 3815 Hadrian
1228 3779 1264 3815 an
1283 3760 1395 3816 Servian
1415 3762 1521 3833 (βρῶμά.

214 3844 277 3899 hist.
296 3848 374 3914 Aug..
395 3844 509 3915 Vopisc„
529 3843 637 3899 θείοιο.
650 3844 714 3914 Cap.
727 3843 792 3898 VIII
809 3844 834 3900 2.
852 3845 886 3912 3).
909 3845 1043 3912 Ιτειιιιειιε,
1059 3845 1129 3899 Adv.
1141 3846 1216 3902 haer.
1228 3845 1240 3898 Ι
1254 3848 1293 3910 14,
1306 3849 1329 3901 2.
1349 3849 1389 3912 19,
1402 3850 1425 3903 3.
1444 3849 1485 3916 20,
1497 3850 1521 3904 2.

214 3959 248 3968 -
264 3929 305 3984 39
323 3929 386 3999 Vgl.
405 3929 477 3983 oben
495 3930 520 3982 11
538 3931 580 3983 51.
603 3930 642 3984 IV
660 3929 693 3984 33
711 3929 800 3984 Mitte.
826 3929 916 3983 11132
935 3929 1020 3984 Mitte.

301 4080 316 4134 1
336 4073 461 4144 κτύπους
478 4078 608 4149 ABASp.
626 4073 766 4144 ἐκτύπους
783 4079 842 4134 Del.
860 4072 967 4145 τύπους
984 4080 1047 4134 Ιὶεεί
1064 4081 1113 4136 Βο.
1130 4079 1228 4147 (Notae
1245 4096 1272 4150 p.
1290 4081 1350 4147 396)
1365 4081 1370 4149 1
1390 4075 1523 4150 ἐσθήτων

215 4164 339 4219 schreibe
357 4164 402 4217 ioh
421 4164 472 4217 mit
490 4164 537 4218 Bo.
556 4163 654 4231 (Notae
671 4183 696 4236 p.
715 4166 787 4233 396),
807 4165 869 4219 dem
887 4163 946 4220 Del.
965 4163 1054 4234 (1661
1073 4168 1154 4220 Anm.
1172 4165 1202 4234 g)
1219 4164 1302 4233 folgt5
1325 4157 1481 4233 οἰισθητῶν,
1502 4157 1520 4218 ά

215 4248 244 4302 in
263 4248 420 4314 Conantur,
438 4250 463 4303 A
482 4245 630 4317 αἰσθητῶν
647 4252 750 4317 Ausgg.
774 4251 779 4316 1
803 4249 821 4304 3
844 4244 1034 4317 κατειλήφασι
1060 4248 1184 4304 εαίιτείλιο
1208 4248 1254 4304 ich
1280 4249 1333 4302 mit
1358 4249 1407 4305 Βο.
1425 4248 1523 4318 (Notae

215 4351 241 4404 p.
254 4333 323 4402 396),
342 4333 397 4402 vgl.
410 4336 495 4386 ναίετε
513 4333 539 4388 Ζ.
552 4335 597 4396 2Ο;
616 4334 768 4402 κατείληφε
788 4335 918 4402 AAusgg.
935 4335 939 4400 Ι
954 4333 974 4388 9
992 4333 1093 4403 μίξεσι]
1112 4334 1123 4386 ἰ
1139 4333 1190 4386 auf
1204 4333 1292 4387 Rasur
1308 4335 1333 4386 A
1348 4335 1352 4401 Ι
1367 4335 1405 4388 19
1422 4334 1522 4403 ταῦτα]

216 4403 253 4472 αύ
268 4410 305 4472 τά
323 4419 459 4472 νετωαίεί
476 4419 523 4471 Βο.
544 4417 642 4484 (Notae
659 4435 685 4487 p.
698 4419 758 4485 396)
776 4417 914 4487 unrichtig
934 4419 938 4486 Ι
957 4418 994 4472 12
1016 4407 1282 4488 καταγιγνώσκεται
1301 4418 1439 4488 MAusgg.
1459 4421 1463 4486 Ι
1483 4419 1523 4474 23

216 4493 576 4573 ῶσπεριεπιλαθόμενοςΑ
592 4504 596 4569 1
613 4502 651 4558 28
672 4497 721 4556 σία
739 4519 789 4555 aus
807 4495 855 4558 σία
873 4519 940 4559 corr.
958 4504 984 4554 A
998 4504 1002 4571 Ι
1018 4502 1059 4558 39
1076 4497 1303 4572 πρασεθήκαμεν
1320 4502 1523 4572 M⁰⁰¹¹·Ausgg.

215 4581 422 4655 προεθὴκαμεν
443 4590 469 4641 A
493 4589 496 4654 Ι
520 4584 569 4656 [ἐν]
593 4586 665 4640 wohl
687 4604 736 4640 aus
759 4587 821 4641 dem
843 4586 952 4640 Schluss
975 4587 1023 4640 des
1047 4586 1288 4654 vorhergehenden
1307 4587 1415 4642 Wortes
1437 4587 1523 4642 durch

214 4669 409 4740 Dittographie
429 4673 602 4736 εοίειευδεα,
621 4687 674 4725 von
693 4671 745 4724 mir
762 4673 814 4726 mit
832 4672 879 4725 Bo.
892 4671 989 4738 (Notae
1007 4687 1031 4741 p.
1045 4671 1105 4738 396)
1123 4671 1359 4740 eingeklammert,
1378 4681 1411 4732 <
1429 4672 1488 4729 Del.
