3772 5526
643 504 743 560 ΚΑΤΑ
766 505 925 562 ΚΕΔΣΟΥ
949 509 973 566 V
997 507 1038 562 19.
1055 506 1097 562 26.
1484 505 1522 565 21

219 661 333 752 σκήνει
363 664 669 751 ,,ἐπενδύσασθαι,“
700 663 742 738 ἵν’
773 672 810 739 ἐκ
840 676 903 741 τού
933 665 1220 754 ,ἐπενδύσασθαδ
1249 667 1453 748 ,καταποθῇ
1482 658 1522 730 τὸ

220 761 352 851 θνθῖὸν
381 761 448 835 14πό
478 771 539 856 τῆς
568 774 736 857 ζωῆς.“,
739 773 800 852 ,δεῖ
819 769 900 858 γδρίί
923 776 973 858 τῷ
1001 774 1113 840 πᾶσαν
1135 763 1235 853 φύσιν
1261 761 1419 848 σώματος
1440 760 1524 829 εἶναι

220 862 417 951 φθαρτὴν
419 862 471 947 ,τὸ
495 865 656 954 φθαρτὸν
676 873 804 938 τούτοα
826 875 982 958 σκῆνος,
985 865 1195 952 ,ἐνδύσασθαι
1222 858 1447 950 διφθαρσίανέί
1468 864 1523 929 καὶ

221 959 262 1032 τὸ
293 963 408 1050 ἕτερον
436 960 556 1050 αύτοῦ,
586 963 754 1055 τυγχάνον
783 966 957 1057 ,θνητὸν“
979 973 1034 1036 καὶ
1063 962 1219 1038 δεκτικὸν
1246 967 1309 1033 τοῦ
1338 965 1523 1032 ἐπακολου-

187 1067 373 1145 δθοῦντος
395 1069 447 1152 τῶ
470 1059 676 1154 ῶμαρτυίνειν
697 1065 867 1152 θανάτου,
890 1065 1111 1153 ,ἐνδύσασθαι
1138 1061 1358 1136 66avaolav“·
1391 1055 1443 1143 ί”,ν
1467 1051 1524 1129 ὅτε

220 1157 282 1243 ,αδ
306 1163 516 1248 φθαρτὸνίί,
519 1163 702 1249 ἐνδύσεται
732 1166 797 1256 τήν
826 1125 1022 1256 ἀφθαρσίαν
1050 1172 1106 1235 καὶ
1135 1165 1176 1236 τό
1204 1161 1337 1251 θνητὸν
1359 1157 1423 1247 τὴν
1442 1152 1525 1227 δθα·

220 1267 348 1344 νασίαν,
376 1262 455 1333 τότε
481 1261 675 1354 γενήσεται“
702 1267 743 1339 τὸ
769 1264 925 1338 πύλαι
905 1265 972 1338 υπὸ
1003 1273 1076 1338 τῶν
1102 1268 1302 1383 προίφητῶν
1327 1261 1522 1345 πθθὲιθθθί·
1544 1269 1596 1326 592

137 1372 204 1426 123r
222 1388 292 1444 νον,
313 1367 316 1445 ί
341 1356 507 1450 ἀναίρεσις
534 1369 596 1452 τῆς
617 1371 716 1490 νίκης
743 1373 806 1438 τοῦ
833 1363 1001 1450 θανάτου,
1028 1361 1118 1434 καθὸ
1144 1358 1283 1451 νικήσας
1304 1354 1389 1478 ήμής
1412 1357 1522 1443 ἑαυτοῦ

220 1456 373 1544 ὑπέταξε,
400 1467 455 1531 καί
482 1468 546 1534 τοῦ
569 1457 627 1533 ἀπ’
645 1461 752 1536 αύτού
752 1456 976 1588 κέντρου,
951 1495 979 1534 ω
1002 1470 1135 1535 κεντῶν
1164 1460 1228 1551 τήν
1256 1453 1297 1530 ού
1324 1454 1438 1542 πάντη
1466 1481 1523 1525 πε·

170 1575 203 1630 10
221 1566 413 1650 φραγμένηυ
435 1561 547 1650 ψυχήν
568 1561 761 1651 ἐμποιεῖ
719 1573 804 1652 αυτῆ
827 1565 869 1636 τὰ
887 1561 955 1636 ἇπδ
977 1569 1037 1653 τῆς
1059 1559 1222 1652 ἁμαρτίας
1244 1556 1426 1648 τραύματα.

303 1663 369 1727 XX.
404 1655 488 1730 Αλλ’
512 1665 584 1731 ἐπεὶ
613 1661 656 1733 τὰ
684 1660 790 1752 μὲν“
770 1670 913 1753 ημέτερα
932 1671 1009 1752 περὶ
1031 1659 1260 1742 ἀναστάσεως,
1287 1655 1335 1740 ῶς
1357 1653 1522 1743 ἐνεχώρει,

220 1753 288 1827 ἀπὸ
321 1764 384 1827 τοῦ
412 1764 534 1848 μέρους
564 1766 619 1833 ἐπὶ
651 1769 714 1832 τοῦ
739 1760 911 1851 παρόντος
933 1769 1085 1834 λέλεκται
1106 1765 1340 1848 (συντέτακται
1362 1753 1424 1874 γὰρ
1445 1747 1523 1842 ήμῑν

220 1861 294 1943 περὶ
325 1853 541 1942 ἀναστάσεως
571 1865 607 1930 ἐν
633 1857 762 1980 ἄλλοις,
793 1867 848 1932 ἐπὶ
875 1874 994 1933 πλεῖον
1016 1857 1187 1980 ἐξετήσασι
1208 1855 1251 1928 τὰ
1273 1853 1361 1926 κατὰ
1383 1852 1446 1924 τὸν
1468 1847 1524 1922 τό·

220 1961 310 2043 πον),
338 1955 381 2026 τὰ
409 1963 445 2027 δὲ
471 1965 535 2029 τοῦ
561 1965 691 2029 Κέλσου
717 1966 779 2031 νῦν
804 1959 867 2049 χρή
893 1959 980 2031 κατὰ
1008 1957 1048 2030 τὸ
1075 1954 1217 2046 εύλογον
1238 1960 1415 2037 διαλαβεῖν
1442 1948 1525 2040 μήτε

172 2070 204 2122 15
223 2052 409 2143 νοήσαντος
436 2055 477 2128 τό
504 2053 584 2146 παρ’
607 2053 685 2147 ἡμῖν
713 2065 939 2150 γεγραμμένον
960 2055 1045 2149 μήτε
1065 2074 1177 2146 κρίναι
1200 2046 1425 2141 δυναμένου
1407 2043 1462 2122 ὃτι
1484 2045 1526 2120 σύ

221 2157 273 2224 δεῖ
301 2152 342 2224 τὸ
372 2153 523 2246 βούλημα
553 2165 626 2229 τῶν
652 2165 773 2245 σοφῶν
799 2162 937 2230 ἐκείνων
959 2156 1097 2246 ἄνδρῶν
1118 2161 1265 2244 νομίζειν
1285 2148 1525 2241 πρεσβεύεσθαι

221 2249 288 2324 ύπὸ
326 2261 399 2325 τῶν
434 2266 555 2327 πλεῖον
590 2264 736 2342 πίστεως
771 2263 874 2348 μηδὲν
909 2260 1209 2347 ἐπαγγελλομένων
1245 2256 1306 2340 τῆς
1340 2246 1427 2338 πρὸς
1463 2275 1526 2318 τον

223 2359 440 2440 Χριστιανῶν
470 2351 590 2444 λόγον·
619 2363 701 2446 φέρε
729 2356 995 2446 παραστήσωμεν
1027 2348 1079 2427 ότι
1111 2348 1270 2439 ἀνδράσιν
1300 2343 1360 2420 ούκ
1389 2343 1526 2418 εύκατα-

222 2450 408 2541 φρονήτσις
428 2459 490 2542 τῆς
511 2461 648 2546 λογικῆς
675 2458 787 2528 ἕνεκεν
808 2463 957 2544 θεωρίας
977 2461 1033 2525 καὶ
1051 2461 1125 2525 τῶν
1145 2455 1365 2523 διαλεκτικῶν
1386 2443 1525 2536 σκεμμοί-

170 2566 204 2620 20
221 2579 295 2621 των
320 2547 451 2640 σφόδρα
480 2549 739 2644 δπεμφαίνοντα
770 2562 932 2628 λέλεκται.
974 2563 1031 2625 καὶ
1058 2559 1086 2624 εί
1111 2551 1174 2642 χρὴ
1202 2544 1427 2640 μυχθίζειν
1399 2577 1446 2629 ως
1469 2575 1525 2617 τα-

220 2650 357 2732 πεινούς
392 2659 449 2722 καὶ
484 2654 646 2740 γραώδεις
677 2652 811 2770 λόγους,
849 2661 995 2738 ἐκείνους
1029 2659 1160 2743 μᾶλλον
1188 2648 1250 2739 χρὴ
1280 2642 1301 2735 ἦ
1333 2646 1413 2730 τοὺς
1449 2643 1525 2736 ἦμε-

221 2754 347 2838 τέρους.

305 2857 387 2936 φασὶ
414 2851 454 2941 δή
481 2850 559 2924 σί
538 2855 607 2927 απὸ
634 2859 695 2943 τής
717 2861 831 2938 Στοᾶς
852 2853 938 2926 κατὰ
961 2859 1120 2942 περίοδον
1143 2848 1334 2939 ἐκπύρωσιν
1356 2855 1420 2920 τοῦ
1440 2877 1526 2920 παν-

222 2945 281 3032 τὸς
304 2958 455 3038 γίνεσθαι
477 2958 532 3022 καὶ
554 2951 629 3042 ἑξῆς
647 2949 733 3042 αύτή
755 2949 982 3044 διακόσμησιν,
1004 2946 1104 3023 πάντ’
1121 2945 1367 3036 οίπαρόλλακτα
1386 2951 1526 3036 έχουσαν

169 3045 250 3116 25‘
221 3079 270 3131 ως
300 3049 386 3139 πρὸς
417 3049 482 3139 τήν
512 3057 686 3140 προτέραν
712 3052 939 3142 διακόσμησιν.
982 3047 1111 3124 66016'
1134 3047 1250 3122 αύτῶν
1272 3045 1464 3137 ήδέσθησαν
1485 3045 1525 3118 τὸ

221 3144 341 3237 δόγμα,
370 3145 489 3238 ὀλίγην
521 3147 668 3239 εἰρήκασι
697 3152 939 3274 παραλλαγήν
947 3160 1002 3222 καὶ
1033 3147 1165 3239 σφόδρα
1195 3158 1395 3237 βραχεῖανγ
1396 3155 1526 3217 ίνεσθαι

220 3246 307 3318 κατὰ
329 3253 489 3335 περίοδον
510 3267 584 3332 τοῖς
605 3252 660 3320 ἐπὶ
682 3257 744 3341 τής
765 3249 833 3341 πρό
855 3248 958 3340 αύτῆς
976 3246 1145 3339 περιόδου
1184 3239 1338 3320 οὖτοιδ
1354 3251 1386 3317 οί
1408 3241 1527 3365 ἄνδρες

221 3353 301 3433 φασὶ
333 3355 376 3435 τή
407 3349 480 3437 ἑξῆς
510 3345 658 3438 περιόδῳ
690 3356 831 3421 τοιαῦτα
862 3353 1005 3434 ἔσεσθαι,
1038 3355 1095 3419 καὶ
1116 3344 1310 3436 Σωκράτην
1336 3374 1397 3435 μεν
1421 3342 1526 3416 πόλιν

222 3453 471 3534 Σωφρονίσκου
492 3447 566 3518 υἱὸν
588 3455 643 3518 καὶ
662 3444 842 3538 Ἀθηναῖον
865 3452 1008 3533 ἔσεσθαι,
1030 3453 1086 3519 καί
1109 3447 1173 3537 τήν
1191 3452 1403 3535 Φαιναρέτην
1424 3471 1525 3533 γημα-

306 3639 407 3710 2131.
425 3643 438 3694 1
456 3641 519 3697 Kor.
539 3645 580 3707 15,
597 3645 638 3698 53.
657 3673 690 3682 -
709 3644 728 3698 6
749 3641 808 3711 Vgl.
827 3643 839 3695 I
857 3643 920 3696 Xor.
940 3645 980 3710 15,
998 3645 1039 3700 54.
1058 3671 1091 3681 -
1112 3643 1126 3698 7
1147 3642 1209 3711 vgl.
1229 3641 1293 3696 Hos.
1308 3641 1348 3706 13,
1366 3643 1406 3694 14.
1430 3639 1524 3693 IKor.

221 3728 261 3793 16,
282 3728 391 3783 54-56.
414 3757 445 3766 -
469 3726 509 3782 28
536 3725 598 3796 vgl.
616 3727 753 3796 Diogenes
775 3727 863 3782 Lazsrt.
883 3725 976 3792 VIII,
996 3726 1206 3782 137.138.141.
1235 3724 1268 3778 Η.
1291 3725 1378 3788 Diels,
1406 3723 1525 3791 Doxogr.

220 3829 261 3880 gr.
283 3829 308 3881 p.
327 3812 411 3878 3311,
429 3812 511 3879 16εσ.
540 3813 623 3874 4688,
641 3811 726 3880 8sqq.
755 3813 814 3876 463,
833 3813 866 3867 12
875 3828 932 3880 sqq.
962 3812 1025 3878 476,
1043 3815 1128 3880 5eqq.
1156 3810 1320 3877 558,18εο.
1344 3811 1406 3873 571,
1424 3809 1525 3876 20sqq.

220 3926 254 3934 —
280 3895 319 3952 28
342 3896 404 3966 Vgl.
422 3895 534 3962 Tutiam,
554 3899 622 3951 orat.
645 3896 680 3950 ad
703 3897 797 3952 Graec.
818 3897 882 3968 Cap.
900 3897 939 3951 111
957 3896 1020 3964 (vol.
1040 3895 1078 3949 VI
1099 3913 1125 3966 p.
1144 3895 1184 3949 12.
1203 3897 1236 3948 14
1253 3893 1295 3948 ed.
1314 3892 1387 3956 Otto,
1405 3910 1430 3964 p.
1448 3893 1465 3948 3
1483 3892 1524 3948 εδ.

220 3979 369 4051 Schwartz)
387 3999 413 4036 u.
431 3981 503 4036 oben
520 3981 557 4034 IV
575 3984 616 4038 67.
636 3983 677 4038 68.

290 4159 307 4212 l
332 4154 543 4213 ἐπενδύσασθαι
566 4157 666 4225 (hinter
685 4153 800 4227 σκήνεή]
819 4157 905 4212 Rasur
925 4156 994 4211 fiber
1011 4173 1025 4210 ε
1042 4157 1067 4208 A
1091 4155 1095 4223 Ι
1119 4147 1266 4221 Ὴφύσιν
1283 4169 1329 4206 am
1346 4151 1427 4206 Rand
1444 4153 1526 4206 nach·

222 4245 354 4313 gebragen
372 4243 406 4296 A¹
424 4244 428 4311 Ι
444 4242 463 4297 6
481 4237 625 4298 ἐνδύσεται
644 4241 743 4311 HASp.
762 4259 807 4294 am
825 4241 913 4308 Rand,
930 4241 989 4295 Del.
1002 4240 1041 4292 im
1057 4238 1137 4302 Τοῖα
1156 4231 1304 4305 ἐνδύσηται
1322 4239 1347 4290 A
1362 4237 1366 4304 Ι
1381 4237 1395 4292 7
1413 4231 1525 4306 γενήσε-

222 4343 270 4381 ται
286 4329 311 4380 A
329 4322 481 4396 γενήσηται
503 4325 603 4396 Ηδθρ.
621 4343 666 4379 am
684 4324 777 4392 Rand,
801 4325 859 4379 Del.
878 4325 916 4378 im
935 4324 1004 4379 Text
1028 4325 1032 4390 Ι
1057 4323 1075 4378 8
1101 4321 1194 4376 hinter
1212 4314 1290 4376 καθδ
1308 4321 1396 4375 Βεειιτ
1413 4321 1438 4373 A
1458 4323 1462 4389 Ι
1482 4340 1526 4390 νη·

221 4404 313 4479 κήσας
330 4412 354 4462 A
374 4414 378 4478 1
401 4411 439 4466 13
457 4405 510 4466 τδν
527 4422 557 4467 <
577 4410 635 4466 Del.
658 4411 663 4478 1
689 4409 728 4465 14
755 4411 899 4481 διαλαβεῖν
921 4408 1045 4463 schreibe
1067 4406 1110 4460 ich
1128 4405 1199 4459 nach
1218 4405 1267 4460 der
1284 4405 1456 4476 ‘Vermutung
1473 4423 1527 4461 von

222 4495 281 4548 Del.
299 4496 321 4563 (1
339 4497 389 4550 592
406 4495 487 4549 Anm.
506 4497 540 4562 ο),
563 4495 708 4563 διαβαλεῖν
724 4493 855 4562 AAusgg.
875 4495 879 4563 Ι
901 4493 939 4550 15
957 4489 1276 4563 xplvacAAusgg.118
1294 4486 1527 4562 παραστήσωμεν

222 4579 356 4648 MAusgg.
374 4573 602 4650 παραστήσομεν
619 4581 643 4632 A
668 4583 672 4646 Ι
695 4577 735 4633 20
758 4573 872 4648 σφόδρα
890 4580 915 4632 A
933 4569 1037 4648 σφόδρ’
1053 4576 1189 4646 MAusgg.
1206 4577 1209 4643 Ι
1226 4575 1265 4630 84
1287 4570 1380 4646 πάντ’]
1398 4575 1489 4630 hinter
1511 4594 1527 4629 ν

222 4663 284 4716 sind
303 4665 368 4718 1-2
386 4664 495 4718 BuchsA
514 4663 665 4717 austadiert
682 4666 707 4716 A
722 4663 727 4731 ί
743 4657 953 4734 απαροίλλακτα
971 4661 1018 4732 [ευ]
1037 4664 1069 4716 A.
