3790 5526
357 474 415 539 128
897 467 1119 524 οειοταοιε

354 635 456 719 δοχῆς
477 635 553 702 τῶν
573 636 764 720 λεγομένων
784 629 853 703 ύπό
874 636 937 702 τοῦ
959 638 1189 714 πείθοντος.
1225 633 1279 702 διὰ
1302 636 1408 702 τοῦτο
1431 627 1473 702 ού
1499 629 1593 719 παρὰ
1619 627 1660 702 τό

353 729 589 822 μὴδύνασθαι
622 730 696 803 τόν
716 730 816 803 θεόν
845 739 1006 801 πείθειν
1035 736 1176 801 λεκτέον
1206 733 1289 812 τούς
1317 729 1362 820 μή
1389 735 1662 816 πειθομένους

353 832 398 920 μή
421 839 652 914 πείθεσθαι,
674 827 760 901 ἀλλά
777 831 869 919 παρὰ
891 829 933 902 τὸ
954 833 1101 912 ἐκείνους
1121 829 1167 920 μή
1190 836 1344 918 δέχεσθαι
1366 830 1449 912 τούς
1469 828 1661 912 πειστικοῦς

354 929 476 1020 λόγους
498 935 572 1000 τοῦ
594 935 702 1001 θεοῦ.

319 1043 336 1097 5
438 1036 545 1102 τοῦτο
569 1034 681 1100 δὲκαὶ
703 1026 755 1101 ἐπ’
777 1026 979 1119 ἀνθρώπων
1005 1035 1117 1119 λέγων
1141 1059 1203 1112 τις,
1231 1023 1492 1118 ὀνομαζομένων
1517 1034 1662 1112 πειθοῦς

269 1135 336 1191 158v
355 1137 578 1221 δημωυργῶν,
594 1125 655 1199 ούκ
671 1123 714 1200 ἀν
729 1124 885 1218 ἁμάρτοι·
902 1127 1066 1216 Ιδυνατόν
1081 1128 1214 1216 γὰρκαὶ
1229 1130 1294 1200 τὸν
1308 1124 1420 1216 ἄκρως
1429 1126 1662 1217 κατειληφότα

355 1230 399 1303 τὰ
419 1237 481 1320 τῆς
503 1231 685 1318 ῥητορικῆς
706 1226 914 1318 θεωρήματα
940 1236 997 1298 καὶ
1023 1224 1172 1310 δεόντως
1201 1223 1320 1310 αύτοῖς
1344 1228 1520 1317 χριόμενον
1547 1226 1662 1298 πάντα

352 1336 414 1420 μέν
434 1347 546 1400 ποιεῖν
567 1329 655 1416 πρὸς
677 1327 717 1399 τό
740 1336 917 1413 πείθειν,
940 1326 985 1416 μή
1000 1329 1215 1416 τυγχάνοντα
1228 1332 1264 1397 δὲ
1280 1333 1340 1414 τῆς
1354 1333 1582 1416 προαιρέσεως
1597 1331 1661 1397 τοῦ

354 1426 559 1517 ὀφείλοντος
579 1433 797 1498 πείθεσθαι
818 1431 931 1498 δοκεῖν
951 1426 996 1515 μή
1018 1434 1188 1496 πείθειν.
1225 1421 1279 1498 ότι
1306 1433 1351 1510 δὲ,
1377 1420 1442 1497 κάν
1469 1426 1510 1498 τὸ
1536 1450 1661 1497 πειστι-

303 1548 337 1602 10
354 1528 437 1611 κούς
458 1535 616 1617 λέγεσθαι
638 1525 760 1614 λόγους
782 1523 851 1598 ἀπὸ
868 1531 966 1597 θεοῦ
982 1527 1126 1614 ἔρχηται,
1147 1523 1189 1598 τύ
1204 1554 1240 1614 γε
1255 1534 1471 1597 πείθεσθαι
1494 1523 1556 1596 ούκ
1571 1531 1662 1599 ἔστιν

353 1626 422 1700 ἀπὸ
444 1633 559 1712 θεοῦ,
589 1632 708 1713 σαφῶς
735 1621 753 1696 ὁ
780 1631 914 1708 Παῦλος
941 1623 1086 1696 διδάσκει
1117 1631 1238 1714 λέγων·
1269 1621 1311 1714 ..ἡ
1342 1627 1505 1715 πεισμονὴ
1533 1622 1597 1696 ούκ
1625 1631 1662 1697 ἐκ

355 1734 419 1800 τοῦ
439 1735 444 1814 Ι
462 1732 654 1809 καλοῦντος
680 1721 792 1814 ύμῦς.“
828 1721 991 1796 τοιοῦτόν
1013 1728 1082 1794 ἐστι
1103 1731 1159 1795 καὶ
1181 1723 1222 1796 τό
1251 1723 1331 1810 ,ἐὰν
1351 1731 1477 1812 θέλητε
1497 1733 1554 1796 καὶ
1576 1728 1661 1796 είσα-
1682 1741 1733 1794 677

353 1826 499 1916 κούσητέ
522 1855 597 1916 μου,
625 1826 669 1896 τὰ
695 1821 808 1913 ἀγαθὰ
834 1830 895 1912 τῆς
922 1831 981 1914 γῆς
1008 1822 1171 1914 φύγεσθε·
1201 1825 1261 1895 ἐὰν
1292 1829 1327 1894 δέ
1357 1823 1402 1914 μή
1429 1832 1553 1912 θέλητε
1579 1831 1662 1914 μηδὲ

354 1923 574 2015 είσακούσητέ
593 1954 667 2015 μου,
689 1922 833 2014 μάχαιρα
859 1921 943 2012 ύμᾶς
968 1930 1175 1996 κατέδεται.“
1218 1927 1273 1994 ἵνα
1299 1924 1362 2012 γάρ
1388 1953 1440 2006 τις
1465 1932 1552 2011 θέλῃ
1577 1917 1662 2010 ῦπερ

303 2044 336 2098 15
354 2031 442 2115 λέγει
465 2021 484 2096 ὁ
507 2031 719 2112 νουθετῶν
740 2030 796 2095 καὶ
823 2021 1017 2106 εἰσακούσας
1043 2019 1160 2093 αύτῶν
1191 2020 1285 2110 ἄξιος
1314 2030 1452 2112 γένηται
1482 2029 1557 2094 τῶν
1588 2029 1661 2094 τοῦ

354 2132 453 2198 θεοῦ
472 2130 690 2212 ἐπαγγελιῶν,
713 2131 775 2213 τῆς
794 2128 1021 2212 προαιρέσεως
1043 2127 1106 2192 τοῦ
1129 2119 1318 2205 ἀκούοντος
1344 2127 1395 2192 δεῖ
1417 2131 1472 2193 καὶ
1495 2129 1555 2212 τῆς
1575 2125 1662 2210 πρὸς

355 2225 398 2296 τὰ
423 2223 586 2315 λεγόμενα
608 2223 817 2305 έπινεύσεως.
850 2221 967 2310 διόπερ
988 2225 1026 2293 ἐν
1041 2229 1294 2312 Δευτερονομίῳ
1317 2227 1534 2311 ἐμφαντικῶς
1556 2228 1661 2312 εἰρῆσ-

354 2331 416 2394 θαί
437 2353 494 2413 μοι
517 2329 610 2394 δοκεῖ
631 2323 685 2395 τό·
709 2331 785 2406 ,καὶ
808 2328 872 2392 νῦν
891 2318 1029 2410 Ἰσραήλ,
1053 2326 1086 2390 τί
1107 2320 1223 2410 κύριος
1246 2316 1265 2392 ό
1287 2319 1369 2404 θεός
1389 2345 1452 2393 σου
1471 2325 1557 2394 αίτεῖ
1569 2321 1661 2410 παρὰ

355 2430 418 2495 σοῦ
449 2418 522 2492 ἀλλ’
556 2417 576 2510 ή
612 2423 790 2509 φοβεῖοθαι
818 2419 935 2508 κύριον
968 2421 1031 2490 τὸν
1060 2419 1145 2492 θεόν
1176 2445 1238 2490 σου
1267 2427 1355 2510 <καὶ>
1389 2420 1592 2508 πορεύεσθαι
1623 2426 1660 2492 έν

304 2538 338 2594 20
354 2523 477 2606 πόσαις
507 2541 581 2604 ταῖς
612 2516 704 2604 όδοῖς
734 2518 839 2594 αύτοῦ
868 2528 925 2592 καὶ
954 2516 1088 2608 ἀγαπᾶν
1119 2517 1226 2592 αύτόν
1259 2527 1335 2591 καὶ“
1367 2519 1569 2608 ,φυλάσσειν
1600 2520 1661 2603 τὰς

355 2622 498 2705 έντολὰς
519 2619 660 2705 αύτοῦ;“

436 2742 548 2808 LVIII.
579 2735 658 2811 Εἶθ’
679 2739 754 2829 ἑξῆς
775 2742 867 2809 ἐστιν
891 2734 1081 2826 ἀπαντῆσαι
1106 2735 1192 2824 πρὸς
1212 2738 1253 2810 τὸ
1275 2745 1360 2820 πῶς
1382 2733 1415 2806 δ’
1438 2734 1499 2808 ἐπ’
1522 2733 1661 2819 αύτοῖς

354 2837 586 2928 ἀχαρίστοις
622 2846 686 2910 καὶ
727 2855 920 2925 πονηροῖς
960 2841 1194 2925 γενομένοις
1236 2843 1448 2925 μεταμέλει
1487 2846 1552 2908 καὶ
1588 2837 1661 2927 τήν

355 2941 500 3010 ἑαυτοῦ
522 2942 667 3025 τέχνην
686 2938 883 3025 μέμφεται
904 2941 968 3006 καὶ
999 2953 1105 3024 μισεῖ
1128 2942 1191 3005 καὶ
1221 2931 1379 3008 ἀπειλεῖ
1406 2943 1469 3008 καὶ
1501 2946 1661 3026 φθείρει

302 3053 336 3108 25
354 3037 401 3110 τὰ
423 3042 506 3108 ἴδια
529 3041 689 3124 ἔκγονος
717 3055 924 3123 συκοφαντεῖ
943 3031 973 3106 δ
994 3040 1031 3106 ἐν
1062 3034 1198 3118 τούτοις
1227 3044 1283 3107 καὶ
1312 3036 1558 3125 καταψεύδεται
1590 3046 1662 3110 τῶν

352 3142 389 3209 έν
404 3145 447 3226 τῇ
458 3142 590 3207 Γενέσει
605 3141 843 3225 γεγραμμένων
858 3134 921 3206 τόν
936 3131 1066 3224 τρόπον
1082 3142 1222 3206 τοῦτον·
1243 3137 1350 3218 ,ἰδῶν
1365 3141 1401 3205 δὲ
1415 3134 1531 3224 κύριος
1544 3132 1563 3208 δ
1580 3135 1662 3220 θεός

353 3233 410 3310 ότι
424 3234 694 3326 έπληθύνθησαν
716 3239 749 3305 αί
771 3243 884 3306 κακίαι
899 3243 972 3306 τῶν
987 3239 1042 3305 ἐπὶ
1063 3241 1124 3324 τῆς
1147 3242 1214 3324 γῆς,
1237 3242 1292 3304 καὶ
1314 3241 1381 3318 πᾶς
1403 3265 1456 3318 τις
1478 3243 1661 3308 διανοεῖται

353 3343 390 3410 ἐν
412 3345 455 3426 τῇ
476 3339 598 3426 καρδίᾳ
620 3339 785 3426 ἐπιμελῶς
807 3340 862 3406 ἐπὶ
883 3333 927 3405 τὰ
948 3334 1083 3424 πονηρὰ
1105 3331 1213 3417 πόσας
1235 3333 1296 3417 τὰς
1310 3331 1442 3425 ἡμέρας,
1464 3334 1660 3426 ἐνεθυμήθη

353 3433 373 3509 ό
395 3436 477 3520 θεός
504 3429 560 3508 ότι
586 3439 721 3523 ἐποίησε
748 3433 811 3506 τόν
832 3430 1025 3524 ἄνθρωπον
1042 3439 1096 3504 έπὶ
1119 3441 1179 3523 τῆς
1201 3441 1272 3524 γῆς·
1299 3442 1353 3504 καὶ
1377 3433 1538 3525 διενοήθη
1560 3440 1597 3505 έν
1618 3441 1660 3522 τῇ

302 3553 336 3608 30
352 3541 472 3628 καρδίᾳ
495 3533 602 3607 αύτοῦ
617 3543 672 3604 καὶ
687 3535 781 3604 εἷπεν
802 3529 821 3605 ό
843 3530 935 3617 θεός·
958 3531 1137 3622 ἀπολείψω
1154 3532 1216 3604 τόν
1232 3528 1430 3622 ἄνθρωπον,
1454 3531 1494 3604 όν
1508 3540 1660 3622 ἐποίησα,

353 3633 421 3707 ἀπὸ
444 3636 634 3725 προσῶπου
656 3639 716 3722 τῆς
738 3639 806 3722 γῆς,
827 3630 895 3704 ἀπὸ
917 3630 1108 3722 ἀνθρώπου
1130 3635 1194 3717 ἕως
1215 3631 1362 3724 κτήνους
1389 3640 1445 3703 καὶ
1473 3629 1541 3704 ἀπὸ
1565 3633 1659 3723 ἑρπε-

439 3805 475 3859 ll
504 3803 566 3858 Gal.
585 3807 614 3866 5,
632 3805 655 3859 8.
682 3835 715 3843 -
744 3805 782 3860 12
809 3803 862 3858 Jes.
882 3807 910 3866 1.
930 3806 968 3860 19.
988 3805 1028 3860 20.
1054 3835 1088 3844 -
1117 3805 1155 3860 18
1181 3804 1442 3868 Deun10,1‘2.13.
1469 3833 1501 3842 —-
1527 3803 1565 3858 ⁸26
1591 3803 1650 3857 Gen

351 3891 380 3952 6,
398 3891 474 3944 5-7.

436 4024 455 4079 ³
472 4015 640 4087 πειστικούς
658 4023 781 4078 schreibe
798 4023 843 4076 ich
862 4024 934 4078 nach
952 4024 1050 4077 ww·
1069 4024 1120 4079 mit
1137 4024 1218 4079 Guiet
1236 4024 1291 4094 (bei
1308 4026 1368 4080 Del.
1383 4027 1395 4079 I
1412 4025 1464 4080 676
1480 4025 1559 4079 Anm.
1572 4028 1605 4092 ο),
1623 4025 1660 4079 σε

350 4109 408 4164 dies
426 4107 620 4176 (bekanntlich
637 4107 680 4160 ost
699 4108 751 4161 mit
767 4124 873 4164 πιστικ.
892 4109 1096 4178 τεετιεσλιεείίε)
1109 4109 1190 4163 Wort
1207 4109 1237 4162 in
1254 4107 1329 4163 einer
1345 4108 1515 4180 Erbrterung
1526 4110 1594 4164 fiber
1606 4109 1659 4164 den

349 4191 456 4280 quriff
479 4194 639 4247 πείθεσθαι
666 4191 751 4246 αΗεὶιι
777 4211 823 4246 am
846 4193 941 4248 ΡΙείτο
963 4195 1011 4256 ist3
1038 4188 1186 4258 πιστικοὺς
1209 4194 1361 4264 AAusgg.l
1386 4189 1469 4250 ύέπ’
1485 4189 1658 4267 ἀνθρώπων]

349 4279 417 4364 πῖρλ
435 4287 608 4364 ἀνθρώπων,
634 4311 679 4347 am
697 4293 779 4348 Rand
795 4290 868 4366 ’479'
886 4289 930 4349 ἐπ’
947 4270 1027 4350 εἰκὼ
1050 4299 1087 4350 A¹
1110 4297 1115 4364 Ι
1138 4295 1157 4350 θ
1185 4293 1351 4360 πειστικοῦς
1376 4295 1499 4350 schreibe
1521 4296 1567 4350 ioh
1589 4297 1659 4350 nach

349 4380 447 4432 Mssffl·
468 4377 520 4431 mit
542 4376 625 4432 Guiet
649 4379 704 4446 (bei
722 4377 781 4432 Del.
799 4380 811 4431 1
830 4381 881 4435 676
900 4380 981 4434 Anm.
999 4381 1036 4448 ο),
1064 4380 1120 4450 vgl.
1138 4379 1210 4434 oben
1232 4379 1258 4434 Ζ.
1277 4381 1305 4443 3;
1332 4373 1480 4445 πιστικούς
1501 4383 1657 4450 AAusgg.y

350 4465 389 4520 15
407 4460 494 4532 λέγει]
513 4480 538 4517 ει
557 4463 586 4516 in
605 4463 749 4518 eorrectur
766 4467 791 4517 A
810 4465 815 4532 Ι
837 4464 876 4519 19
895 4466 971 4534 (nal)
990 4464 1054 4535 fflge
1071 4464 1116 4518 ioh
1134 4464 1187 4519 mit
1209 4465 1253 4534 Sp.
1271 4481 1297 4518 u.
1316 4463 1375 4518 Del.
1393 4465 1438 4519 ein
1458 4467 1462 4534 Ι
1483 4459 1659 4538 wlnela-

306 4603 308 4608 ,
348 4547 419 4616 τοις]
438 4540 539 4617 ἄχαρις
556 4555 620 4612 τοῖς
640 4550 673 4612 Α,
691 4547 746 4617 vgl.
765 4547 836 4602 oben
854 4548 893 4601 VI
910 4552 951 4613 53,
970 4549 995 4604 S.
1016 4551 1065 4604 124
1082 4549 1108 4604 Z.
1128 4551 1161 4604 19
1181 4550 1185 4617 Ι
1206 4551 1243 4606 27
1267 4553 1316 4617 τῆς
1338 4549 1511 4619 fibergeschr.
1530 4553 1567 4604 Δι
1582 4552 1586 4618 Ι
1603 4553 1659 4604 δια-

349 4630 467 4698 νοεῖται]
486 4633 623 4686 διικνεῖται
641 4634 672 4686 Δ.
