3744 5504
587 467 680 522 ΠΕΡΙ
699 465 835 522 Hm
856 464 1024 534 27,10.11.
1044 462 1143 518 1213.
1451 467 1509 532 371

209 627 432 722 μεταβάλλων
457 635 512 700 καί
538 625 643 714 αότός
664 634 710 712 εἰς
732 623 827 716 όφιν,
852 621 941 700 ὥστε
964 623 1033 698 όκὸ
1054 631 1119 698 τοῦ
1140 623 1245 714 λόγου
1265 621 1514 714 ονειδιςόμενον

211 726 332 814 αότὸν,
363 723 428 823 κᾶν
458 735 537 817 λέγη
571 735 793 816 βαπτίζεσθαι
823 734 953 810 θέλειν,
984 721 1132 798 άκοόειν·
1162 720 1292 812 ,.όφεις,
1324 721 1514 815 γεννήματα

211 833 364 920 ἐχιδνῶν,
387 833 439 912 τίς
459 824 631 915 ὑπέδειξεν
652 825 730 918 όμῖν
753 844 872 918 φυγεῖν
892 823 961 898 άπὸ
984 831 1045 916 τῆς
1060 825 1244 916 μελλούσης
1263 819 1404 914 όργῆς,·“
1427 830 1514 914 λέγει

211 935 247 1004 δὲ
275 935 351 1018 περί
372 934 437 1000 τοῦ
458 933 678 1018 δρακοντείου
699 927 856 1016 σώματος
876 923 943 998 άπὸ
967 933 1040 998 τῶν
1062 919 1247 998 Αἰθιόπων
1268 923 1472 1012 έστιωμένου
1493 919 1513 996 ό

177 1035 316 1102 σΔσυίδ
345 1033 471 1100 ταῦτα·
509 1031 734 1117 ,συνέτριψας
759 1025 826 1109 Ιτὰς
854 1023 1005 1114 κεφαλάς
1035 1031 1109 1098 τῶν
1139 1019 1337 1113 δρακόντων
1367 1027 1422 1094 έκί
1452 1029 1515 1096 τοῦ

213 1123 347 1212 ὕδατος,
371 1125 427 1216 (σά
448 1132 656 1210 συνέθλασας
678 1125 742 1216 τὴν
762 1122 917 1214 κεφαλὴν
938 1129 1002 1196 τοῦ
1023 1119 1236 1212 δράκοντος)
1262 1125 1388 1208 ἔδωκας
1409 1119 1515 1196 αότόν

213 1235 331 1318 βρῶμα
357 1239 453 1310 λαοῖς
479 1243 552 1310 τοῖς
573 1231 769 1312 Αίθίοφιν.“
805 1229 834 1296 εἰ
861 1228 896 1294 δὲ
922 1222 967 1314 μὴ
988 1219 1199 1314 άιιεμφαίνει,
1221 1219 1397 1306 σόσιωδιός
1417 1219 1515 1311 όφεσ-

214 1335 327 1412 τῶτος
354 1332 418 1398 τοῦ
442 1328 517 1398 υἰοῦ
545 1331 607 1397 τοῦ
633 1331 718 1397 θεοῦ
738 1321 939 1412 ὑφεστῶτος
960 1328 996 1394 δί
1016 1327 1073 1394 καί
1095 1329 1158 1394 τοῦ
1178 1319 1419 1411 άντικειμένου,
1441 1318 1515 1396 ἑκά·

215 1455 316 1516 τερον
346 1422 465 1498 αὐτῶν
495 1423 632 1514 τροφὴν
661 1431 814 1514 γίνεσθαι
844 1427 945 1494 τοῦδε
976 1415 997 1512 ἢ
1027 1428 1141 1507 τοῦδε,
1169 1427 1202 1495 τί
1224 1416 1390 1511 όκνοῦμεν
1410 1449 1517 1511 παρα·

164 1543 198 1600 10
214 1533 373 1614 δέξασθαι
403 1529 459 1598 ἐπί
489 1551 525 1613 γε
554 1529 676 1594 πασῶν
711 1531 786 1595 τῶν
817 1519 993 1610 δυνάμεων
1022 1517 1233 1610 κρειττόνων
1263 1527 1319 1592 καί
1349 1517 1518 1610 χειρόνων

214 1634 270 1698 καί
299 1629 354 1696 ἐπὶ
383 1631 457 1696 τῶν
485 1619 687 1710 άνθριόιιων
715 1619 757 1694 τὸ
787 1619 954 1695 δύνασθαι
979 1627 1164 1710 τρέφεσθαι
1184 1617 1254 1694 άπὸ
1275 1618 1419 1693 πάντων
1439 1618 1518 1694 τοδ-

215 1753 288 1798 των
310 1724 370 1797 ἕνα
391 1722 535 1794 ἕκαστον
557 1717 668 1812 ἦμῶν;
688 1739 869 1794 κοινωνεῖν
890 1726 975 1812 γοῦν
997 1727 1049 1811 τῷ
1068 1718 1316 1810 ἑκατοντάρχην
1334 1727 1517 1810 Κορνηλίῳ
1539 1735 1590 1791 249

215 1831 270 1896 καί
302 1839 376 1906 τοῖς
406 1815 474 1912 άμα
504 1831 718 1910 συναχθεῖσιν
748 1825 784 1892 ἰν
811 1827 854 1909 τῇ
878 1828 1058 1913 Καισαρείᾳ
1084 1815 1104 1892 ό
1126 1825 1256 1910 Πέτρος
1280 1826 1415 1910 μέλλων
1434 1820 1518 1910 μετά

216 1929 252 1998 δὲ
278 1927 389 1996 ταῦτα
415 1929 472 1992 καί
497 1939 571 2004 τοῖς
593 1922 707 1991 ἔθνεσι
727 1919 936 2010 μεταδώσειν
958 1927 1032 1992 τῶν
1053 1916 1166 2010 λόγων
1187 1925 1251 1992 τοῦ
1274 1925 1367 2003 θεοῦ,
1390 1913 1454 2013 όρζι
1475 1917 1517 1992 τό

164 2039 199 2095 15
217 2029 417 2110 ,τέτταρσιν
443 2017 559 2110 άρχαῖς
580 2025 803 2109 καθιέμενονΗ
830 2014 1021 2108 σόρανόθιυ
1042 2025 1210 2104 ,,σκεῦος,“
1232 2023 1289 2104 ,έν
1311 2010 1360 2108 ᾦ“
1383 2017 1518 2104 ,πάντα
1599 2067 1601 2072 -

217 2121 260 2194 τά
289 2116 483 2210 τετράποδα
511 2127 568 2190 καί
599 2117 722 2208 ἑρπετά
750 2125 806 2190 καί
834 2125 940 2208 θηρία
968 2125 1030 2208 τῆς
1061 2123 1155 2208 γῆς“·
1182 2111 1240 2192 ότε
1265 2126 1322 2191 καί
1348 2118 1519 2192 κελεύεται

219 2218 416 2303 .,άναστός“
444 2224 548 2292 θῦσαι
583 2227 638 2290 καί
668 2236 800 2308 φαγεῖν,
829 2213 1124 2308 προστασσόμενος
1154 2216 1239 2308 μετὰ
1268 2215 1310 2290 τό
1336 2216 1519 2308 κσραιτοό·

216 2348 319 2410 μενον
340 2315 449 2390 αὐτόν
469 2321 646 2408 εἰρηκέναι·
668 2317 708 2392 σό
729 2317 823 2402 σίδας
837 2311 915 2402 ,ότι
936 2313 1015 2389 οόδέ
1034 2345 1120 2390 ποτε
1140 2316 1261 2390 κοινόν
1279 2314 1299 2409 ἢ
1318 2314 1519 2408 άκάθαρτον

218 2424 375 2510 εἰσῆλθεν
405 2423 452 2501 εἰς
481 2415 521 2490 τό
549 2415 657 2508 στόμα
684 2427 772 2506 μου“
801 2421 950 2507 ,μηδένα
982 2415 1100 2490 κοινὸν
1133 2412 1154 2508 ἢ
1182 2415 1383 2507 άκάθαρτον
1412 2423 1519 2508 λέγειν

166 2545 202 2602 20
218 2513 429 2608 άνθρωνιον“
451 2523 504 2607 τῷ
529 2517 573 2590 τὰ
599 2522 821 2606 καθαρθέντα
846 2511 913 2588 άπὸ
935 2523 1020 2588 θεοῦ
1047 2515 1091 2606 μὴ
1118 2522 1188 2588 δεῖν
1208 2513 1277 2589 όπό
1298 2524 1432 2606 Πέτρου
1451 2545 1519 2590 κοι-

220 2625 377 2694 νοῦσθαι·
415 2625 496 2706 φησί
527 2617 589 2706 γάρ
621 2612 642 2706 ἦ
672 2622 772 2702 λέξις·
800 2611 842 2700 ,ά
874 2611 893 2687 ό
924 2613 1006 2699 θεὸς
1031 2613 1211 2708 ίκαθάρισε
1236 2616 1276 2688 σό
1302 2615 1347 2706 μὴ
1373 2623 1519 2689 κοίνου.“

148 2737 202 2794 2⁷²
220 2713 346 2790 οόκοῦν
372 2715 414 2788 τό
439 2716 596 2805 καθαρὸν
618 2726 624 2802 Ι
647 2723 764 2806 βρῶμα
788 2722 844 2787 καί
870 2713 912 2788 τό
934 2710 1133 2804 ἀκάθαρτον
1152 2717 1242 2789 κατά
1262 2717 1326 2790 τὸν
1347 2723 1521 2802 Μωῦσέως

221 2813 327 2906 νόμον
352 2819 390 2887 ἰν
415 2811 608 2906 ὀνομασίαις
634 2811 890 2904 διακρινόμενον
917 2811 1089 2887 πλειόνων
1116 2814 1231 2906 ζῴων,
1257 2815 1322 2906 τὴν
1343 2812 1521 2906 ἀναφορὰν

220 2919 297 3006 ἔχον
320 2921 375 2988 έκί
402 2913 445 2986 τό
471 2911 618 3004 διάφορα
643 2911 714 3004 ἤθη
736 2921 811 2988 τῶν
833 2921 991 3003 λογικῶν,
1014 2912 1161 2988 διδάσκει
1181 2911 1302 2986 τοόσδε
1321 2920 1382 3005 μὲν
1404 2921 1521 3004 τροφί-

168 3044 203 3100 25
220 3045 303 3106 μους
329 3009 409 3105 ἡμῖν
434 3011 611 3104 τυγχάνειν
638 3013 758 3086 τούσδε
785 3019 820 3086 δὲ
842 3017 1008 3098 ἐναντίως
1029 3017 1124 3102 ἔχειν,
1150 3014 1213 3096 έως
1233 3023 1419 3102 καθαρίσας
1439 3011 1522 3088 πάν·

222 3144 283 3199 τας
303 3111 428 3206 τιοιήση
450 3120 637 3202 τροφίμους
658 3108 677 3185 ό
699 3113 780 3198 θεὸς
801 3107 822 3202 ἢ
845 3112 926 3198 τούς
946 3110 1015 3186 άπὸ
1037 3115 1189 3198 ,παντὸς
1210 3120 1355 3202 γένους.“

307 3225 354 3287 13.
389 3212 526 3285 τούτων
551 3211 592 3302 δὴ
618 3206 732 3296 οὕτως
758 3207 910 3300 ἐχόντων
934 3221 990 3284 καί
1017 3211 1184 3302 τοσαύτης
1209 3217 1376 3304 διαφορᾶς
1396 3213 1525 3304 βρωμά·

224 3342 296 3386 των
323 3307 439 3403 οὔσης,
469 3312 516 3396 εἰς
546 3309 638 3398 παρὰ
664 3309 796 3394 πάντας
828 3311 908 3396 τοός
934 3314 1126 3402 εἰρημένους
1152 3315 1244 3385 ἐστίν
1275 3307 1294 3384 ό
1321 3310 1525 3400 ἰπιοόσισς

308 3483 328 3539 2
350 3483 448 3537 matth.
467 3483 495 3549 3,
513 3483 537 3536 7.
564 3482 632 3537 puk.
650 3481 675 3548 3,
693 3484 716 3536 7.
745 3511 778 3522 -
804 3483 821 3538 5
848 3481 1036 3546 Ρε41.73,13.
1056 3486 1096 3538 14.
1123 3513 1155 3522 -
1180 3482 1198 3539 8
1225 3482 1287 3552 vgl.
1305 3485 1331 3538 11
1348 3483 1441 3538 Ἧιεεε.
1458 3487 1483 3552 2,
1500 3489 1525 3540 4.

224 3569 236 3624 I
254 3567 324 3623 Tim.
342 3569 373 3633 5,
391 3570 423 3620 14
441 3567 497 3620 und
515 3565 657 3636 θήρευσε,
677 3568 707 3620 ln
726 3565 824 3621 Ευεσίι.
842 3566 915 3622 hom.
932 3565 971 3621 VI
988 3571 1005 3622 4
1022 3569 1099 3637 (tom.
1116 3567 1181 3622 XIV
1198 3583 1225 3638 p.
1242 3569 1324 3637 fflsq.
1343 3569 1385 3623 εδ
1403 3569 1525 3635 boum).

223 3683 257 3694 -
277 3653 314 3708 11
335 3649 397 3718 vgl.
415 3649 553 3720 Origenes,
571 3653 602 3704 ln
620 3651 683 3705 Lev.
702 3651 775 3706 hom.
793 3651 845 3706 VII
863 3653 878 3706 5
897 3653 974 3720 (tom.
991 3651 1026 3706 lx
1047 3669 1072 3724 p.
1090 3653 1140 3709 305
1158 3651 1199 3707 od.
1212 3652 1335 3721 homan).
1353 3683 1387 3694 —
1406 3653 1443 3710 12
1463 3653 1526 3723 vgl.

225 3739 285 3791 Aet„
304 3739 350 3802 10,
368 3739 392 3790 1.
409 3735 451 3790 24.
469 3735 509 3791 27.
530 3735 601 3790 3311.
627 3765 661 3774 -
688 3735 726 3792 15
754 3735 817 3804 vgl.
835 3739 896 3790 Aet„
915 3739 959 3800 10,
979 3740 1019 3791 11.
1037 3737 1078 3791 12.
1108 3739 1149 3802 11,
1167 3739 1191 3792 5.
1208 3739 1233 3794 6.
1259 3767 1292 3777 -
1320 3737 1359 3793 12
1385 3737 1449 3806 vgl.
1466 3741 1526 3796 Aen

225 3821 326 3888 11113.
350 3823 391 3886 11,
411 3821 434 3874 7.
456 3849 490 3858 -
513 3820 551 3876 18
574 3817 637 3888 vgl.
655 3821 715 3874 Act
734 3823 774 3885 11,
791 3819 809 3874 8
826 3821 878 3888 (10,
891 3821 940 3888 14).
961 3849 995 3860 -
1020 3821 1058 3878 12
1080 3819 1143 3890 vgl.
1161 3821 1221 3875 Act„
1239 3823 1279 3884 10,
1297 3819 1338 3876 28.
1356 3851 1390 3861 -
1411 3821 1447 3878 21
1467 3825 1526 3878 Act„

227 3907 326 3970 10,15.
351 3907 392 3967 11,
409 3906 434 3960 θ.
452 3933 485 3944 -
504 3903 542 3959 22
561 3903 624 3973 vgl.
636 3903 767 3972 Origenes
785 3903 993 3960 αοε1ε1193.
1018 3905 1095 3961 149.
1119 3907 1150 3958 ln
1169 3905 1231 3960 [εν.
1243 3904 1315 3959 hom.
1331 3905 1381 3960 VII
1400 3909 1475 3976 (tom.
1490 3907 1527 3961 lx

226 4009 252 4062 p.
270 3991 389 4058 aoooqq.
401 3989 443 4044 εδ.
456 3987 579 4057 houm).
593 4017 624 4026 -
638 3989 678 4044 26
696 3987 759 4058 vgl.
772 3987 870 4042 Matth.
884 3989 926 4052 13,
937 3991 978 4044 47.
992 4019 1024 4028 -
1038 3989 1077 4047 28
1089 3989 1152 4058 vgl.
1165 3989 1264 4044 Matth
1276 3991 1300 4054 6,
1314 3991 1354 4044 11.
1373 3991 1440 4045 Luk.
1451 3995 1491 4054 11,
1503 3993 1528 4048 3.

312 4121 407 4198 δ<σὺ
428 4121 609 4190 συνέθλασας
632 4117 685 4194 τὴν
710 4116 839 4193 κεφαλὴν
863 4127 916 4178 τοῦ
942 4117 1125 4196 δράκοντος>
1148 4125 1214 4196 fuge
1235 4125 1279 4179 ich
1302 4126 1353 4181 mit
1374 4126 1457 4196 Angl.
1475 4126 1529 4196 (boi

229 4209 288 4264 Del.
306 4210 318 4264 Ι
335 4209 521 4276 92411-9252)
543 4209 572 4263 in
595 4209 683 4264 dieser
704 4207 827 4276 qung
848 4223 897 4260 εσε
920 4207 945 4262 d.
963 4209 1035 4263 Lxx
1059 4209 1116 4278 ein,
1139 4209 1194 4279 τρὶ
1211 4207 1356 4278 Origenes,
1378 4209 1483 4268 comm.
1500 4211 1530 4266 in

229 4293 328 4350 Mauh.
346 4291 409 4348 XVI
426 4295 460 4350 26
478 4283 553 4360 λίσαι.
572 4292 610 4346 IV
627 4311 653 4363 p.
672 4295 705 4348 74
721 4291 764 4346 εδ.
782 4291 910 4358 Lomm.);
933 4292 977 4347 dio
994 4293 1090 4350 Worte
1107 4293 1168 4348 εἰσδ
1186 4294 1275 4363 nptig,
1293 4293 1330 4348 δε
1346 4299 1422 4350 εοειί
1443 4289 1532 4352 αδτόν

230 4378 302 4433 ohne
324 4377 484 4446 Beziehung
505 4382 590 4440 αλιος
617 4369 667 4445 (αὖ
688 4375 862 4448 συνέτριψας
882 4369 935 4441 τὰς
955 4373 1083 4447 κεφαλάς
1103 4385 1157 4434 τοῦ
1182 4371 1362 4448 δράκοντος)
1389 4377 1451 4449 fflgt
1471 4379 1531 4435 Del.

230 4459 515 4530 (γρί1248Διιωρ)
534 4461 605 4516 nach
623 4461 671 4516 der
687 4460 896 4531 gewbhnlichen
908 4461 1003 4516 Lam
1020 4463 1068 4518 der
1082 4462 1154 4518 Lxx
1171 4461 1216 4518 ein
1230 4465 1236 4532 Ι
1252 4463 1291 4520 10
1309 4458 1356 4518 έπί
1371 4481 1404 4533 γε
1420 4464 1532 4519 ΤΙιοσδ.

231 4541 279 4601 ἐπί
294 4562 326 4600 τε
343 4545 393 4600 Ox.
400 4545 459 4601 Del.
475 4549 480 4614 Ι
494 4546 534 4603 211
553 4540 570 4615 ἢ
587 4541 662 4614 τοὺς]
681 4537 698 4614 ἦ
715 4562 796 4611 τινας
813 4546 1255 4616 vermutaetDo1.(l249Anm.a).
1272 4549 1322 4603 καί
1338 4539 1406 4614 τοός
1423 4547 1455 4604 11.
1467 4549 1531 4604 Klo-

232 4635 372 4686 aarum
387 4631 392 4699 ι
406 4629 444 4688 ιτ
465 4625 506 4700 σὴ]
524 4627 554 4686 ιι
570 4629 652 4698 Angl.
670 4628 724 4700 (σεε
742 4629 801 4685 σο.
819 4629 832 4683 1
849 4629 937 4699 οισι).

1274 4716 1327 4770 24*
