3780 5532
363 505 424 568 240
902 501 1128 556 ΩΡΙΓΕΝΟΥΣ

363 667 418 730 καὶ
444 658 488 731 τὰ
514 656 571 730 ἀπ’
594 657 712 750 αύτῆς,
746 656 839 748 άζιος
867 668 902 733 δὲ
928 667 984 733 καί
1010 689 1103 744 τινος
1128 665 1288 750 μερισμοῦ
1314 653 1510 784 γλιόσσης’
1490 656 1558 728 από
1581 663 1665 727 θεοῦ

362 764 513 848 πυρίνης.

447 879 559 944 XXIII.
594 871 627 944 ‘0
654 881 689 946 δέ
714 878 823 962 πολύς
849 887 923 949 τῶν
949 875 1119 949 πιστεύειν
1146 873 1344 947 δοκούντων
1368 873 1490 963 καὶμὴ
1513 879 1666 964 τηλικοῦ-

364 1003 425 1057 τος
451 981 556 1046 δεῖται
576 972 796 1066 ὑπομνήσεως
814 975 929 1066 χάριν,
951 977 996 1067 μὴ
1019 972 1222 1064 βουλόμενος
1244 970 1264 1065 6
1286 973 1330 1064 μὴ
1352 971 1537 1062 δυνάμενος
1559 970 1667 1056 πάσας

331 1072 526 1156 ςτοιαύτας
561 1068 652 1162 ἄγειν
687 1071 824 1164 ἡμέρας,
854 1082 1031 1166 αἰσθητῶν
1063 1073 1361 1166 παραδειγμάτων,
1389 1075 1445 1144 ίνα
1473 1072 1517 1162 μὴ
1549 1080 1668 1144 τέλεον

364 1174 549 1261 παραῤῥυῇ.
585 1181 728 1246 τοιαῦτα
750 1172 783 1244 δ’
799 1176 891 1264 οἶμαι
912 1175 976 1248 τόν
991 1183 1129 1248 Παῦλον
1151 1170 1338 1264 νενοηκότα
1358 1179 1459 1262 μέρος
1479 1179 1541 1260 μὲν
1562 1172 1667 1258 ,ἑορ-

365 1279 459 1360 τῆςίί
481 1269 783 1364 ιύνομακέναιτὴν
810 1279 846 1346 ἐν
872 1271 1009 1364 ἡμέραις
1035 1280 1252 1362 τεταγμέναις
1273 1267 1353 1359 παρ’
1376 1274 1490 1361 ἑτέρας
1511 1271 1667 1360 ἑορτὴν,

366 1369 504 1460 ᾐνίχθαι
535 1377 570 1442 δέ
600 1376 637 1442 ἐκ
668 1380 730 1446 τοῦ
757 1368 871 1458 οὕτως
901 1381 1102 1464 λελεγμένου
1128 1368 1183 1446 ότι
1215 1369 1276 1444 ούκ
1307 1378 1365 1457 ,ἐν
1391 1377 1480 1460 μέρει
1507 1373 1667 1462 ἑορτῆς“

366 1467 438 1541 ἀλλ’
462 1476 499 1542 ἐν
517 1467 700 1594 ὁλοκλήρῳ
720 1483 776 1545 καὶ
799 1471 1005 1562 άδιαλείπτῳ
1029 1479 1121 1544 ἐστίν
1148 1474 1267 1560 ἑορτῇ
1290 1467 1309 1542 6
1331 1468 1382 1542 άεὶ
1403 1479 1475 1554 βίος
1495 1469 1583 1542 κατὰ
1605 1469 1669 1541 τόν

317 1596 350 1650 10
367 1581 465 1642 θεῖον
487 1567 599 1660 λόγον.
636 1567 698 1660 ὅρα
720 1565 783 1645 οὖν
804 1571 909 1644 πάλιν
929 1569 994 1643 κάκ
1016 1579 1090 1644 τῶν
1112 1579 1298 1662 εἰρημένων
1319 1571 1431 1660 περὶ“
1419 1576 1574 1658 εορτοόν
1596 1598 1669 1640 των

367 1698 436 1757 παρ
469 1666 556 1759 ἡμῖν,
578 1680 891 1794 συνεξεταζομένων
912 1692 1000 1755 ταῖς
1023 1677 1258 1761 δημοτελέσι
1281 1676 1344 1741 τοῦ
1368 1675 1498 1740 Κέλσου
1518 1677 1574 1740 καί
1596 1699 1670 1740 των

369 1771 518 1840 ἐθνῶν
507 1790 679 1860 εορταῑς,
703 1776 730 1842 εἰ
751 1772 796 1862 μὴ
818 1778 936 1862 μακρῷ
944 1769 1155 1892 σεμνότεραί
1176 1776 1259 1840 εἰσιν
1280 1761 1382 1841 αὗται
1405 1770 1437 1838 αί
1460 1771 1573 1856 ἑορταὶ
1594 1797 1669 1840 των

369 1875 617 1958 δημοτελῶν,
649 1873 686 1942 ἐν
715 1873 805 1956 αίς,
808 1871 859 1956 ,τό
887 1869 1045 1991 φρόνημα
1071 1876 1132 1959 τῆς
1159 1869 1299 1958 σαρκὸς“
1327 1865 1489 1958 ἑορτάζον
1511 1873 1669 1956 ἐξυβρίζει

369 1974 423 2040 ἐπὶ
443 1975 551 2058 μέθας
570 1978 627 2040 καί
648 1969 829 2055 ἀκολασίας
850 1967 1107 2061 ἐκτρεπόμενον.

318 2091 352 2144 15
452 2071 542 2140 πολὺ
567 2066 600 2139 δ’
623 2063 665 2140 άν
691 2076 741 2160 εἴη
763 2077 825 2142 νῦν
846 2077 963 2158 λέγειν,
991 2068 1046 2142 διά
1069 2077 1102 2140 τί
1124 2071 1157 2140 αί
1178 2067 1265 2139 κατὰ
1288 2070 1352 2140 τὸν
1373 2073 1436 2138 τοῦ
1456 2074 1542 2138 θεοῦ
1564 2063 1670 2156 νόμον

370 2170 504 2256 ἑορταί
534 2163 662 2256 ,,άρτον
687 2171 888 2253 κακώσεως(
912 2167 1125 2242 διδάσκουσιν
1155 2172 1281 2239 ἐσθίειν
1312 2162 1332 2256 6
1362 2163 1490 2254 ,ἄζυμα
1514 2165 1598 2254 μετά
1620 2193 1672 2235 πι-

369 2273 526 2355 κρίδων,“
549 2262 569 2355 6
601 2263 656 2339 ότι
678 2277 770 2356 φασί·
799 2271 1055 2354 ,ταπεινώσατε
1076 2268 1138 2352 τάς
1165 2267 1273 2356 ψυχάς
1298 2263 1415 2356 ύμῶνί(
1437 2262 1458 2354 6
1481 2293 1515 2336 τι
1536 2264 1673 2346 τούτοις

370 2363 617 2455 παραπλήσιον.
651 2365 728 2438 ούδὲ
750 2368 812 2458 γάρ
834 2366 982 2440 δυνατόν
1004 2375 1074 2440 ἐστι
1097 2366 1160 2440 τὸν
1180 2367 1347 2438 σύνθετον
1366 2361 1568 2454 άνθρωπον,
1590 2358 1673 2435 όσον

371 2470 422 2536 ἐτι
451 2462 493 2554 „6
524 2465 606 2554 σάρξ
620 2471 789 2592 ἐπιθυμεῖ
812 2467 900 2539 κατὰ
923 2475 987 2539 τοῦ
1008 2467 1210 2552 πνεύματος,
1233 2465 1274 2537 τὸ
1297 2471 1332 2536 δὲ
1353 2471 1483 2552 πνεῦμα
1503 2462 1590 2534 κατὰ
1613 2469 1673 2553 τῆς

321 2586 355 2640 20
372 2565 529 2654 σαρκὸςέ(
555 2569 591 2649 ἐξ
617 2560 711 2637 όλων
737 2565 921 2689 ἑορτάζειν
950 2563 969 2656 6
997 2567 1059 2657 γάρ
1088 2563 1261 2686 ἑορτάζων
1282 2593 1334 2646 τις
1356 2570 1408 2652 τῷ
1429 2561 1595 2652 πνεύματι
1616 2592 1671 2634 κα·

371 2683 430 2735 κοῖ
454 2663 496 2736 τό
523 2671 631 2752 σῶμα,
658 2666 702 2755 μὴ
728 2669 879 2754 πεφυκός
907 2666 995 2751 διὰ,
998 2667 1050 2750 ,τό
1078 2664 1235 2754 φρόνημα
1257 2671 1317 2753 τῆς
1338 2663 1470 2752 σαρκὸς(
1473 2659 1675 2750 (ἑορτάζειν

371 2763 456 2852 μετὰ
486 2769 549 2835 τοῦ
578 2765 782 2855 πνεύματος,
812 2761 832 2856 6
862 2764 1047 2888 ἑορτάζων
1064 2764 1152 2836 κατὰ
1185 2761 1290 2852 σάρκα
1320 2759 1362 2834 06
1396 2779 1501 2851 χωρεῖ
1527 2768 1582 2831 καί
1612 2762 1676 2880 την

373 2862 460 2934 κατά
481 2869 611 2952 πνεῦμα
624 2863 785 2984 ἑορτην.
828 2863 914 2938 άλλά
942 2867 1004 2955 γὰρ
1027 2861 1122 2951 άρκεῖ
1141 2869 1249 2934 ταῦτα
1271 2868 1317 2945 εἰς
1338 2865 1402 2933 τὸν
1423 2862 1533 2948 περὶ(
1522 2867 1677 2950 εορτῶν

374 2960 478 3053 λόγον
499 2968 555 3034 ἐπί
577 2971 639 3036 τοῦ
659 2961 840 3054 παρόντος.

323 3098 356 3153 25
456 3084 569 3149 XXIV.
587 3087 591 3166 Ι
608 3074 742 3168 Ἰδωμεν
764 3086 800 3152 δὲ
822 3081 873 3164 οἷς
891 3087 1014 3171 χρῆται
1037 3075 1055 3150 6
1073 3085 1200 3161 Κέλσος
1222 3075 1343 3166 λόγοις,
1366 3084 1573 3166 προτρέπων
1593 3074 1677 3167 ἡμᾶς
1696 3095 1746 3149 160

374 3181 428 3248 ἐπί
459 3178 524 3268 τὴν
551 3185 671 3270 χρῆσιν
698 3187 771 3250 τῶν
802 3178 1049 3252 εἰδωλοθύτων
1078 3187 1132 3249 καί
1155 3178 1216 3260 τάς
1243 3183 1480 3267 δημοτελεῖς
1501 3182 1538 3248 ἐν
1560 3183 1678 3266 δημο-

374 3285 531 3350 τελέσιν
553 3281 711 3368 ἑορταῖς
733 3289 860 3364 θυσίας.
904 3276 924 3351 6
947 3286 983 3351 δὲ
1005 3285 1092 3368 λέγει
1115 3274 1256 3350 τοιαύτά
1278 3280 1382 3347 ἐστιν·
1411 3279 1444 3346 εί
1469 3283 1539 3365 μέν
1560 3273 1678 3348 ούδὲν

375 3376 500 3449 ταῦτά
519 3383 602 3450 ἐστι
620 3379 667 3450 τά
686 3384 842 3464 εἴδωλα,
859 3386 897 3451 τί
917 3378 1052 3450 δεινόν
1070 3383 1319 3502 κοινωνησαι
1336 3382 1405 3464 τῆς
1420 3385 1679 3460 πανθοινίας;

376 3480 407 3547 εἰ
438 3473 470 3548 δ’
493 3484 566 3548 εἰσί
597 3507 705 3562 τινες
733 3483 933 3570 δαίμονες,
965 3475 1161 3568 δηλονότι
1187 3483 1253 3548 καὶ
1275 3467 1392 3546 οὗτοι
1414 3481 1606 3547 τοῦθεού
1628 3481 1679 3547 εἰ·

324 3594 358 3648 30
375 3599 446 3660 σιν,
476 3577 535 3659 οίς
563 3585 627 3648 καὶ
656 3585 898 3650 πιστευτέον
924 3585 988 3650 καὶ
1010 3581 1301 3666 καλλιερητέον
1322 3575 1422 3647 κατὰ
1432 3572 1594 3697 ’νόμους
1615 3583 1680 3696 καὶ

376 3685 656 3802 πρρσευκτέον,
686 3676 731 3749 I'v
754 3676 930 3768 εὐμενεῖς
958 3669 1037 3747 ὦσι.
1077 3674 1242 3766 χρήσιμον
1264 3672 1292 3746 δ
1316 3681 1361 3759 εἰς
1384 3682 1491 3746 ταῦτα
1514 3671 1597 3747 ολον
1618 3704 1681 3746 τον

376 3781 491 3863 περι,
495 3777 761 3848 εἰδωλοθύτων“
783 3775 897 3867 λόγον,
929 3780 1105 3866 εἰρημένον
1134 3774 1225 3864 παρὰ
1253 3782 1305 3866 τῷ
1327 3773 1490 3864 Παύλῳ
1476 3803 1513 3845 εν
1536 3783 1578 3864 τῇ
1599 3803 1681 3862 προ-

378 3879 458 3967 τέρη
488 3874 575 3966 πρός
599 3883 806 3966 Κορινθίους
837 3881 1013 3964 ἐπιστολῇ,
1045 3883 1159 3959 λαβεῖν
1192 3879 1237 3957 είς
1265 3893 1377 3964 χεῖρας
1405 3847 1461 3945 κάί
1487 3880 1681 3964 σαφηνίσαι·

462 4065 481 4120 6
499 4082 525 4117 u.
542 4063 560 4118 8
578 4063 640 4133 Vgl.
659 4063 720 4120 Kol.
738 4066 762 4133 2,
782 4065 822 4120 16.
841 4095 874 4104 -
893 4065 931 4120 18
950 4063 1013 4132 vgl.
1032 4063 1108 4118 Βόα).
1126 4063 1150 4126 8,
1168 4064 1192 4117 6.
1212 4064 1235 4116 7.
1253 4092 1286 4102 -
1306 4062 1345 4117 16
1363 4061 1426 4130 vgl.
1444 4058 1524 4116 Ιίουί.
1544 4063 1583 4124 16,
1602 4065 1626 4117 3.
1649 4091 1682 4100 -

379 4147 440 4219 Vgl.
459 4147 544 4202 Exod.
564 4151 604 4212 12,
622 4150 646 4203 8.
665 4179 698 4190 -
717 4150 754 4206 11
775 4151 838 4204 Lev.
852 4151 892 4217 16,
905 4149 945 4203 29.
960 4149 1001 4202 31.
1020 4177 1053 4186 -—
1072 4147 1111 4203 19
1134 4147 1194 4200 Gal.
1207 4149 1231 4211 5,
1245 4149 1285 4202 17.
1303 4176 1337 4186 -
1355 4147 1393 4202 21
1412 4145 1475 4215 vgl.
1494 4147 1608 4212 116168,
1621 4149 1645 4202 6.
1659 4149 1682 4201 7.

380 4264 412 4272 -
429 4233 468 4289 82
488 4234 550 4302 vgl.
568 4235 580 4286 I
599 4235 663 4288 Xor.
681 4235 705 4298 8,
723 4239 748 4290 4.
767 4239 807 4288 11.

463 4401 535 4458 3-4
552 4419 596 4455 am
613 4400 693 4454 Rand
713 4419 748 4471 οη
766 4401 854 4467 1118
872 4396 995 4470 ᾐνίχθαι]
1015 4415 1062 4454 vor
1081 4393 1099 4467 ἠ
1115 4399 1160 4454 ein
1172 4399 1281 4453 Buohst.
1294 4397 1454 4462 υαεταδίεεὲ,
1472 4391 1521 4467 ἡνί
1537 4397 1589 4451 auf
1597 4397 1684 4451 Raeur

380 4488 404 4538 Α
427 4488 432 4553 l
456 4484 636 4556 λελεγμένου]
660 4485 709 4539 das
732 4486 827 4540 zweite
846 4487 862 4538 λ
880 4503 928 4538 aus
946 4503 964 4554 γ
981 4500 1049 4538 cort.
1067 4486 1092 4537 A
1115 4485 1120 4551 Ι
1145 4483 1184 4540 16
1209 4476 1267 4538 κάκ
1283 4483 1407 4538 schreibe
1424 4482 1481 4545 ich,
1505 4478 1538 4536 ἐκ
1555 4481 1619 4535 lieet
1636 4481 1683 4534 Bo.

381 4569 479 4638 (Notae
496 4587 522 4640 p.
539 4572 607 4636 405),
625 4570 674 4624 καί
692 4571 823 4638 AAusgg.
840 4572 844 4637 I
861 4570 899 4626 18
919 4560 993 4624 ὅσον
1012 4561 1052 4623 ἐτι
1072 4564 1169 4624 Αέπεί
1181 4567 1316 4636 MAusgg.
1333 4569 1337 4634 Ι
1352 4567 1390 4622 21
1407 4561 1544 4635 πεφυκός]
1556 4583 1593 4622 πε
1604 4565 1683 4619 Iiber-

381 4653 485 4722 gesehr.
504 4655 541 4705 Αι
556 4653 562 4722 Ι
576 4647 609 4707 τό
628 4654 687 4719 (τοι
704 4645 852 4724 φρόνημα)
870 4663 903 4712 <
920 4653 1057 4721 MAusgg.
1073 4653 1078 4720 ί
1093 4651 1132 4706 26
1150 4643 1201 4714 τάς
1219 4667 1268 4704 aus
1285 4657 1338 4716 τᾶς
1355 4668 1423 4706 corr.
1442 4655 1474 4706 A.
