3780 5538
354 483 414 546 316
895 479 1118 533 ΩΡΙΓΕΝΟΥΣ

354 667 414 722 τος
435 638 519 728 μετὰ
542 643 603 728 τῆς
625 637 766 729 σελήνης
788 639 851 712 τὸν
873 637 969 712 θεόν·
997 647 1140 726 ,αίνεῑτε
1162 639 1224 729 γὰρ
1246 636 1520 760 a615v“502202v‚
1543 632 1657 728 ,ἥλιος

354 745 409 808 καὶ
436 735 597 828 oehjvffl·
624 745 730 829 δῆλον
755 735 830 809 δ”
812 769 866 812 οτι
892 745 1031 831 καὶτῆς
1052 738 1193 830 σελήνης
1213 746 1268 811 καί
1291 734 1494 861 ἀκολούθως
1514 735 1660 810 πάντων

355 846 427 958 τῷν
458 833 665 926 ἀστέρων,
668 843 802 922 ,αίνεῑτε
832 839 895 929 γὰρ
923 837 1049 924 αὐτὸν,
1052 846 1247 928 (<φησί,,>
1250 837 1373 924 ,πάντα
1401 837 1443 910 τὰ
1456 834 1578 959 ἄστρα
1602 845 1658 908 καὶ

354 937 395 1010 τὸ
419 944 523 1025 φῷςί·
558 931 673 1028 ὥσπερ
702 929 766 1009 οὖν
784 937 968 1068 είρὴμαμεν
994 948 1046 1030 τῷ
1073 936 1126 1026 ἐφ’
1148 936 1226 1060 ἡμῖν
1252 936 1396 1011 ἑκάστου
1421 945 1495 1009 τῶν
1521 943 1576 1008 ἐπὶ
1600 943 1659 1026 γῆς

320 1037 615 1127 σκαταχραόμενον
643 1035 707 1108 τὸν
731 1036 870 1108 θεὸν”
841 1067 887 1122 εις
909 1067 987 1111 τινα
1006 1047 1120 1128 χρείαν
1143 1047 1216 1109 τῶν
1238 1043 1354 1110 ἐπὶ”
1314 1067 1374 1128 γης
1395 1043 1658 1125 κατατεταχέναι

355 1141 401 1220 είς
434 1142 513 1208 δέον
544 1133 644 1223 αὐτα,
679 1131 791 1220 ούτως
815 1135 1035 1227 ὑποληπτέον
1063 1145 1114 1228 τῷ
1142 1134 1195 1226 ἐφ’
1217 1136 1297 1229 ῆμῑν
1324 1135 1421 1228 ἡλίου
1441 1143 1496 1207 καὶ
1519 1133 1658 1226 σελήνης

354 1245 411 1308 καὶ
438 1233 589 1324 ἄστρων,
616 1233 758 1326 ύραρότι
784 1245 839 1308 καὶ
866 1244 988 1330 βεβαίῳ
1017 1235 1092 1310 ὄντι
1114 1245 1169 1310 καί
1192 1243 1357 1327 σταθηρῷ
1380 1242 1435 1306 καὶ
1457 1241 1566 1322 σοφῷ,
1590 1241 1657 1305 δια·

355 1343 531 1425 τεταχέναι
557 1327 705 1420 ,πάντα
721 1335 784 1408 τὸν
810 1333 938 1428 κόσμον
964 1343 1027 1410 τοῦ
1055 1335 1224 1426 ούρανοῦί(
1251 1345 1306 1407 καί
1333 1335 1398 1425 τὴν
1425 1341 1499 1412 τῷν
1521 1331 1658 1421 ἄστρων

355 1431 528 1526 ἁρμονίως
555 1442 606 1524 τῷ
632 1444 737 1508 παντὶ
764 1444 906 1526 πορείαν
932 1443 986 1509 καί
1013 1443 1154 1526 κίνησιν.
1195 1444 1250 1506 καί
1274 1441 1302 1505 εί
1322 1443 1397 1522 περὶ
1421 1441 1484 1506 τοῦ
1505 1430 1558 1521 ἐφ’
1582 1430 1659 1523 ἡμῖν

304 1549 337 1602 10
354 1537 472 1624 ἑτέρου
498 1535 542 1624 μὴ
568 1533 680 1624 μάτην
706 1531 858 1625 εὐχομαι,
885 1542 1005 1625 πολλῷ
1032 1543 1139 1607 πλέον
1164 1541 1326 1626 περὶτοῦ
1349 1531 1401 1620 ἐφ’
1427 1531 1505 1623 ἡμῖν
1527 1541 1600 1604 τῷν
1622 1537 1658 1602 ἐν

355 1631 493 1724 οὐρανῷ
516 1643 693 1724 σωτηρίως
721 1642 772 1724 τῷ
798 1643 903 1707 παντὶ
927 1632 1144 1725 χορευόντων
1170 1632 1332 1724 ἀστέρων.
1376 1641 1487 1704 καίτοι
1508 1659 1545 1720 γε
1566 1634 1659 1703 ἔστιν

356 1739 462 1805 είπεῐν
491 1739 568 1821 περί
597 1743 672 1806 τῶν
701 1739 755 1806 ἐπὶ
784 1741 845 1824 7ος
879 1729 933 1807 ότι
965 1739 1093 1806 τοιαίδε
1120 1741 1210 1818 τινὲς
1236 1730 1501 1824 προσγενόμεναι
1527 1737 1564 1803 ἐκ
1585 1740 1659 1802 τῷν

355 1832 597 1922 περιεστώτων
624 1841 806 1920 φαντασίαι
831 1841 1087 1921 προκαλοῦνται
1114 1832 1156 1905 τὸ
1183 1831 1341 1918 ἀβέβαιον
1366 1830 1462 1922 ἡμῶν
1488 1826 1509 1921 ἢ
1537 1831 1578 1904 τὸ
1605 1834 1657 1900 ἐπὶ

356 1934 398 2005 τὸ
424 1950 583 2021 κρεῖττον
605 1932 766 2020 ρεπτικόν
793 1929 891 2021 ἡμῶν
916 1934 1002 2023 πρὸς
1027 1936 1069 2004 τὸ
1096 1941 1234 2023 ποιῆσαι
1261 1927 1280 2020 ἢ
1309 1935 1414 2003 εἰπεῖν
1436 1929 1516 2003 τόδε
1538 1929 1615 2002 τινὰ
1638 1924 1658 2018 ἢ

304 2043 338 2095 7¹
357 2030 452 2103 τόδε·
484 2036 539 2102 ἐπί
570 2038 605 2104 δέ
636 2040 709 2103 τῷν
736 2037 773 2102 ἐν
803 2029 938 2122 οὐρανῷ
963 2043 968 2118 Ι
991 2041 1073 2104 ποία
1103 2032 1243 2105 δύναται
1269 2037 1467 2122 ἐγγενομένη
1489 2037 1658 2118 φαντασία

356 2138 512 2219 ἐκστῆσαι
549 2140 605 2202 καί
638 2137 856 2220 μετακινῆσαι
889 2129 957 2204 ὐπὸ
993 2138 1053 2220 τῆς
1088 2130 1263 2220 ῷφελίμου
1294 2137 1345 2222 τῷ
1376 2127 1493 2220 κόσμῳ
1521 2135 1659 2216 πορείας

357 2233 500 2301 ἕκαστον
526 2237 600 2302 τῷν
630 2231 795 2320 τοιαύτην
827 2230 937 2320 ψυχὴν
966 2228 1034 2303 ὐπὸ
1062 2227 1165 2320 λόγου
1192 2236 1460 2320 κατηρτισμένην
1485 2236 1540 2300 καὶ
1567 2226 1658 2312 παρὰ

355 2328 418 2419 τῆν
440 2327 557 2400 αὐτῷν
584 2333 696 2401 αἰτίαν
722 2327 872 2418 ἐχόντων
897 2337 954 2401 καὶ
980 2328 1128 2421 τοιούτω
1155 2330 1286 2418 στόματι
1312 2333 1452 2418 αἰθερίῳ
1476 2335 1532 2400 καί
1553 2337 1657 2398 καθα-

354 2427 501 2519 ρωτάτῳ
521 2435 724 2519 χρωμένων,·

304 2547 338 2600 20
438 2533 514 2598 VIII
539 2543 563 2600 1.
595 2524 665 2599 Ἔτι
700 2535 736 2600 δὲ
773 2525 835 2600 οὐκ
869 2523 996 2618 ἄλογον
1034 2537 1089 2600 καί
1124 2528 1274 2618 τοιούτῳ
1315 2537 1382 2600 τινί
1417 2534 1658 2617 παραδείγματι

354 2626 542 2718 χρήσασθαι
557 2627 657 2747 nobe.
659 2627 700 2700 τὸ
716 2633 978 2717 προτρέψασθαι
998 2634 1053 2700 ἐπί
1077 2627 1115 2700 τὸ
1138 2625 1298 2714 εύξασθαι
1320 2635 1376 2699 καί
1397 2625 1659 2717 ἀποτρέψασθαι

357 2735 419 2799 τοῦ
452 2724 592 2854 ύμελείν
615 2733 676 2818 τῆς
706 2724 810 2817 εὐχῆς.
854 2722 968 2818 ῷσπερ
999 2724 1060 2798 οὐκ
1088 2733 1126 2814 Ι’
1117 2731 1186 2799 ε’στι
1215 2726 1526 2819 παιδοποιήσασθαι
1556 2733 1659 2816 χωρὶς
1676 2748 1730 2801 210

358 2827 515 2916 γυναικὸς
541 2833 595 2898 καί
622 2831 685 2916 τῆς
710 2830 755 2909 είς
780 2833 1001 2900 παιδοποιίαν
1022 2837 1184 2918 χρησίμου
1204 2832 1584 2918 παραλαμβανομένηςέ
1588 2855 1658 2914 νερ-

356 2933 455 3016 γείας,
486 2921 599 3010 οὕτως
629 2932 741 2998 τῶνδέ
770 2955 877 2997 τινων
905 2923 967 2998 οὐκ
997 2922 1039 2996 ἄν
1065 2957 1116 3010 τις
1143 2926 1247 3016 τύχοι,
1273 2928 1318 3018 μὴ
1346 2923 1461 3010 οὕτως
1482 2923 1660 3016 εὐξάμενος

305 3044 337 3096 25
355 3026 440 3116 μετὰ
467 3033 651 3109 διαθέσεως
677 3033 824 3112 τοιᾶσδε,
851 3025 1024 3098 πιστεύων
1051 3022 1178 3112 οὕτως,
1207 3026 1248 3099 οὐ
1271 3025 1338 3115 πρὸ
1361 3034 1422 3116 τῆς
1442 3025 1539 3116 εὐχῆς
1562 3023 1660 3098 τόιδε

355 3127 481 3214 βιώσας
511 3125 575 3197 τὸν
610 3122 750 3214 τρόπον.
794 3123 835 3198 οὐ
864 3133 1154 3254 βατταλογητέον
1172 3118 1236 3198 οὖν
1270 3126 1347 3198 οὐδὲ
1376 3127 1475 3254 μικρὰ
1502 3133 1660 3217 αίτητέον

356 3223 434 3299 οὐδὲ
456 3235 531 3314 περί
553 3231 711 3312 ἐπιγείων
732 3233 963 3315 προσευκτέον
986 3223 1062 3296 οὐδὲ
1077 3255 1183 3317 μετα,
1186 3221 1317 3316 ,όργῆς“
1331 3233 1386 3298 καὶ
1403 3231 1660 3315 τεταραγμένων

443 3407 540 3462 1υ.9
562 3405 633 3460 Psal.
653 3407 714 3470 148,
733 3407 756 3460 3.
784 3437 816 3446 -
843 3408 863 3462 4
887 3407 948 3477 Vgl.
966 3409 1038 3462 oben
1060 3407 1124 3478 Cap.
1144 3408 1180 3461 VI
1199 3409 1228 3474 3,
1251 3409 1276 3463 S.
1295 3411 1345 3464 313
1363 3408 1389 3462 Z.
1408 3411 1440 3463 13
1450 3408 1478 3461 ff.
1500 3436 1533 3446 -
1556 3407 1574 3462 8
1598 3405 1659 3474 vgl.

357 3493 435 3546 Dent.
455 3496 479 3559 4,
499 3493 539 3546 19.
557 3520 590 3530 -
609 3491 648 3546 29
671 3490 734 3560 Vgl.
752 3492 851 3546 Matth.
870 3493 894 3556 6,
913 3495 936 3547 7.
954 3523 987 3532 -
1005 3492 1068 3562 Vgl.
1086 3493 1157 3547 oben
1177 3493 1241 3563 Cap.
1260 3495 1327 3560 112,
1347 3494 1371 3548 S.
1388 3495 1438 3549 299
1456 3492 1482 3546 Ζ.
1504 3492 1609 3548 19-21.
1628 3519 1659 3528 -

357 3576 394 3632 27
415 3575 478 3644 Vgl.
496 3575 508 3628 1
525 3571 595 3628 Tim'.
613 3575 637 3637 2,
655 3576 679 3631 8.

443 3711 461 3766 9
481 3711 582 3781 (φησί)
606 3711 672 3779 fflge
693 3711 737 3764 ich
760 3712 812 3766 miI
832 3713 914 3780 Angl.
932 3711 987 3780 (bei
1005 3713 1064 3768 Del.
1084 3713 1193 3784 191410
1213 3713 1256 3768 ein
1280 3715 1285 3782 Ι
1307 3712 1325 3766 4
1350 3716 1390 3786 τῷ
1408 3711 1532 3766 schreibe
1548 3710 1592 3764 ich
1610 3710 1661 3762 mit

357 3797 435 3850 Bent„
454 3795 509 3864 (bei
527 3796 586 3849 Del.
606 3797 686 3851 1209
704 3798 784 3850 Anm.
803 3797 830 3864 d]
849 3815 874 3850 u.
893 3797 975 3866 Angl.
995 3799 1028 3865 (ε.
1046 3816 1070 3852 τ.
1087 3798 1136 3864 00,
1154 3795 1188 3853 τό
1206 3799 1334 3866 TAusgg.
1359 3799 1363 3866 Ι
1388 3797 1407 3852 9
1434 3789 1587 3864 ἁρμονίως]
1612 3786 1659 3862 ἆρ-

355 3877 463 3947 μοδίως
480 3880 544 3934 ίίεεθ
560 3880 638 3934 Βειιῒ.
651 3881 708 3949 (bei
725 3881 1006 3951 Del.1209Anm.e)
1024 3883 1095 3937 ohne
1114 3882 1208 3937 Grund
1224 3885 1228 3952 Ι
1245 3883 1284 3939 19
1302 3879 1411 3951 ἐτέρου]
1430 3874 1570 3949 ἡμετέρου
1588 3879 1659 3932 lesen

357 3966 433 4019 Bent.
446 3964 501 4033 (bei
513 3964 573 4019 Del.
585 3966 597 4020 Ι
609 3966 659 4020 209
672 3969 751 4019 Anm.
764 3966 788 4034 ί)
801 3983 825 4018 u.
839 3965 920 4034 Angl.
934 3967 967 4034 (a.
980 3983 1004 4020 ε.
1017 3966 1058 4036 Ο.)
1070 3967 1209 4036 υατίοίιίίς
1223 3968 1228 4035 l
1244 3968 1282 4023 12
1295 3960 1526 4038 προσγενόμεναι
1539 3962 1661 4018 schreibe

356 4051 416 4117 Ich,
444 4043 676 4118 παραγενόμεναι
703 4051 766 4105 Ιίεελ
791 4051 869 4104 Bent.
888 4049 942 4117 (bei
959 4051 1019 4104 Del.
1038 4053 1050 4104 I
1071 4053 1122 4106 209
1140 4055 1220 4107 Anm.
1238 4052 1266 4122 g)
1289 4052 1409 4120 weniger
1431 4055 1492 4123 gun
1519 4043 1659 4120 προγενό-

356 4151 441 4200 μεναι
458 4133 589 4202 TAusgg.
604 4135 609 4202 ί
626 4133 664 4190 14
681 4135 823 4204 κρεῖττον]
840 4141 941 4204 χεῖρον
957 4135 1032 4190 lesen
1050 4137 1129 4190 Bent.
1148 4137 1202 4206 (bei
1220 4136 1279 4190 Del.
1298 4137 1310 4188 Ι
1328 4137 1378 4192 209
1396 4139 1475 4190 Ααω.
1493 4135 1522 4204 h)
1541 4151 1567 4188 u.
1579 4132 1660 4200 Angl.

356 4220 390 4286 (a.
403 4235 427 4272 a„
441 4218 483 4287 0.)
501 4219 573 4272 ohne
592 4219 686 4274 Grund
711 4220 715 4287 Ι
738 4221 775 4276 15
801 4227 872 4274 ποῖα
891 4223 992 4289 Ausgg.
1016 4222 1021 4290 ί
1047 4221 1082 4276 11
1111 4216 1236 4276 ἕκαστον
1256 4219 1323 4291 τοῖν]
1343 4216 1467 4276 ἑκάστου
1485 4219 1582 4275 αὐτῶν
1599 4218 1662 4272 lieet

357 4304 434 4358 Benb.
453 4303 507 4372 (bei
526 4301 586 4360 Del.
606 4305 617 4358 I
636 4305 686 4360 209
703 4305 783 4357 Anm.
801 4304 834 4372 i),
851 4304 945 4358 indem
963 4321 992 4358 er
1010 4305 1061 4360 mit
1079 4305 1105 4358 d.
1124 4309 1225 4374 Ausgg.
1243 4307 1313 4361 ποία
1332 4305 1367 4374 (Z.
1382 4305 1423 4374 10)
1442 4303 1582 4372 unriohtig
1599 4321 1659 4356 zum

357 4387 455 4457 Objecb
472 4389 567 4443 maehb
589 4390 593 4456 1
618 4383 699 4457 παρὰ
721 4389 802 4458 Angl.
827 4393 862 4457 (a.
880 4407 904 4444 εκ
922 4389 963 4458 0.)
981 4389 1041 4445 Del.
1060 4392 1082 4458 (I
1101 4392 1151 4446 209
1169 4393 1248 4444 Anm.
1267 4391 1286 4458 i)
1304 4393 1370 4462 περί
1391 4391 1520 4460 TAusgg.
1537 4395 1540 4456 Ι
1560 4389 1596 4444 18
1615 4382 1660 4442 αύ-

356 4475 424 4542 τῶν]
448 4465 543 4529 αὐτῶν
563 4473 645 4542 Angl.
668 4475 702 4540 (ιι.
720 4491 744 4527 α
760 4474 801 4543 Ο.)
825 4477 830 4542 Ι
857 4475 896 4530 22
919 4481 969 4544 τῆς
995 4469 1075 4545 εὐχῆς
1102 4477 1180 4530 Βεοθ
1203 4475 1258 4542 (bei
1275 4475 1334 4529 Del.
1358 4477 1370 4528 1
1392 4477 1443 4532 209
1461 4478 1541 4529 Anm.
1559 4474 1588 4541 k)
1610 4467 1662 4540 τὴν

357 4553 442 4627 εὐχῆν
458 4559 586 4628 TAusgg.
603 4558 658 4621 ,22
668 4559 702 4614 ff.
720 4575 766 4612 am
778 4559 857 4614 Rand
876 4567 913 4629 σῆ
929 4564 1021 4614 ταῦτα
1039 4577 1092 4613 von
1111 4562 1130 4614 I.
1144 4559 1210 4614 H.T
1225 4565 1229 4629 Ι
1245 4560 1285 4616 25
1305 4554 1347 4629 οὐ]
1366 4561 1415 4614 καί
1428 4559 1508 4628 Angl.
1522 4562 1590 4628 (αα.
1601 4558 1641 4611 Ολ

357 4643 395 4698 20
414 4641 627 4712 βατολογητέον
643 4644 673 4697 Τ.
