3708 5508
582 513 674 568 σενι
691 515 827 568 muz
852 513 880 570 τ.
910 515 940 586 ε,
958 517 982 568 1.
1000 514 1025 568 2.
1054 514 1085 585 ο,
1102 517 1126 568 1.
1438 519 1497 582 317

197 682 368 764 λογισμῶν
388 678 443 745 ἐπὶ
462 673 527 763 τήν
547 675 736 764 προσευχήν
756 681 927 761 ἐλθετέον,
950 671 1024 749 ἀλλ’
1041 671 1119 748 οῦδὲ
1138 683 1242 764 χωρὶς
1263 674 1500 762 καθαρεῦσεως

196 775 288 845 ἐστιν
309 777 484 863 ἐπινοῆσαι
501 779 714 893 γινομένην,
716 781 770 863 ,τῇ
792 781 980 898 προσευχῇ(
1003 773 1140 864 σχολήν·
1162 772 1235 846 ἀλλ’
1252 772 1329 847 οῦδὲ
1347 772 1500 862 άφέσεως

197 869 450 1000 άμαρτημάτων
481 869 556 944 οἶόν
586 902 623 944 τε
653 893 765 962 τυχεῖν
796 873 859 946 τὸν
889 871 1079 964 εὐχόμενον,
1109 873 1153 964 μή
1180 872 1248 946 άπὸ
1277 882 1337 965 τῆς
1362 879 1500 962 καρδίας

199 969 344 1059 άφιέντα
366 981 418 1063 τῴ
439 971 735 1063 πεπλημμεληκότι
756 979 812 1045 καὶ
833 975 1029 1063 συγγνώμης
1051 993 1163 1062 τυχεῖν
1184 971 1335 1060 ἀξιοῦντι
1353 971 1499 1065 άδελφῷ.

162 1087 179 1140 5
281 1084 307 1144 2.
344 1067 514 1159 ω’φέλειαν
540 1079 575 1144 δὲ
602 1077 790 1162 ἐγγίνεσθαι
817 1079 868 1164 τῷ
896 1069 937 1145 όν
963 1081 1014 1144 δεῖ
1038 1070 1170 1161 τρόπον
1197 1069 1414 1164 εῦχομένφ“
1392 1102 1412 1162 η
1444 1079 1500 1146 ἐπὶ

197 1180 302 1245 τοῦτο
333 1171 421 1244 κατά
452 1171 493 1244 τὸ
520 1170 667 1244 δυνατὸν
692 1175 899 1263 ἐπειγομένῳ
925 1180 1107 1262 πολλαχῶς
1134 1169 1276 1263 ἡγοῦμαι
1301 1181 1499 1262 συμβαίνειν.

195 1279 250 1342 καὶ
275 1267 418 1360 πρῶτόν
444 1301 481 1360 γε
505 1269 647 1354 πάντως
674 1265 790 1342 ὦνατό
816 1299 850 1342 τι
877 1266 895 1342 ό
921 1270 1007 1360 πρὸς
1029 1270 1070 1342 τὸ
1092 1268 1253 1358 εὔξασθαι
1274 1281 1393 1356 ταθεὶς
1412 1273 1499 1346 κατὰ

197 1369 259 1442 τόν
278 1377 372 1454 νοῦν,
392 1366 434 1442 δι’
449 1367 553 1460 αὐτῆς
569 1377 629 1460 τῆς
647 1375 684 1442 ἐν
699 1376 750 1459 τῷ
766 1364 922 1458 εὔχεσθαι
943 1369 1182 1454 καταστάσεως
1202 1379 1276 1462 θεῷ
1298 1371 1500 1461 παριστάναι

198 1468 320 1541 ἑαυτὸν
355 1476 410 1540 καὶ
446 1467 592 1560 παρόντι
626 1473 745 1562 ἐκείνῳ
781 1475 889 1559 λέγειν
922 1478 1126 1559 σχηματίσας
1160 1469 1208 1554 αἱς
1238 1476 1413 1560 ἐφορῶντα
1442 1483 1497 1545 καλ

147 1591 180 1645 10
197 1567 353 1658 παρόντι.
398 1563 512 1658 ὥσπερ
543 1569 606 1660 γὰρ
637 1573 671 1641 αἱ
704 1575 831 1642 τοιαίδε
861 1575 1043 1656 φαντασίαι
1072 1577 1125 1642 καὶ
1157 1566 1360 1661 όπομνήσεις
1391 1578 1502 1645 τῶνδέ

198 1699 306 1740 τινων
332 1677 409 1758 περὶ
436 1668 493 1752 τά,
521 1661 572 1741 τόν
597 1667 773 1759 γεγόνασιν
798 1673 833 1740 al
854 1665 1065 1758 ὑπομνήσεις,
1087 1669 1269 1758 μολύνουσι
1291 1671 1371 1756 τοῦς
1393 1683 1500 1760 λογισ-

197 1769 279 1857 μοῦς
297 1767 379 1851 τούς
393 1773 429 1840 ἐν
444 1775 557 1840 ταῖσδε
572 1789 646 1852 ταῖς
661 1776 862 1856 φαντασίαις
882 1775 1131 1858 γεγενημένους,
1154 1768 1217 1841 τὸν
1239 1766 1346 1842 αὐτὸν
1368 1767 1500 1859 τρόπον

197 1875 354 1940 πειστέον
391 1862 601 1958 ὀνησιφόρον
638 1871 724 1940 εἶναι
759 1865 891 1958 μνήμην
926 1875 1192 1958 πεπιστευμένου
1227 1875 1290 1940 τοῦ
1325 1877 1410 1943 θεοῦ
1444 1878 1499 1941 καὶ

197 1974 451 2049 κατανοοῦντος
482 1967 524 2040 τά
557 1973 594 2039 ἐν
624 1974 676 2056 τῷ
708 1963 822 2057 άδῦτιμ
854 1971 915 2055 τῆς
940 1973 1048 2057 ψυχῆς
1073 1965 1249 2058 κινήματα,
1277 1969 1501 2059 ῥυθμιςοῦσης

146 2089 179 2141 15
199 2067 323 2156 ἑαυτήν
358 2063 510 2154 ἀρέσκειν
546 2065 594 2148 σός
629 2063 775 2155 παρόντι
810 2071 866 2135 καὶ
902 2065 1128 2138 ἐποπτεύοντι
1157 2075 1212 2140 καὶ
1243 2065 1416 2155 φθάνοντι
1446 2072 1499 2140 ἐπὶ

196 2163 312 2237 πάντα
343 2170 428 2237 νοῦν
459 2173 510 2256 τῷ
541 2163 698 2252 ἐτάζοντι
723 2173 902 2254 ,,καρδίας“
924 2173 980 2237 καὶ
1001 2172 1184 2256 έρευνῶντι
1209 2167 1403 2255 ,,νεφροῦς.“
1446 2172 1500 2240 ίνα

197 2264 259 2353 γάρ
292 2260 371 2336 καθ’
401 2259 568 2336 ῦπόθεσιυ
583 2270 735 2354 ’μηδεμία
760 2267 811 2337 ἐτι
837 2264 929 2356 παρά
955 2265 1086 2356 ταύτην
1112 2265 1261 2354 ω’φέλεια
1287 2273 1422 2390 γένηται
1448 2275 1499 2358 τῷ

199 2360 451 2452 καταστήσαντι
481 2359 587 2434 αῦτοῦ
618 2362 681 2436 τὸν
714 2363 876 2454 λογισμὸν
906 2371 952 2448 είς
982 2363 1023 2436 τὸ
1055 2361 1223 2455 εὔχεσθαι,
1255 2365 1296 2438 οῦ
1326 2367 1367 2438 τὸ
1399 2368 1501 2457 τυχὸν

198 2467 380 2552 ἐννοητέον
401 2471 515 2546 λαβεῖν
537 2461 600 2534 τὸν
621 2457 735 2547 οὕτως
756 2460 942 2548 εῦλαβως
931 2462 1053 2536 εαυτὸν
1074 2466 1284 2555 ρυθμίσαντα
1306 2470 1344 2537 ἐν
1365 2474 1417 2557 τῷ
1440 2475 1500 2558 τῆς

147 2559 295 2652 θοεάχῆς
324 2567 441 2650 καιρῷ
485 2567 589 2632 τοῦτο
621 2568 656 2632 δὲ
682 2560 861 2653 γινόμενον
887 2561 1051 2648 πολλάκις
1077 2557 1168 2636 ῦσων
1194 2560 1419 2656 άφίστησινε
1398 2597 1499 2658 αμαρ-

198 2658 363 2750 τημάτων
388 2666 443 2732 καί
470 2654 570 2748 ἐφη
552 2686 614 2734 οσα
641 2667 734 2750 φέρει
761 2671 835 2736 τῶν
859 2661 1187 2754 κατορθωμάτων,
1173 2689 1301 2738 ισασιτ
1282 2672 1445 2760 τηπείρα
1468 2671 1499 2738 οἱ

197 2765 432 2849 συνεχέστερον
459 2767 511 2851 τοῦ
539 2756 735 2851 εῦ’χεσθαι“
724 2763 864 2845 εαυτοῦς
885 2760 1136 2847 ἐπιδεδωκότες.
1179 2769 1207 2836 εί
1230 2765 1292 2856 γάρ
1314 2762 1500 2857 ὑπόμνησις

196 2887 251 2930 και
288 2855 497 2949 άναπόλησις
532 2865 710 2951 ἐλλογίμου
744 2858 868 2951 άνδρὸς
901 2869 955 2932 καὶ
992 2859 1212 2954 ωφελημένου
1241 2870 1278 2936 ἐν
1310 2873 1412 2960 σοφία
1445 2871 1500 2938 ἐπὶ

198 2965 301 3048 ζήλου
332 2956 418 3049 ἡμᾶς
451 2957 559 3079 αὐτοῦ
588 2972 808 3049 προκαλεῖται
838 2969 893 3032 καὶ
911 2959 1088 3082 πολλάκις
1113 2961 1327 3052 ἐμποδίζει(
1308 2965 1413 3055 ορμὰς
1439 2965 1500 3050 τάς

147 3078 179 3130 25
196 3063 251 3128 ἐπὶ
280 3056 321 3129 τὸ
348 3077 469 3146 χεῖρον,
495 3056 592 3148 πόσῳ
618 3067 725 3132 πλέον
752 3067 836 3132 θεοῦ
863 3068 926 3133 τοῦ
952 3070 1024 3134 τῶν
1047 3055 1141 3136 όλων
1161 3062 1293 3153 πατρὸς
1314 3061 1501 3154 ῦπόμνησις

149 3177 180 3228 v
197 3156 280 3244 μετὰ
316 3186 378 3247 της
408 3155 495 3244 πρὸς
524 3154 633 3230 αὐτόν
664 3157 762 3250 εὐχῆς
792 3155 923 3248 ὀνίνησι
953 3161 1033 3242 τούς
1063 3165 1292 3250 πείίσαντας
1280 3164 1419 3246 εαυτοῦς
1446 3157 1500 3235 ότι

197 3251 344 3342 παρόντι
365 3253 464 3327 καὶ’
443 3256 606 3330 ακοόοντι
627 3258 856 3350 παρεστήκασι
876 3267 931 3328 καί
952 3265 1084 3348 λέγουσι
1106 3268 1196 3350 θεῴ,·

279 3377 324 3441 lx
348 3385 372 3443 1.
410 3380 707 3446 Κατασκευαστέον
733 3382 768 3448 δὲ
795 3371 864 3447 άπὸ
894 3383 967 3447 τῶν
988 3382 1096 3447 θείων
1118 3385 1261 3465 γραφῶν
1283 3377 1326 3448 τά
1349 3381 1501 3468 εἰρημένα

199 3477 326 3542 τοῦτον
352 3470 416 3544 τὸν
443 3469 583 3560 τρόπον.
624 3479 774 3562 ἐπαίρειν
800 3479 851 3544 δεῖ
870 3471 985 3559 ,ὁσίας
1004 3488 1134 3564 χεῖραςα
1158 3476 1221 3548 τὸν
1243 3473 1425 3566 εῦχόμενον
1446 3479 1501 3550 διά

147 3588 180 3642 30
199 3577 261 3642 τοῦ
280 3567 415 3658 άφιέναι
437 3568 568 3660 ἑκάστῳ
592 3580 665 3644 τῶν
685 3579 731 3656 είς
753 3569 861 3644 αὐτὸν
883 3571 1231 3664 πεπλημμεληκότων,
1254 3575 1295 3648 τδ
1316 3583 1377 3667 τῆς
1399 3573 1502 3668 ὀργῆς

281 3766 298 3820 2
316 3765 387 3835 [vgl.
397 3767 408 3818 I
419 3765 482 3822 Ror.
492 3769 515 3830 7,
526 3769 550 3822 5.
561 3767 602 3836 -]
615 3767 677 3836 Vgl.
686 3767 784 3822 Matth.
794 3770 818 3828 6.
829 3769 869 3822 12.
881 3767 948 3822 Luk.
960 3771 999 3832 11,
1009 3771 1033 3822 4.
1047 3799 1079 3808 -
1093 3769 1131 3824 14
1145 3768 1206 3839 VgL
1219 3769 1290 3825 Ριαί.
1301 3771 1358 3836 138,
1371 3773 1446 3828 2-5.
1460 3774 1502 3829 23.

198 3881 229 3889 -
245 3851 282 3906 15
299 3851 362 3919 Vgl.
375 3849 499 3905 Clemens
511 3851 597 3914 Alex„
617 3851 713 3905 Strom.
729 3850 778 3906 VII
797 3855 820 3914 7,
833 3853 867 3906 36
879 3869 903 3906 ε.
916 3851 947 3906 E.
965 3871 990 3922 p.
1001 3853 1052 3907 852
1069 3853 1111 3908 εδ.
1124 3853 1225 3909 Ροίθει.
1244 3885 1277 3894 -
1297 3857 1335 3913 10
1354 3857 1417 3928 Vgl.
1431 3859 1502 3913 Ρεελ.

198 3937 222 3995 7,
236 3937 275 3989 10.
293 3933 390 3989 Jerem.
404 3938 444 4000 11,
457 3936 497 3990 20.
518 3937 558 3996 17,
572 3937 612 3992 10.
630 3935 707 3991 Rom.
720 3939 744 4004 8,
763 3938 804 3990 27.
827 3936 915 4006 Apok.
928 3937 989 3990 Joh.
1003 3938 1026 4000 2,
1039 3938 1079 3992 23.
1092 3969 1124 3977 —
1143 3939 1181 3994 22
1201 3940 1263 4009 vgl.
1278 3941 1402 3998 Clemens
1416 3943 1502 4009 Alex„

198 4019 295 4074 Strom.
308 4019 359 4074 VII
374 4023 397 4082 7,
409 4021 441 4076 35
454 4037 479 4090 p.
491 4021 541 4075 851
555 4019 596 4076 εδ.
609 4019 711 4075 Ρο1ίετ.
723 4049 755 4060 -
768 4020 808 4076 20
821 4020 884 4090 vgl.
898 4021 910 4074 1
921 4021 990 4074 Tim.
1001 4023 1025 4080 2.
1037 4022 1062 4076 8.
1081 4021 1179 4078 matth.
1192 4025 1216 4091 6,
1230 4026 1269 4080 12.
1284 4027 1325 4079 14.
1344 4027 1411 4081 Ιαιλι.
1425 4030 1464 4090 11,
1476 4030 1501 4082 4.

283 4171 300 4226 5
325 4165 475 4240 ὠφέλειαν]
495 4163 581 4241 ὤφελ’
601 4171 647 4240 [so]
664 4171 705 4240 Τί
724 4173 738 4228 7
758 4163 833 4242 πρός
850 4165 894 4241 τὸ]
912 4164 987 4243 πρός
1003 4173 1043 4246 τῷ
1061 4173 1140 4227 Βεα1.
1158 4173 1212 4240 (bei
1223 4174 1283 4230 Del.
1296 4177 1308 4228 Ι
1320 4178 1371 4230 210
1382 4182 1462 4232 Anm.
1474 4180 1501 4246 ε.)

199 4249 257 4324 πρό
281 4259 333 4310 τοῦ
353 4255 522 4326 Vermutung
544 4256 651 4310 ebenda
674 4257 678 4322 Ι
702 4255 720 4311 8
742 4250 918 4326 παριστάναι
941 4255 1014 4310 Wet.
1031 4253 1210 4328 παρεστάναι
1232 4259 1499 4328 TOx.Lond.Del.1

200 4339 219 4393 0
236 4334 360 4407 παρόντι
378 4347 412 4398 <
429 4339 489 4394 Del.
510 4341 512 4409 ί
535 4341 573 4396 10
591 4333 724 4409 παρόντι]
752 4335 889 4394 δκοάοντι
906 4341 1044 4394 τειιιιαίείι
1060 4341 1142 4410 Angl.
1161 4341 1215 4410 (bei
1232 4343 1291 4399 Del.
1309 4347 1322 4399 Ι
1339 4347 1428 4415 9141)),
1447 4346 1501 4415 vgl.

199 4427 283 4478 unten
305 4423 331 4477 Ζ.
349 4424 382 4478 27
406 4429 410 4490 Ι
434 4442 479 4478 am
502 4424 581 4478 Rand
605 4429 641 4495 σῇ
665 4441 718 4479 von
741 4425 760 4477 Ι.
777 4423 810 4477 Η.
833 4424 882 4492 71
908 4425 946 4480 18
972 4425 1204 4496 πεπιστευμένον]
1227 4423 1420 4498 ἐφισταμένου
1437 4430 1503 4486 oder

201 4501 391 4574 ἐπισταμένου
408 4513 545 4565 τετιααίείι
561 4511 638 4566 Βεαί.
656 4509 710 4574 (1εεί
728 4507 1025 4576 Del.1210Anm.b)‚
1042 4510 1259 4578 παρισταμένου
1276 4513 1356 4583 Angl.
1376 4514 1431 4583 (bei
1442 4514 1502 4570 Del.

201 4589 304 4658 1915a)
322 4591 393 4646 ohne
411 4593 505 4648 Grund
534 4597 538 4662 Ι
566 4595 604 4651 18
627 4588 727 4662 αὐτοῦ]
751 4585 840 4648 αότοῦ
857 4592 942 4647 Lond.
966 4595 971 4660 Ι
995 4593 1035 4650 20
1057 4585 1281 4666 ἁμαρτημάτων]
1300 4591 1503 4671 άμαρτηιημά-

201 4691 258 4729 των
273 4675 296 4727 Τ
310 4677 315 4742 l
331 4676 444 4734 22-23
462 4697 507 4733 σω
525 4678 603 4734 Βααδ
622 4685 657 4748 σῇ
676 4695 729 4732 von
748 4679 766 4732 Ι.
779 4677 813 4730 Η.
831 4676 860 4730 Τ.
