3780 5532
594 476 693 530 ΚΑΤΑ
717 475 874 531 ΚΕΛΣΟΥ
895 475 951 533 vn
973 475 1014 528 48.
1032 477 1074 530 49.
1092 475 1133 531 50.
1151 477 1192 530 51.
1482 483 1540 544 201

240 633 459 722 ὑποτάξαντα
483 634 534 709 ἐπ’
550 642 692 724 ἐλπίδι,“
710 646 758 728 πῆ
773 644 808 709 δὲ
821 634 1036 728 ματαιότητα
1050 635 1335 727 ,,ματαιοτῆτων“
1350 628 1433 726 (ὧν)
1450 639 1543 710 εἶπεν

242 730 260 804 ό
283 735 534 827 ἐκκλησιαστής·
557 735 762 829 ,ματαιότης
783 734 1033 828 ματαιοτῆτων,
1057 737 1099 808 τὰ
1121 734 1235 809 πάντα
1250 733 1462 828 ματαιότης.“
1492 747 1543 821 τίς

241 831 274 904 δ’
297 829 392 906 οῦτω
423 841 618 928 διαβέβληκε
644 837 709 929 τῆν
735 843 886 909 ἐνταῦθα
912 843 981 926 τῆς
1003 833 1193 925 ἀνθρώπου
1214 843 1344 926 ψυχῆς
1366 837 1467 927 ζωὴν,
1495 836 1543 921 οῦς

241 929 260 1004 ὁ
283 935 402 1007 εἰπών·
432 936 544 1026 ,πλὴν
572 935 614 1008 τὰ
640 935 818 1028 σύμπαντα
838 933 1038 1026 ματαιότης,
1061 942 1127 1018 πᾶς
1149 931 1337 1024 ἄνθρωπος
1360 945 1471 1023 ζῶν,·“
1503 935 1543 1008 οῦ

206 1033 302 1124 5γὰρ
331 1039 481 1106 ἐδίστασε
511 1043 587 1125 περὶ
617 1042 679 1126 τῆς
709 1043 874 1126 διαφορᾶς
895 1043 958 1108 τοῦ
980 1043 1041 1125 ζῆν
1067 1043 1137 1125 τῆς
1164 1042 1291 1126 ψυχῆς
1316 1039 1466 1107 ἐνταῦθα
1487 1042 1542 1108 καί

241 1136 305 1218 ἐξω
329 1142 401 1204 τῶν
423 1131 555 1219 ἐνθάδε,
578 1131 652 1206 οὐδ’
674 1137 766 1224 ἔλεγε
786 1143 858 1224 μέν’

407 1242 458 1315 τίς
481 1235 571 1306 οίδεν
593 1240 621 1306 εί
642 1234 683 1307 τὸ
707 1241 767 1326 ζῆν
788 1241 849 1324 μέν
869 1241 940 1308 ἐστι
962 1247 1155 1323 κατθανεῖν,

408 1332 449 1404 τό
471 1344 657 1406 κατθανεῖν
679 1341 714 1406 δὲ
737 1342 811 1425 ζῆν,·

240 1433 362 1520 θαῤῥει
388 1437 424 1502 δὲ
455 1439 562 1521 λέγειν
593 1433 635 1505 τδι
662 1431 776 1525 ἀληθῆ
802 1444 840 1508 ἐν
866 1443 918 1526 τῷ
953 1434 1188 1526 ,ἐταπεινώθη
1216 1438 1261 1519 είς
1286 1441 1370 1524 χοῦν
1396 1431 1416 1524 ῆ
1440 1435 1544 1524 ψυχὴ

191 1551 224 1606 10
242 1527 355 1618 ἡμῶν·
380 1540 435 1602 καί
461 1538 529 1615 ,είς
549 1540 633 1619 χοῦν
655 1532 812 1606 θανάτου
833 1532 1018 1624 κατῆγογές
1040 1543 1111 1620 με“·
1153 1534 1244 1606 καθὸ
1266 1543 1321 1606 καί
1344 1533 1385 1606 τό
1413 1537 1484 1618 ,τίς
1505 1563 1544 1623 με

241 1627 376 1717 ῥῦσεται
399 1636 435 1700 ἐκ
458 1638 521 1702 τοῦ
542 1633 698 1719 σώματος
719 1641 783 1704 τοῦ
804 1632 960 1706 θανάτου
974 1632 1140 1719 τοῦτου,·“
1164 1640 1317 1704 λέλεκται
1338 1641 1393 1704 καί
1419 1631 1458 1704 τὸ
1485 1627 1544 1716 ,ὃς

241 1738 517 1818 μετασχηματίσει
543 1735 549 1821 Ι
577 1731 617 1804 τό
648 1741 743 1822 σῶμα
774 1740 835 1823 τῆς
865 1733 1102 1816 ταπεινώσεως
1130 1730 1253 1823 ῆμοῦν.“
1301 1730 1481 1823 προφήτης
1508 1738 1546 1802 δέ
1562 1751 1614 1804 731

241 1831 387 1899 ἐστικαὶ
410 1825 428 1900 ό
452 1833 558 1903 είπών
581 1829 634 1903 τό·
664 1837 914 1917 ,ἐταπείνωσας
942 1828 1026 1921 ἡμᾶς
1051 1838 1088 1903 ἐν
1114 1829 1212 1922 τόπῳ
1235 1833 1446 1915 κακώσεως,“
1469 1860 1543 1916 ,κα-

240 1926 396 2011 κοτ’σεωςΗ
425 1927 535 2003 τόπον
561 1937 671 2020 λέγων
699 1930 763 2002 τόν
790 1939 960 2021 περίγειον
986 1928 1109 2017 τόπον,
1141 1928 1194 2018 ἐφ’
1218 1927 1259 2004 όν
1280 1937 1453 2020 ἐκβληθεὶς
1474 1927 1543 2003 ἀπό

191 2051 223 2104 15
241 2035 305 2098 τοῦ
335 2034 540 2118 παραδείσου
570 2031 624 2104 διὰ
652 2031 717 2120 τῆν
747 2040 868 2102 κακίαν
899 2030 1064 2122 ἐλήλυθεν
1092 2027 1111 2103 ό
1133 2029 1244 2118 Ἀδὰμ,
1268 2026 1352 2120 ὅπερ
1374 2034 1466 2101 ἐστίν
1486 2027 1543 2101 όν-

240 2136 389 2214 θρωπος.
430 2135 486 2199 καὶ
517 2125 536 2200 ό
567 2138 676 2220 λέγων
704 2137 740 2202 δὲ
772 2125 825 2202 ὅτι
856 2136 1042 2216 ,βλέπομεν
1068 2128 1144 2218 ἄρτι
1172 2130 1213 2201 δι’
1235 2127 1405 2219 ἐσόπτρου
1429 2137 1485 2200 καί
1507 2135 1544 2200 ἐν

241 2231 419 2316 αἰνίγματι,
443 2225 523 2300 τότε
545 2235 581 2300 δέ
602 2226 790 2317 πρόσωπον
812 2231 897 2318 πρὸς
916 2228 1136 2318 πρόσωπον,“
1157 2234 1206 2302 ἐτι
1228 2236 1263 2301 δὲ
1284 2237 1339 2301 καὶ
1356 2226 1408 2301 τό·
1431 2234 1544 2318 ,ἐνδη-

240 2333 382 2410 μοῦντες
407 2332 445 2398 ἐν
472 2336 522 2418 τῷ
549 2329 680 2420 σοίματι
706 2335 912 2420 ἐκδημοῦμεν
939 2326 1007 2400 ἀπὸ
1034 2337 1097 2401 τοῦ
1122 2338 1269 2417 κυρίου,“
1292 2329 1343 2402 διό
1370 2325 1545 2414 ,εὐδοκοῦ-

241 2453 302 2513 μεν
323 2430 503 2517 ἐκδημῆσαι
525 2433 561 2499 ἐκ
583 2435 647 2501 τοῦ
669 2430 825 2519 σώματος
846 2436 900 2499 καί
920 2433 1103 2518 ἐνδημῆσαι
1125 2429 1212 2518 πρὸς
1233 2427 1297 2502 τόν
1317 2427 1464 2518 κῦριον,“
1484 2422 1545 2518 όρα

158 2547 225 2602 184r
242 2533 368 2613 πηλίκα
390 2535 467 2616 περὶ
490 2535 550 2618 τῆς
572 2525 740 2619 διαφόρου
758 2539 761 2616 1
782 2535 871 2618 ζωῆς
892 2536 976 2600 των
1000 2535 1140 2617 ψυχῶν
1161 2527 1373 2618 τεθεωρῆκει.

323 2647 374 2714 LI.
411 2653 477 2715 Καὶ
499 2654 533 2716 τί
553 2674 593 2734 με
615 2651 667 2717 δεῖ
686 2651 740 2717 ἐπί
762 2657 881 2716 πλεῖον
903 2641 1210 2734 ἀντιπαρατιθέναι
1231 2653 1274 2733 τῆ
1297 2652 1383 2732 λέξει
1406 2651 1545 2720 Κέλσου.

242 2739 289 2824 οῦς
315 2751 434 2833 πολλῷ
463 2741 633 2834 πρότερον
655 2744 793 2818 τούτων
814 2741 891 2835 παρ’
915 2741 993 2834 ἡμῖν
1016 2751 1233 2835 λελεγμένων,
1257 2741 1316 2818 ὅτε
1337 2753 1393 2816 καὶ
1414 2749 1450 2816 ἐκ
1473 2752 1546 2816 τῶν

242 2847 425 2932 εἰρημένων
457 2851 561 2932 σαφές
589 2851 659 2917 ἐστι
690 2844 731 2918 τό
762 2843 914 2934 βούλημα
944 2841 1055 2935 ῆμῶν;
1085 2851 1122 2917 ἐν
1149 2845 1286 2929 τούτοις
1307 2850 1342 2916 δέ
1364 2853 1420 2916 καὶ
1442 2849 1546 2916 οἱονεὶ

241 2951 386 3032 τίθησιν,
424 2946 532 3017 είπών
570 2952 722 3040 πνεῦμα
751 2955 849 3017 θεῖον
879 2943 1022 3015 κατιὸν
1057 2948 1098 3014 ἐκ
1128 2951 1226 3016 θεοῦ
1256 2949 1546 3034 προαγγέλλειν

180 3066 223 3126 ‚25
242 3042 288 3112 τὰ
318 3053 427 3126 θεῖα,
458 3041 567 3115 τοῦτ’
590 3037 637 3116 όίν
667 3049 726 3134 ε’ίη
756 3043 802 3116 τὸ
832 3051 984 3130 πνεῦμα
1019 3043 1064 3115 τό
1100 3051 1229 3115 ταῦτα
1259 3042 1473 3133 κηρῦττον,
1501 3035 1544 3114 οῦ

241 3141 286 3230 δὴ
322 3149 576 3231 πλησθέντες
615 3139 758 3232 ἄνδρες
793 3151 961 3214 παλαιοὶ
995 3143 1123 3214 πολλὰ
1159 3139 1314 3229 κάγαθὰ
1351 3139 1546 3232 ἤγγειλαν.

242 3238 303 3312 οῦκ
333 3243 398 3313 είδε
428 3249 464 3315 δὲ
492 3243 660 3334 διαφορὰν
691 3250 764 3314 τῶν
793 3237 873 3332 παρ’
901 3238 980 3332 ῆμίν
1010 3239 1258 3332 ἠκριβωμένων,
1289 3263 1362 3326 τοις
1392 3248 1546 3332 λέγουσιν

242 3334 295 3412 ότι
325 3348 380 3411 καί
412 3340 473 3426 ,τό
501 3337 687 3433 ἄφθαρτόν
714 3367 774 3413 σου
800 3339 952 3431 πνεῦμά
979 3347 1071 3413 ἐστιν
1094 3345 1130 3412 ἐν
1151 3348 1242 3424 πᾶσι,
1265 3341 1317 3413 διό
1340 3342 1420 3424 τοῦς
1441 3370 1546 3430 παρα·

241 3449 433 3525 πίπτοντας
463 3439 537 3513 κατ’
560 3437 695 3532 όλίγον“
726 3446 850 3530 ἐλέγχει
884 3436 903 3512 ό
929 3439 1023 3526 θεὸς,
1057 3439 1220 3528 φάσκουσι
1247 3449 1282 3513 δὲ
1309 3438 1397 3514 ἄλλα
1422 3449 1478 3512 καὶ
1505 3439 1546 3513 τό

325 3612 343 3666 2
368 3611 445 3667 Pred.
466 3613 596 3680 8ο1.1,2.
617 3644 649 3652 -
667 3613 684 3668 4
701 3609 772 3665 ΡεοΙ.
786 3611 827 3673 38,
840 3613 864 3666 6.
883 3641 915 3649 -
936 3611 951 3666 7
973 3609 1034 3680 Vgl.
1053 3609 1174 3682 Euripid.
1187 3611 1225 3664 im
1238 3611 1355 3666 Phrixus
1367 3612 1401 3682 [7]
1415 3612 1460 3666 1ιεὶ
1472 3612 1545 3666 Aris·

241 3697 360 3766 tophan„
375 3695 468 3751 Ranae
482 3697 513 3751 V.
528 3701 601 3762 1477,
619 3698 707 3764 Plato,
726 3697 807 3766 Gorg.
822 3697 886 3766 Cap.
899 3695 998 3749 XLVII
1016 3713 1041 3766 p.
1053 3697 1104 3750 492
1116 3695 1146 3760 Ε,
1166 3697 1290 3752 Clemens
1299 3697 1384 3762 Alex„
1400 3697 1546 3751 strom.111

241 3783 316 3844 3,15
335 3800 358 3852 p.
377 3785 426 3838 517
447 3782 488 3838 εδ.
507 3782 609 3846 Foster,
627 3781 762 3852 Diogenes
780 3783 868 3836 LaArt.
887 3781 925 3834 IX
944 3784 985 3844 11,
1005 3783 1037 3835 73
1057 3799 1081 3835 u.
1100 3783 1132 3838 A.
1152 3783 1194 3848 (=
1213 3781 1254 3835 Fr.
1272 3783 1323 3838 638
1340 3780 1385 3834 bei
1402 3783 1434 3834 A.
1443 3780 1546 3842 Nauck,

239 3864 375 3935 Tragicor.
393 3883 432 3934 gr.
451 3867 483 3920 fr.
503 3869 514 3904 ²
531 3885 556 3938 p.
570 3870 621 3924 560
630 3868 688 3936 sq.).
709 3897 738 3906 -
757 3868 776 3922 θ
795 3865 866 3920 Ρεεί.
884 3866 925 3932 43,
944 3865 985 3920 26.
1005 3895 1037 3904 -
1057 3865 1096 3922 10
1115 3867 1185 3920 ΡευΙ.
1203 3868 1245 3933 21,
1265 3869 1304 3921 16.
1323 3897 1356 3906 -
1375 3864 1451 3920 Rom.
1465 3868 1488 3929 7,
1506 3867 1545 3920 24.

243 3981 276 3989 -
296 3951 332 4006 11
353 3950 423 4004 Phil.
442 3953 466 4013 3,
485 3954 525 4006 21.
544 3983 576 3990 -
597 3953 635 4008 18
654 3951 724 4005 Ρεεὶ.
739 3953 780 4014 43,
799 3951 839 4006 20.
858 3981 890 3989 -
910 3949 951 4006 14
968 3949 1031 4019 vgl.
1051 3951 1119 4006 Gen.
1132 3955 1155 4016 3,
1174 3952 1207 4005 24
1225 3969 1250 4006 υ.
1263 3951 1334 4005 oben
1347 3950 1384 4004 IV
1395 3951 1437 4006 40.
1455 3981 1488 3989 -
1507 3951 1546 4006 1ss

241 4035 329 4089 IKor.
348 4037 388 4098 13,
407 4038 447 4091 12.
470 4067 503 4075 -
529 4039 563 4093 17
585 4038 610 4090 II
629 4039 692 4092 Kor.
711 4039 735 4100 5,
752 4037 776 4091 6.
795 4065 828 4075 -
848 4035 885 4090 18
905 4035 930 4088 lI
949 4035 1013 4088 Kor.
1031 4039 1055 4096 5,
1073 4036 1097 4090 8.
1116 4066 1148 4075 -
1167 4035 1207 4092 28
1226 4036 1328 4091 Weish.
1348 4035 1402 4089 Sal.
1421 4036 1461 4102 12,
1480 4039 1502 4089 1.
1521 4035 1545 4088 2.

327 4188 342 4243 1
363 4175 439 4256 (ὧν),
459 4205 516 4242 was
533 4189 605 4242 nach
623 4182 1079 4274 ματαιοτῆτωνι1εἱο1τίευείκΙίεο
1099 4185 1210 4252 konnte,
1230 4187 1294 4256 stigo
1312 4187 1356 4240 ioh
1368 4185 1420 4250 ein,
1439 4177 1504 4254 (ὡς)
1524 4185 1544 4238 Ρ

240 4286 299 4342 Del.
318 4288 437 4360 weniger
454 4293 505 4360 gut
524 4292 528 4358 Ι
547 4291 562 4344 7
585 4308 619 4372 το
637 4289 687 4358 [ευ]
705 4292 730 4343 A
750 4289 786 4357 Ιθ
807 4273 918 4360 θῖρρεῖ
933 4288 990 4357 [80],
1007 4304 1032 4342 ει
1049 4287 1077 4339 in
1097 4287 1250 4354 Οοπεοίυτ,
1269 4305 1313 4342 am
1332 4288 1428 4342 Raude
1445 4288 1544 4354 mahts,

241 4393 264 4443 A
280 4393 285 4458 Ι
301 4391 339 4447 18
352 4387 516 4460 ἐκδημῆσαι]
531 4377 617 4461 ἐκδηίί
636 4389 687 4460 [ιο]
703 4392 727 4443 A
742 4391 747 4457 l
762 4389 802 4445 24
820 4384 908 4445 είπδν
920 4388 1042 4442 schreibe
1054 4389 1107 4454 ich,
1125 4387 1152 4444 εί
1167 4393 1229 4455 πῶς
1241 4392 1377 4445 τετιουίεί
1388 4390 1436 4444 Βο.
1448 4390 1545 4459 (Notae

240 4493 265 4546 p.
283 4476 353 4544 403);
382 4469 478 4544 ἢπιῦς
500 4475 647 4547 411581),
666 4476 715 4531 καί
733 4474 800 4538 Del.¹
823 4473 877 4542 vgl.
896 4473 968 4527 oben
986 4473 1037 4526 VII
1054 4476 1100 4537 45,
1124 4474 1149 4528 S.
1169 4475 1217 4529 197
1240 4475 1301 4531 25
1329 4479 1333 4542 Ι
1362 4475 1453 4544 θεῖον]
1476 4469 1507 4530 εί
1518 4493 1545 4528 τι

242 4555 342 4616 okeos
362 4559 479 4615 1016017·
491 4562 558 4626 Del„
581 4561 636 4629 νηί.
659 4560 730 4615 oben
754 4557 870 4625 71145,
892 4557 985 4612 8197
1007 4558 1069 4613 Ζ.5
1093 4561 1097 4625 Ι
1125 4559 1336 4629 προαγγέλλειν
1357 4559 1453 4615 ADel.
1475 4575 1546 4630 κρο-

242 4642 373 4716 αγγέλλει
392 4644 469 4700 ΡΗσ.
477 4647 519 4716 Sp.
536 4647 540 4714 Ι
555 4645 591 4700 27
609 4638 665 4701 εἶδε
684 4648 709 4699 A
727 4637 786 4700 οίδε
803 4643 939 4712 MAusgg.
955 4643 1011 4711 128
1029 4637 1104 4698 ἄλλα
1122 4644 1257 4714 MAusgg.
1275 4638 1348 4699 α’λλὰ
1366 4648 1398 4699 Α.
