3780 5532
365 491 427 552 224
908 433 1130 541 ΩΡίΓβΝΟΥΣ

366 644 464 716 θεὸν
496 640 515 716 ό
543 642 708 734 άσχίστως
737 653 792 718 καί
823 643 1022 736 άδιαιρέτως
1047 655 1103 718 καί
1127 643 1315 735 άμερίστως
1337 642 1446 720 αύτὸν
1467 651 1592 732 σέβων
1614 647 1668 719 διά

366 749 430 814 τοῦ
456 743 564 832 μόνου
593 745 827 834 προσάγοντος
854 751 972 835 ἐκείνῳ
1002 747 1088 830 υίού,
1115 751 1188 817 τοῦ
1211 752 1309 818 θεοῦ
1339 746 1445 836 λόγου
1471 753 1527 818 καί
1548 755 1669 835 σοφίας

367 847 404 914 έν
425 851 476 932 τῷ
498 841 602 932 Ἰησοῦ
625 851 877 933 θεωρουμένου,
905 845 988 928 τοῦς
1009 852 1113 918 παντί
1136 845 1257 934 τρόπῳ
1279 853 1507 936 πειρωμένους
1527 846 1668 930 ἑαυτούς

366 946 536 1014 οἰκειῶσαι
566 939 606 1014 δι’
633 948 815 1032 ἐξαιρέτων
847 941 1042 1033 λόγωνκαὶ
1069 945 1228 1034 πράξεων
1253 952 1309 1015 καὶ
1335 947 1574 1034 διανοημάτων
1601 953 1667 1032 [καί

332 1041 558 1131 δυσημάτωυ]
590 1049 642 1132 τῶ
673 1049 736 1115 τοῦ
763 1045 894 1126 παντὸς
922 1050 1115 1134 δημιουργῷ
1140 1049 1234 1135 θεῶ.
1276 1043 1367 1133 παρά
1389 1051 1498 1116 ταῦτα
1522 1041 1555 1116 δ’
1576 1048 1667 1135 οἶμαι

365 1151 421 1212 καί
454 1143 498 1214 τά
528 1141 669 1226 τούτοις
697 1141 914 1232 παραπλήσια
944 1145 1009 1216 τόν
1037 1141 1407 1233 μετασχηματιζόμενον
1432 1147 1500 1228 ,είς
1524 1141 1667 1234 άγγελον

367 1242 505 1330 φωτὸςί(
531 1237 680 1331 άρχοντα
700 1249 786 1328 ,τοῦ
809 1249 934 1326 αἰῶνος
956 1243 1108 1315 τούτουα
1129 1249 1352 1331 πεποιηκέναι
1374 1243 1416 1314 τό
1438 1249 1512 1333 ,τῶ
1535 1249 1571 1314 δὲ
1593 1244 1666 1316 έπε-

366 1369 422 1413 ται
451 1340 594 1430 στρατιά
623 1348 733 1414 θεῶν
762 1373 800 1414 τε
825 1348 882 1412 καί
911 1340 1128 1431 δαιμόνων,
1161 1341 1249 1413 κατά
1276 1343 1393 1412 ἕνδεκα
1413 1351 1531 1432 μοίρας
1553 1371 1667 1432 τεταγ-

364 1448 479 1530 μένη,“
500 1447 537 1513 ἐν
559 1441 610 1525 οῖς
630 1451 708 1530 περὶ
730 1443 853 1513 ἑαυτοῦ
874 1448 1025 1513 καὶτῶν
1048 1439 1359 1530 φιλοσοφησάντων
1379 1449 1466 1530 λέγει
1487 1441 1541 1514 τό·
1563 1443 1667 1532 »μετὰ

316 1557 349 1614 10
365 1547 426 1630 μὲν
449 1541 526 1624 Διὸς
547 1538 647 1632 ἡμεῖς,
670 1539 768 1614 άλλοι
789 1547 825 1612 δὲ
845 1541 930 1630 μετὰ
950 1537 1068 1614 ἄλλων
1089 1539 1323 1628 δαιμόνων.“

449 1663 487 1728 V.
522 1665 671 1732 Πολλῶν
700 1667 818 1730 τοίνυν
848 1663 1040 1747 λεγομένων
1070 1651 1091 1748 ἢ
1126 1655 1241 1729 όντων
1266 1665 1375 1730 θεῶν
1401 1654 1526 1747 ὁμοίως
1550 1663 1587 1728 δὲ
1612 1664 1667 1728 καὶ

365 1765 527 1845 κυρίων,
550 1754 642 1846 ἡμεῖς
662 1755 777 1829 πάντα
799 1754 1005 1846 πράττομεν,
1028 1753 1070 1828 ἵν’
1086 1752 1128 1829 ού
1148 1753 1236 1847 μόνα
1257 1757 1300 1828 τά
1321 1757 1598 1847 προσκυνούμενα
1620 1755 1667 1838 ῶς

282 1857 484 1940 1911θεοῦς
505 1856 596 1946 παρὰ
619 1876 692 1940 τοῖς
713 1860 768 1927 ἐπὶ
790 1863 849 1946 γῆς
871 1860 1005 1927 ἔθνεσιν
1026 1853 1291 1944 ῦπεραναβῶμεν
1309 1867 1313 1943 Ι
1332 1854 1419 1929 άλλά
1441 1857 1504 1947 γάρ
1529 1863 1585 1928 καί
1607 1849 1668 1938 οῦς

366 1981 469 2044 φασιν
502 1961 535 2028 αί
565 1965 689 2047 γραφαὶ
719 1956 851 2040 θεοὺς,
882 1965 959 2045 περὶ
985 1946 1037 2026 ῶν
1059 1953 1157 2027 οῦδὲν
1178 1959 1288 2027 ίσαοιν
1309 1959 1341 2027 οἱ
1362 1963 1474 2042 ,ξένοι
1496 1963 1589 2027 τῶν“
1611 1955 1667 2026 διά

316 2066 370 2146 15]
395 2063 568 2140 Μωῦσέως
589 2067 645 2127 καὶ
667 2061 729 2127 τοῦ
751 2062 906 2145 σωτῆρος
920 2051 1024 2144 Ἰησοῦ
1046 2051 1142 2144 ἡμῶν
1160 2061 1376 2144 ,διαθηκῶιέ
1398 2062 1471 2127 τοῦ
1491 2061 1590 2128 θεοῦ
1610 2063 1667 2126 καί
1688 2073 1737 2125 747

365 2162 398 2230 οἱ
413 2153 589 2247 άλλότριοι
603 2165 677 2228 τῶν
692 2155 746 2226 διά
762 2155 899 2227 τούτων
914 2160 1133 2244 δηλουμένων
1146 2152 1480 2244 ἐπαγγελιῶναύτοῦ.
1501 2151 1667 2240 ύπερανα·

365 2267 471 2342 βαίνει
493 2262 528 2327 δὲ
554 2255 619 2345 τὴν
644 2254 735 2343 παρά
757 2261 839 2326 πᾶσι
861 2259 1084 2342 δαιμονίοις
1106 2260 1262 2325 δουλείαν
1283 2249 1303 2325 ό
1323 2260 1428 2343 μηδὲν
1449 2257 1565 2343 ἔργον
1586 2258 1668 2324 δαι-

365 2366 523 2447 μονίοις
543 2364 645 2443 φίλον
660 2362 781 2434 ποιῶν,
796 2359 851 2423 καί
864 2351 1123 2441 ῦπεραναβαίυει
1137 2351 1202 2441 τὴν
1215 2358 1331 2442 μερίδα
1346 2360 1420 2424 τῶν
1434 2353 1525 2442 παρά
1540 2353 1666 2444 Παύλῳ

366 2463 558 2546 λεγομένων
578 2455 662 2526 είναι
685 2462 793 2546 θεῶν
816 2448 835 2524 ό
856 2458 1006 2537 σκοπῶν,
1030 2457 1096 2523 ε’ίτε
1111 2449 1159 2534 ῶς
1173 2457 1295 2524 ἐκεῖνοι
1310 2449 1373 2523 εἴθ’
1391 2447 1487 2536 όπως
1500 2459 1587 2524 ποτὲ
1602 2455 1666 2540 ἔχει

314 2573 348 2628 20
367 2556 410 2628 τά
432 2553 626 2644 πράγματα,
647 2550 688 2624 οῦ
709 2552 773 2638 ,τά
795 2549 983 2641 βλεπόμενα
1004 2548 1091 2623 άλλά
1113 2552 1156 2622 τά
1177 2551 1222 2642 μὴ
1243 2549 1468 2642 βλεπόμεναίί·
1495 2559 1550 2623 καὶ
1573 2548 1667 2641 ὁρῶν

364 2686 426 2738 τις,
449 2662 526 2726 τίνα
548 2651 757 2742 τρόπονκαὶ
779 2649 820 2740 ,ἡ
842 2658 903 2742 τῆς
924 2659 1064 2734 κτίσεως
1085 2649 1341 2742 άποκαραδοκία
1363 2652 1427 2742 τὴν
1449 2650 1666 2740 ἀποκάλυψιν

365 2763 439 2825 τῶν
464 2755 550 2824 υίῶν
576 2758 648 2824 τοῦ
672 2759 771 2824 θεοῦ
796 2748 1043 2838 άπεκδέχεται,“
1066 2747 1146 2840 ,ούχ
1169 2753 1288 2822 ἑκοῦσα
1315 2748 1401 2822 άλλά
1424 2752 1478 2824 διά
1500 2751 1563 2824 τόν
1584 2751 1666 2824 ύπο-

365 2853 516 2941 τάξαντα
542 2846 594 2923 ἐπ’
615 2857 758 2936 ὲλπίδι,“
783 2847 947 2938 εῦφημῶν
972 2850 1037 2940 τὴν
1058 2860 1168 2922 κτίσιν
1189 2855 1244 2920 καί
1266 2857 1412 2937 βλέπων,
1436 2859 1512 2922 τίνα
1535 2849 1666 2941 τρόπον

364 2949 720 3042 ,,έλευθερωθήσεται“
738 2957 830 3022 πάσα
845 2948 933 3036 ,άπὸ
955 2957 1017 3040 τῆς
1039 2958 1190 3033 δουλείας
1211 2956 1273 3039 τῆς
1294 2957 1447 3038 φθορᾶς“
1467 2958 1523 3021 καὶ
1545 2980 1666 3023 καταν-

315 3070 348 3125 25
367 3053 503 3144 τήσεται
530 3058 597 3137 ,είς
623 3051 688 3141 τὴν
710 3056 905 3140 ἐλευθερίαν
926 3057 987 3140 τῆς
1009 3047 1107 3140 δόξης
1129 3058 1203 3121 τῶν
1224 3055 1358 3120 τέκνων
1379 3057 1451 3121 τοῦ
1471 3059 1604 3135 θεοῦ,“
1627 3047 1668 3122 ού

366 3160 568 3241 περισπᾶται
587 3150 674 3241 πρὸς
693 3149 766 3240 <τὸ>
790 3159 847 3242 τῷ
869 3159 951 3242 θεῷ
973 3156 1028 3220 καὶ
1050 3145 1144 3240 άλλῳ
1161 3157 1228 3221 τινὶ
1250 3148 1454 3222 δουλεύειν
1474 3147 1546 3239 μετ’
1562 3147 1669 3222 αύτοῦ

367 3250 444 3326 οῦδὲ
464 3251 551 3342 πρὸς
572 3251 614 3324 τό
636 3258 730 3336 ,δυσί
751 3259 903 3338 κυρίοις
926 3249 1160 3320 δουλεύειν.“

449 3349 490 3424 σύ
521 3348 695 3434 στάσεως
728 3341 792 3422 οῦν
822 3349 936 3439 φωνὴ
967 3354 1021 3420 ἐπὶ
1048 3367 1121 3431 τοῖς
1148 3344 1287 3436 νυὴσασι
1314 3347 1357 3420 τά
1384 3354 1527 3420 τοιαῦτα
1547 3349 1668 3439 καὶμὴ

367 3457 506 3522 θέλουσι
528 3448 785 3535 ,,δουλεύειν“
812 3458 970 3520 πλείοσι
996 3456 1210 3533 ,,κυρίοις,“
1231 3445 1285 3518 διά
1317 3454 1422 3519 τοῦτο
1452 3445 1669 3538 άρκυυμένοις

317 3568 350 3620 30
367 3559 491 3641 κυρίῳ
521 3546 624 3640 Ἰησοῦ
651 3556 804 3639 Χριστῷ,
836 3546 1033 3619 παιδεύοντι
1060 3543 1118 3634 ῦφ’
1146 3548 1255 3636 ἑαυτῷ
1287 3547 1367 3630 τοῦς
1398 3548 1670 3632 δουλεύοντας

450 3770 669 3840 2vgl.J0h.1‚
689 3775 712 3826 1.
736 3770 803 3824 Luk.
823 3773 863 3836 11,
881 3770 922 3824 49.
944 3769 956 3822 Ι
976 3768 1038 3822 Xor.
1058 3771 1081 3834 1,
1101 3767 1141 3823 30.
1160 3797 1193 3806 -
1212 3769 1231 3822 6
1250 3767 1312 3835 Vgl.
1332 3769 1356 3822 11
1375 3769 1493 3838 Kor.11‚
1511 3775 1551 3825 14.
1576 3771 1662 3826 IXor

367 3857 391 3923 2,
409 3857 434 3910 6.
451 3857 476 3911 8.
503 3885 536 3894 -
562 3855 577 3909 ί
603 3855 665 3924 vgl.
683 3855 772 3919 Plato,
790 3855 891 3908 Phndr.
910 3853 973 3922 Cap.
991 3851 1081 3906 XXVI
1103 3869 1128 3922 p.
1147 3849 1370 3907 24611-24714.
1397 3885 1430 3893 -
1456 3856 1476 3911 9
1499 3855 1562 3925 Vgl.
1580 3856 1669 3918 ΡΙιιίο,

368 3941 468 3994 Ρίεῦδε.
487 3939 551 4009 Cap.
569 3939 645 3994 XXX
663 3957 688 4010 p.
701 3941 751 3995 250
763 3940 840 3993 B.-
859 3937 898 3994 14
916 3937 980 4006 vgl.
998 3935 1096 4007 Ephes.
1113 3937 1138 3997 2,
1156 3935 1196 3989 12.
1216 3965 1248 3974 -
1267 3936 1306 3992 19
1326 3936 1389 4006 vgl.
1411 3939 1561 4004 11K0r.4,
1580 3941 1671 3995 18.-

368 4026 406 4080 21
427 4025 489 4094 Vgl.
507 4025 584 4080 Rom.
602 4025 626 4088 8,
646 4025 753 4080 19-21.
772 4023 858 4080 -21
879 4023 978 4076 Matth.
997 4024 1020 4088 6,
1039 4023 1079 4074 24.
1104 4019 1172 4074 Luk.
1192 4019 1232 4080 16,
1251 4021 1291 4074 13.

452 4210 470 4264 4
493 4210 550 4278 [καί
568 4204 730 4279 νοημάτων]
753 4208 821 4276 tilge
843 4206 887 4260 ich
911 4206 981 4260 nach
1001 4206 1021 4258 P
1038 4205 1090 4259 mit
1107 4205 1174 4269 Del„
1197 4207 1423 4262 wahrscheinlich
1445 4209 1496 4263 hat
1518 4203 1672 4278 νοημάτων

369 4293 411 4348 als
428 4294 561 4348 variante
579 4312 612 4348 zu
630 4286 830 4361 διανοημάτων
848 4308 892 4344 am
912 4289 990 4343 θεοῦ
1008 4290 1159 4359 gestanden
1174 4292 1178 4358 1
1195 4291 1213 4346 8
1231 4291 1337 4362 μοίρας
1354 4292 1520 4363 τεταγμένη]
1538 4292 1612 4363 μέρη
1629 4311 1672 4348 κε-

369 4375 536 4448 κοσμημένη
554 4378 634 4432 Plato
654 4381 658 4444 l
680 4377 719 4433 10
742 4368 812 4444 μετά
832 4370 927 4428 ἄλλων
945 4367 1099 4444 δαιμόνων]
1121 4367 1183 4442 μετ’
1200 4365 1291 4430 ἄλλον
1307 4377 1386 4430 θεῶν
1403 4376 1482 4432 Plato
1498 4380 1502 4446 Ι
1521 4379 1559 4434 13
1578 4372 1671 4434 ἔθνεσι

371 4477 394 4527 Δ
413 4475 417 4540 Ι
439 4475 476 4528 Ιῦ
502 4477 633 4542 σωτῆρος
654 4464 744 4540 ’ίησοῦ
762 4462 850 4540 ἡμῶν]
870 4459 929 4539 υῖῖῦ
944 4463 1061 4538 ὲῆμῶν,
1079 4468 1135 4521 und
1153 4451 1210 4522 ν’τίῦ
1226 4485 1271 4522 am
1289 4467 1369 4522 Rand
1387 4471 1598 4540 nachgetragen‚
1611 4477 1646 4526 Αἱ
1668 4482 1669 4515 ί

372 4558 410 4612 19
429 4550 508 4620 ὅπως
525 4575 596 4611 ποτε
614 4556 713 4622 4124
734 4547 944 4624 καταντήοεται
962 4553 1067 4608 seheint
1084 4570 1132 4606 aue
1154 4546 1218 4608 κατ’
1235 4546 1386 4622 α’ντὴσεται
1404 4571 1471 4609 corr.
1489 4560 1514 4610 A
1529 4557 1533 4624 Ι
1549 4555 1587 4612 26
1608 4551 1671 4627 (τό)

372 4645 410 4712 τῷ
427 4643 486 4714 θεῷ
504 4639 562 4694 Del.
581 4635 614 4694 τό
632 4643 692 4712 θεῷ
710 4641 757 4693 Βο.
776 4639 874 4708 (Notae
891 4657 916 4710 p.
934 4641 1003 4701 404]
