3708 5508
577 498 678 553 ΚΑΤΑ
701 496 861 551 ΚΕΔΣΟΥ
882 495 957 552 v111
979 494 1021 547 34.
1038 493 1078 548 35.
1097 493 1138 548 36.
1441 496 1500 556 251

200 689 273 732 νων
303 667 337 732 δὲ
367 657 453 748 πρὸς
484 658 547 732 τὸν
573 656 726 732 εἰπόντα·
756 655 976 746 ,ἀπολοίμην
1004 653 1063 726 ἐὰν
1089 651 1133 744 μή
1155 677 1190 724 σε
1213 647 1502 742 <τιμωρήσωμαι,“

200 763 287 850 ,ἐγω
311 765 376 844 δὲ(
399 764 503 849 ἔφη,,
508 759 576 843 ,ἐάν
597 757 641 849 μή
664 765 715 848 σε)
739 768 842 846 φίλον
864 754 1071 876 m6-“606162

284 866 338 930 καὶ
369 856 503 930 οὐδέπω
534 865 623 949 λέγω
650 858 736 941 τούς
765 856 852 928 κατὰ
884 855 948 945 τὴν
975 859 1192 927 διδασκαλίαν
1227 847 1329 940 Ἰησοῦ
1355 875 1502 919 πεποιω-

201 965 321 1048 μένους
346 964 401 1029 καὶ
428 955 638 1042 ἀκούσαντας
664 963 727 1030 τοῦ
748 953 921 1045 ,άγαπᾶτε
944 956 1024 1038 τοὺς
1045 948 1227 1042 ἐχθροδς“
1206 959 1303 1040 υμῶν
1323 955 1378 1018 καὶ
1400 969 1501 1035 προσ-

166 1073 183 1127 5
202 1058 337 1147 εὔχεσθε
357 1055 441 1148 ὑπὲρ
463 1067 537 1130 των
559 1052 853 1150 ἐπηρεαζόντων“
833 1062 926 1144 υμᾶς
949 1047 1044 1136 ὅπως
1059 1061 1201 1142 γένησθε
1215 1053 1281 1122 υίοὶ
1297 1055 1360 1119 τοῦ
1373 1043 1504 1134 πατρὸς

201 1153 296 1279 δμρλν
319 1186 381 1228 του
366 1162 439 1230 ’ἐν
461 1178 535 1242 τοῖς
557 1155 723 1246 οδρανσῑς,
747 1151 785 1239 ός
807 1152 870 1226 τόν
892 1149 990 1244 ἥλιον
1012 1150 1118 1224 αὐτου
1102 1150 1315 1224 ἀνατέλλει
1329 1152 1382 1219 ἐπὶ
1398 1173 1504 1235 πονη-

201 1257 281 1342 ροὺς
307 1263 363 1328 καὶ
386 1253 537 1346 ἀγαθοὺς
557 1266 612 1330 καὶ
634 1263 741 1378 βρέχει
762 1259 817 1326 ἐπὶ
838 1259 988 1337 δικαίους
1012 1260 1068 1324 καὶ
1089 1250 1256 1335 άδίκουςέ
1296 1257 1353 1318 καὶ
1375 1251 1412 1316 ἐν
1432 1263 1505 1328 τοῖς

199 1375 425 1446 προφητικοϊς
454 1363 489 1428 δὲ
515 1354 628 1446 λόγοις
655 1353 674 1428 6
701 1362 828 1437 δίκαιος
854 1352 995 1425 τοιαῦτά
1021 1377 1116 1444 φησι·
1146 1350 1259 1440 ,κύριε
1286 1345 1304 1421 6
1327 1344 1408 1430 θεός
1429 1374 1503 1436 μου,

200 1461 228 1524 εί
256 1459 396 1546 ἐποίησα
417 1463 537 1541 τοῦτο,
564 1461 634 1527 εί”
619 1481 710 1528 εστιν
732 1452 902 1527 άδικίαέν
883 1461 1014 1575 νκίχερσ
1035 1481 1111 1573 μου,
1136 1457 1163 1522 εί
1185 1446 1411 1522 άνταπέδωκα
1434 1463 1505 1565 τρίς

150 1568 184 1622 10
200 1551 463 1627 άνταποδιδοῦσί
480 1585 537 1645 μοι
558 1556 655 1641 κακὰ,
679 1553 881 1641 άποπέσοιμι
904 1550 969 1642 ἄρα
988 1549 1056 1623 άπό
1073 1558 1147 1623 τῶν
1162 1555 1299 1671 ἐχθρῶν
1313 1576 1380 1638 μου
1394 1541 1504 1627 κενός·

199 1650 455 1741 καταδιώξαι”
435 1682 499 1774 αρα
527 1650 690 1744 όέχθρὸς
715 1653 781 1744 τὴν
796 1649 919 1790 ρυχήν
943 1680 1009 1741 μου
1029 1655 1084 1721 καί
1105 1647 1300 1735 καταλάβοι
1322 1655 1378 1719 καὶ
1399 1676 1504 1718 κατα·

200 1751 349 1842 πατῆσαι
371 1759 417 1836 εἰς
437 1761 500 1876 7612
522 1784 586 1845 την
609 1753 700 1844 ζωήν
721 1765 815 1844 μον.“

282 1857 425 1924 XXXVI
460 1850 546 1925 Ἀλλ
568 1852 641 1944 οὐχ,
669 1885 716 1937 ως
744 1859 850 1925 οἴεται
871 1856 1012 1935 Κέλσος,
1034 1849 1284 1936 βλάπτουσιν
1307 1852 1339 1919 ολ
1361 1844 1504 1936 άληθῶς

200 1949 400 2040 σατράπαι
436 1949 551 2023 καὶ
536 1953 709 2078 ὕπαρχοι
744 1961 799 2024 καὶ
835 1957 1053 2040 στρατηγοὶ
1088 1957 1144 2022 καὶ
1179 1955 1395 2038 ἐπίτροποι
1432 1951 1504 2016 τοῦ

149 2058 299 2122 ίὸθεσῦ
330 2047 466 2141 ἄγγελοι
497 2053 577 2136 τούς
606 2051 858 2143 δβρίζοντας·
893 2055 922 2120 εί
952 2055 989 2121 δέ
1017 2079 1108 2132 τινες
1137 2060 1142 2137 Ι
1169 2045 1391 2134 βλάπτουσι
1422 2051 1570 2116 δαί-769

200 2177 331 2239 μονες,
361 2147 421 2234 οὓς
448 2151 648 2242 ἐφαντάσθη
674 2159 728 2221 καὶ
752 2147 770 2222 6
794 2155 935 2235 Κέλσος,
962 2148 1207 2235 βλάπτουσιν
1232 2146 1280 2229 οός
1303 2153 1427 2234 φαῦλοι
1447 2151 1504 2215 καὶ

199 2257 362 2338 μηδεμίαν
383 2259 589 2340 σατραπείαν
616 2247 636 2341 6
659 2258 865 2341 στρατηγίαν
886 2245 907 2338 6
930 2249 1120 2339 ἐπιτροπὴν
1147 2256 1217 2319 τοῦ
1242 2253 1340 2318 θεοῦ
1365 2251 1504 2334 ἐγκεχει-

200 2355 358 2438 ρισμένοι,
379 2359 435 2421 καὶ
457 2353 677 2436 βλάπτουσι
701 2350 781 2434 τοὺς
801 2349 1041 2439 ὑποκειμένους
1063 2346 1178 2431 αότοίς
1197 2355 1252 2418 καὶ
1266 2343 1504 2432 βαστάξαντας

201 2449 343 2533 ἓαυτούς
373 2447 421 2533 αός
453 2448 629 2534 δεσπόταις
659 2455 806 2534 ἐκείνοις.
856 2449 941 2538 τάχα
971 2451 1033 2538 γάρ
1063 2457 1119 2520 καὶ
1147 2447 1200 2518 διά
1231 2453 1338 2518 τοῦτο
1369 2449 1401 2516 σί
1423 2441 1502 2516 καθ’

151 2565 185 2621 20
202 2549 344 2620 ἕκαστον
366 2546 477 2622 τόπον
499 2557 545 2634 εἰς
568 2551 610 2622 τὰ
632 2558 852 2641 νενομισμένα
873 2549 1035 2639 βρώματα
1055 2549 1099 2639 μὴ
1122 2554 1192 2619 δεῖν
1213 2551 1421 2618 ἐσθίεσθαι
1443 2573 1504 2615 πα-

203 2655 443 2735 ρανομοῦντες,
470 2655 498 2720 εί
523 2658 583 2740 μὲν
606 2659 679 2723 τῶν
699 2647 767 2722 άπὸ
790 2649 870 2731 τούς
892 2655 1084 2739 δαίμονας
1106 2651 1171 2720 είεν
1193 2652 1354 2730 ἐκείνους,
1381 2644 1504 2730 βλάπ-

202 2773 356 2819 τονται’
386 2755 414 2819 εί
440 2753 478 2820 δέ
497 2780 586 2833 τινες
608 2758 682 2820 τῶν
704 2746 764 2837 οόχ
786 2743 843 2819 ὐπ’
858 2753 1007 2831 ἐκείνους
1028 2745 1106 2819 οὐδὲ
1127 2745 1251 2829 αότούς
1271 2743 1505 2831 βαστάξαντες

202 2855 253 2937 τῷ
284 2855 349 2919 τοῦ
378 2846 489 2920 τόπου
521 2857 696 2937 δαιμονίῳ,
728 2847 903 2937 ἐλεύθεροι
937 2844 1004 2919 άπὸ
1038 2854 1101 2919 τοῦ
1126 2842 1182 2918 ὐπ’
1204 2852 1343 2918 ἐκείνων
1367 2855 1503 2927 παθεῖν,

202 2947 332 3036 μακράν
361 2955 487 3039 χαίρειν
517 2946 670 3032 εἰπόντες
702 2966 773 3030 τοῖς
804 2953 949 3018 τοιοισδλ
981 2952 1178 3037 δαιμονίοις,
1208 2943 1325 3028 άλλοις
1355 2943 1409 3015 διδι
1440 2942 1504 3031 τὴν

152 3063 186 3118 26
203 3057 278 3135 περὶ
309 3043 395 3120 άλλα
423 3043 565 3138 ἄγνοιαν
595 3048 735 3130 ἑαυτοὺς
764 3043 1010 3132 βαστάξαντες,
1041 3042 1097 3117 ὑπ’
1120 3051 1259 3116 ἐκείνων
1284 3042 1423 3132 πάσχειν
1451 3041 1503 3112 δό-

203 3175 334 3232 νανται,
357 3144 430 3218 ἀλλ’
453 3144 494 3218 οό
508 3145 720 3235 Χριστιανὸς,
744 3142 762 3218 6
786 3143 925 3236 άληθῶς
939 3144 1141 3232 Χριστιανός
1163 3150 1219 3216 καὶ
1239 3141 1411 3230 δποτάξας
1433 3145 1504 3213 ίαν

118 3244 267 3318 2012τόν
294 3257 298 3332 Ι
325 3243 421 3336 μόνῳ
453 3255 507 3336 τῷ
539 3253 619 3336 θεῷ
651 3255 707 3316 καί
738 3252 789 3335 τῷ
822 3241 914 3334 λόγῳ
942 3241 1060 3328 αὐτοῦ,
1087 3241 1197 3315 πάθοι
1223 3273 1257 3314 τι
1278 3239 1321 3315 άν
1342 3241 1409 3314 ὑπὸ
1432 3249 1506 3312 τῶν

204 3351 397 3432 δαιμονίων,
420 3341 481 3416 άτε
501 3353 670 3434 κρείττων
692 3341 896 3434 δαιμόνων
917 3342 1107 3433 τυγχάνων·
1130 3351 1186 3414 καὶ
1208 3340 1249 3414 06
1272 3341 1381 3415 πάθοι
1404 3341 1432 3432 γ’
1452 3337 1504 3423 άν,

204 3448 275 3515 ἐπεὶ
296 3453 522 3535 ,παρεμβαλεῑ
546 3441 683 3534 ἄγγελος
707 3451 826 3533 κυρίου
846 3442 959 3533 κύκλῳ
983 3450 1057 3516 τῶν
1079 3449 1302 3531 φοβουμένων
1323 3438 1429 3513 αὐτὸν
1449 3449 1505 3512 καὶ

290 3601 305 3662 1
328 3599 389 3670 Vgl.
406 3599 546 3664 Plutarch,
565 3601 605 3654 De
623 3599 777 3654 cohibenda
795 3598 837 3653 ira
854 3599 917 3669 Cap.
935 3599 998 3652 XIV
1017 3617 1042 3670 p.
1060 3599 1111 3655 462
1122 3599 1150 3653 G.
1169 3629 1202 3638 -
1219 3597 1236 3652 4
1255 3597 1351 3652 matth.
1370 3600 1394 3659 5.
1412 3599 1454 3651 44.
1472 3600 1506 3651 45

203 3685 280 3752 (Luk.
299 3687 323 3754 6,
341 3687 382 3740 27.
400 3685 452 3752 28).
470 3717 503 3726 -
522 3685 539 3741 8
558 3685 631 3741 Ρευί.
652 3687 675 3748 7,
693 3685 768 3738 4-6.
787 3713 820 3723 -
838 3683 877 3739 26
895 3683 966 3738 Ρεαί.
985 3685 1026 3752 33,
1044 3684 1068 3739 8.

290 3821 306 3876 1
327 3814 556 3892 (τιμωρήσωμαι,
574 3814 630 3890 ἐγὼ
650 3817 686 3888 δέ,
706 3812 768 3889 ἐφη,
787 3812 839 3873 ἐὰν
855 3813 894 3886 μή
908 3818 955 3890 σε)
971 3817 1197 3873 πείιιεαίιείνίίοίι
1208 3833 1304 3886 wegen
1316 3817 1364 3871 des
1376 3815 1504 3870 Homoio·

203 3905 326 3960 teleuton
345 3903 527 3974 αυεςείαίίενς
546 3921 601 3958 von
612 3905 665 3959 mir
676 3905 728 3960 mit
739 3903 792 3958 den
805 3907 908 3972 Ausgg.
920 3904 992 3958 nach
1005 3902 1144 3963 Plutarch,
1156 3901 1197 3956 De
1209 3901 1298 3958 cohib.
1310 3901 1353 3954 ira
1365 3901 1429 3972 Cap.
1441 3901 1506 3954 XIV

203 4007 229 4059 p.
247 3989 329 4044 4620
347 3987 500 4058 εἰιιςείδς),
524 4007 575 4043 nur
597 3989 660 4044 daea
678 3987 722 4043 die
739 3991 839 4057 Ausgg.
858 3981 935 4042 εἶπεν
952 3991 1020 4042 statt
1037 3981 1091 4057 ἐφη
1113 3986 1204 4041 haben
1219 3990 1223 4054 Ι
1239 3986 1257 4042 6
1276 3979 1363 4055 υμῶν]
1382 3977 1398 4040 6
1415 4003 1506 4039 austa-

203 4073 286 4137 diert,
309 4091 357 4127 αιιε
375 4073 423 4128 der
440 4073 529 4128 Rasur
545 4075 622 4127 nicht
639 4091 673 4128 zu
691 4073 842 4140 ειίιεααεα,
866 4072 902 4126 ob
919 4064 935 4128 6
953 4073 1019 4126 oder
1038 4065 1054 4140 ἦ
1071 4070 1257 4140 dagestanden
1275 4071 1332 4132 hat,
1350 4073 1374 4124 A
1393 4069 1398 4138 Ι
1418 4067 1508 4126 αδτοῦ

204 4158 333 4228 ΑΗ6.6ρ,
352 4150 441 4213 αἰτοῦ
462 4158 509 4212 Βο.
528 4158 625 4226 (Notae
642 4177 667 4229 p.
685 4159 746 4226 406)
763 4157 822 4212 Del.
839 4159 843 4225 Ι
860 4157 897 4212 16
920 4149 982 4210 ἀλλ’
998 4155 1125 4226 AH6.Sp.
1144 4149 1216 4210 ἀλλὰ
1234 4153 1293 4210 Del.
1309 4156 1313 4222 Ι
1329 4153 1442 4212 17-18
1461 4171 1507 4208 am

204 4243 283 4296 stand
307 4260 342 4312 οη
364 4246 401 4296 A¹
422 4244 426 4310 Ι
449 4242 483 4297 17
504 4237 575 4311 μὴδὲ
595 4243 665 4310 μίαν
686 4245 711 4296 A
735 4243 739 4309 Ι
762 4259 812 4296 vor
831 4245 884 4297 τοῦ
905 4240 966 4294 sind
992 4243 1008 4295 2
1026 4241 1136 4295 Buehst.
1159 4239 1312 4294 συνωδίνει
1328 4241 1353 4293 Α
1376 4240 1380 4306 Ι
1403 4245 1457 4295 τοῦ
1474 4249 1507 4300 <

206 4329 307 4395 Ausgg.
331 4329 336 4394 Ι
360 4327 396 4381 21
422 4322 547 4391 ἐκείνους
564 4327 622 4379 will
641 4327 688 4380 Βο.
707 4325 804 4394 (Notae
821 4343 847 4396 p.
865 4327 925 4394 406)
943 4325 1043 4395 δίεσιν,
1066 4325 1132 4380 oder
1149 4325 1230 4378 dafnr
1253 4319 1356 4379 ἐκεῖνοι
1378 4324 1444 4378 oder
1462 4317 1508 4379 ὑπ’

207 4407 323 4466 ἐκείνων
340 4410 481 4465 schreiben
502 4412 506 4477 Ι
525 4411 563 4466 22
586 4405 691 4475 αὖτοὺς
708 4427 756 4464 aus
774 4403 877 4474 αὐτοδς
893 4425 960 4464 corr.
979 4413 1004 4463 A
1018 4411 1023 4478 Ι
1039 4409 1078 4465 26
1101 4402 1159 4464 άιιδ
1178 4409 1314 4477 MAusgg.
1332 4401 1388 4463 666
1408 4411 1432 4461 Α
1448 4411 1452 4476 Ι
1468 4407 1508 4463 24

205 4488 324 4567 μακράν
341 4495 463 4550 schreibo
480 4495 537 4558 ich,
560 4495 597 4549 δα
614 4495 745 4565 Origenes
763 4494 834 4548 auch
852 4496 926 4548 sonet
943 4511 995 4548 nur
1011 4487 1128 4564 μακράν
1143 4494 1255 4562 χαίρειν
1271 4495 1344 4562 εαςα
1366 4485 1466 4562 μακρά
1484 4496 1508 4546 Α

206 4583 308 4650 Ausgg.
332 4579 337 4648 Ι
361 4575 496 4648 εἰπόντες]
516 4573 624 4635 εἴποιεν
646 4579 709 4634 ίὶεελ
731 4579 778 4634 Βο.
797 4579 894 4648 (Notae
911 4595 936 4648 p.
949 4580 1010 4645 466)
1031 4581 1035 4648 Ι
1055 4571 1161 4647 ἄλλοις]
1180 4577 1247 4632 fiber
1264 4580 1299 4633 λο
1319 4594 1371 4631 von
1389 4581 1509 4648 spaterer

207 4663 289 4718 Hand
309 4656 340 4682 '‘'
357 4664 539 4734 hinzugefflgt
556 4665 579 4716 A
595 4665 600 4730 Ι
614 4663 707 4718 hinter
725 4656 823 4728 ἄλλοις
839 4662 898 4716 will
916 4663 963 4720 Bo.
982 4663 1079 4732 (Notae
1096 4680 1122 4733 p.
1139 4664 1199 4730 406)
1218 4660 1278 4732 (δὲ)
1298 4661 1434 4731 einfflgen.
