3772 5526
645 437 747 493 κλει
772 437 933 492 κυκνον
953 439 979 496 v
997 438 1038 494 ιο.
1056 441 1097 494 21.
1119 438 1160 494 22.
1225 422 1228 426 ’
1505 448 1545 510 23
1646 509 1650 517 s

240 597 446 688 γορούμενον
472 597 539 673 ῦπὸ
559 597 701 674 Ἀνύτου
725 607 781 670 καί
803 597 964 688 Μελήτου
990 607 1047 671 καὶ
1067 597 1374 691 καταδικαζόμενον
1395 598 1462 674 ύπό
1485 609 1546 691 τῆς

240 701 275 783 ἐξ
295 692 421 784 Ἀρείου
450 700 563 789 πάγου
592 707 722 790 βουλῆς.
764 708 821 770 καὶ
842 705 1042 790 Αἰγυπτίων
1068 704 1104 770 δὲ
1130 703 1162 771 οί
1188 697 1297 790 λόγιοι
1318 708 1462 772 τοιαῦτα
1483 729 1545 772 πα·

241 794 436 885 ραδιδόντες
462 808 577 890 σεμνοί
603 806 664 872 είσι
688 806 743 870 καί
770 796 811 871 ού
831 807 999 888 γελῶνται
1024 795 1092 871 ύπὸ
1115 805 1247 871 Κέλσου
1266 807 1322 870 καὶ
1344 807 1418 872 τῶν
1439 829 1544 888 παρα-

239 904 409 986 πλησίων,
440 895 532 988 ἡμεῖς
563 905 599 970 δέ
628 898 715 970 κατά
747 898 811 988 τὴν
841 894 1026 988 ἀναλογίαν
1053 905 1114 988 τῆς
1135 905 1275 987 σχέσεως
1296 907 1370 971 τῶν
1391 895 1445 987 ἐφ’
1467 896 1546 990 ἡμῖν

205 1010 221 1063 5
238 993 381 1067 ἑκάστου
400 1003 652 1088 οἰκονομεῖσθαι
673 997 741 1071 ύπὸ
763 1005 826 1070 τοῦ
847 1005 932 1068 θεοῦ
953 1004 1111 1086 λέγοντες
1124 1001 1166 1070 τὸ
1181 1005 1251 1070 πᾶν
1264 1005 1320 1070 καί
1335 995 1385 1070 άεὶ
1403 995 1543 1087 άγεσθαι

237 1093 326 1166 κατὰ
349 1095 390 1167 τὸ
411 1094 628 1187 ἐνδεχόμενον
651 1103 705 1169 ἐπὶ
731 1097 773 1171 τό
795 1103 930 1184 βέλτιον
955 1106 1011 1170 καὶ
1034 1098 1098 1189 τὴν
1120 1105 1183 1169 τοῦ
1203 1094 1255 1185 ἐφ’
1276 1094 1354 1187 ἡμῖν
1377 1097 1479 1186 φύσιν
1499 1126 1545 1186 γι-

237 1193 430 1279 νῶσκοντες
450 1201 668 1287 ἐνδεχομένου
687 1192 707 1269 ά
722 1202 890 1286 ἐνδέχεται
905 1195 958 1286 (ού
972 1197 1035 1288 γάρ
1051 1198 1192 1270 δύναται
1210 1205 1359 1287 χωρῆσαι
1374 1195 1415 1268 τό
1430 1194 1544 1285 πάντῃ

238 1290 409 1382 ἄτρεπτον
432 1302 495 1367 τοῦ
516 1303 613 1387 θεοῦ)
636 1294 677 1368 ού
698 1302 861 1387 δοκοῦμεν
883 1293 959 1382 άξια
981 1303 1088 1386 λέγειν
1107 1296 1254 1382 βασάνου
1274 1303 1329 1369 καὶ
1348 1295 1545 1382 ἐξετάσεως·

319 1399 420 1464 ΧΧΠ.
456 1394 513 1485 Μὴ
541 1392 735 1468 ύπονοείτω
765 1403 803 1467 δέ
829 1426 881 1480 τις
903 1392 988 1486 ἡμᾶς
1010 1403 1119 1468 ταῦτα
1140 1403 1304 1486 λέγοντας
1325 1391 1383 1467 ἄπ’
1406 1399 1545 1466 ἐκείνων

188 1505 220 1559 10
238 1495 323 1563 εἶναι
349 1501 423 1564 τῶν
448 1501 642 1584 λεγομένων
666 1503 727 1585 μὲν
751 1503 969 1584 Χριστιανῶν
995 1491 1220 1567 άθετούντων
1248 1501 1283 1566 δὲ
1304 1495 1346 1566 τὸ
1368 1501 1445 1584 περὶ
1466 1491 1545 1566 άνα·

238 1589 386 1674 στάσεως
411 1591 499 1663 κατά
526 1593 588 1677 τάς
613 1594 744 1682 γραφάς
770 1591 883 1684 δόγμα.
926 1598 1048 1666 ἐκεῖνοι
1073 1600 1133 1685 μὲν
1159 1594 1223 1684 γάρ
1249 1593 1313 1666 τόν
1344 1595 1448 1664 οἱονεὶ
1477 1589 1545 1663 ἀπὸ

237 1687 364 1762 κόκκου
388 1699 507 1776 ,σίτου
531 1690 553 1781 ἢ
575 1721 669 1776 τινος
691 1701 765 1764 τῶν
786 1701 941 1765 λοιπῶνίί
963 1690 1187 1782 ἀνιστάμενον
1212 1692 1337 1782 στάχυν
1358 1687 1379 1780 ἢ
1403 1698 1546 1782 δένδρον

238 1785 394 1878 οὐδαμῶς
419 1797 631 1880 παραστῆσαι
659 1795 798 1880 ἔχουσιν,
822 1786 904 1863 όσον
925 1797 980 1862 ἐπὶ
1001 1799 1052 1882 τῷ
1077 1789 1255 1880 άρέσκοντι
1277 1795 1421 1864 ἑαυτῶν·
1453 1788 1544 1880 ἡμεῖς

227 1895 273 1983 ’δὲ
309 1885 510 1976 πειθόμενοι
536 1883 591 1961 ότι
619 1890 660 1962 τό
694 1887 917 1980 σπειρόμενον
946 1887 1008 1974 ,ού
1038 1901 1270 1976 ζωοποιεῖται,
1301 1890 1361 1961 ἐάν
1392 1891 1436 1980 μὴ
1462 1888 1543 1960 άπο·

186 1999 219 2052 15
237 1984 363 2073 θάνγ,“
388 1995 444 2058 καὶ
472 1981 527 2061 ότι
552 1986 615 2074 ,ού
641 1989 683 2062 τὸ
709 1986 935 2078 γενησόμενον
961 1997 1077 2078 σῶμα(
1101 1993 1270 2078 σπείρεται
1296 1985 1326 2074 (ὁ
1354 1988 1416 2077 γάρ
1443 1990 1546 2072 ,θεὸς

237 2083 330 2176 αύτῷ
353 2092 468 2158 δίδωσι
490 2095 594 2177 σῶμα,
617 2091 737 2172 καθῶς
759 2086 935 2180 ἡθέλησε,“
957 2087 1040 2178 μετὰ
1066 2087 1108 2160 τό
1135 2095 1304 2178 σπαρῆναι
1325 2093 1382 2172 ,ἐν
1405 2093 1545 2178 ωθορξιίί

237 2191 377 2275 ἐγείρων
413 2184 498 2258 αύτὸ
533 2191 596 2272 ,ἐν
617 2183 814 2280 άφθαρσίᾳ“
849 2195 904 2260 καί
939 2186 1024 2278 μετά
1061 2188 1102 2260 τὸ
1129 2193 1296 2276 σπαρῆναι
1321 2191 1379 2272 ,ἐν
1405 2181 1544 2278 άτιμίᾳίί

236 2290 377 2374 ἐγείρων
404 2283 488 2356 αύτό
514 2289 578 2370 ,ἐν
607 2283 713 2373 δόξγ“
734 2294 789 2358 καί
820 2287 905 2378 μετὰ
928 2285 968 2359 τό
991 2293 1161 2377 σπαρῆναι
1183 2293 1240 2372 ,ἐν
1262 2283 1441 2378 άσθενείᾳίί
1464 2290 1543 2374 ἐγεί-

237 2413 309 2473 ρων
345 2381 430 2456 αῦτό
470 2390 529 2470 ,ἐν
563 2383 721 2474 δυνάμεια
756 2393 812 2458 καί
841 2385 925 2476 μετά
962 2385 1003 2458 τό
1035 2393 1204 2476 σπαρῆναι
1235 2393 1352 2474 ,σῶμα
1378 2382 1544 2472 ψυχικόν“

184 2499 220 2554 20
236 2488 376 2573 ἐγείρων
399 2480 482 2554 αύτὸ
509 2483 804 2572 ,,πνευματικόν“),
832 2493 1000 2576 τηροῦμεν
1026 2493 1080 2556 καί
1107 2484 1149 2558 τό
1175 2483 1326 2574 βούλημα
1348 2490 1410 2574 τῆς
1431 2487 1544 2572 ἐκκλη-

236 2591 307 2665 σίας
329 2589 392 2654 τοῦ
407 2590 558 2673 Χριστοῦ
579 2592 635 2654 καί
657 2583 697 2655 τὸ
719 2591 861 2674 μέγεθος
883 2592 944 2675 τῆς
959 2591 1155 2674 ἐπαγγελίας
1169 2591 1233 2656 τοῦ
1247 2589 1339 2668 θεοῦ,
1361 2579 1544 2670 παριστάν-

236 2710 292 2764 τες
322 2679 429 2753 αύτοῦ
463 2690 521 2753 καὶ
551 2680 592 2754 τό
624 2683 772 2756 δυνατόν
802 2682 864 2756 οῦκ
890 2681 1060 2772 ἀποφάσει
1086 2683 1172 2757 άλλά
1199 2693 1254 2754 καί
1276 2679 1381 2772 λόγῳ·
1418 2677 1545 2763 είδότες

236 2775 291 2854 ότι
320 2775 384 2852 κάν
417 2779 583 2871 ,οὐρανός
609 2789 665 2853 καὶ
687 2788 754 2871 γῆίί
779 2789 937 2872 παρέλθῃ
963 2792 1018 2855 καὶ
1040 2784 1083 2856 τά
1106 2790 1143 2856 ἐν
1165 2781 1292 2869 αὐτοῖς,
1317 2777 1390 2852 ἄλλ’
1414 2785 1446 2852 οί
1467 2787 1544 2868 περὶ

237 2879 380 2953 ἑκάστου
402 2877 540 2969 ,,λόγοι“
562 2877 661 2964 όντες
687 2879 736 2964 ῶς
761 2885 798 2954 ἐν
826 2875 896 2971 όλῳ
923 2889 1006 2974 μέρη
1029 2879 1049 2974 ἢ
1072 2881 1120 2967 ῶς
1141 2888 1179 2954 ἐν
1200 2888 1287 2974 γένει
1309 2886 1378 2970 είδη
1399 2887 1464 2952 τοῦ
1485 2883 1544 2965 ,ἐν

184 2995 217 3050 25
235 2977 345 3070 άρχῇίί
376 2977 480 3070 λόγου
500 2979 608 3067 ,πρὸς
630 2980 665 3051 τί
673 3009 693 3050 ν
714 2980 819 3052 θεὸν(
845 2987 930 3053 θεοῦ
957 2979 1062 3072 λόγου
1088 2979 1243 3071 ούδαμῶς
1268 2980 1544 3068 παρελεύσονται.

151 3097 219 3151 1281
235 3086 382 3167 θέλομεν
405 3078 467 3168 γάρ
487 3083 490 3164 ί
511 3075 647 3149 άκούειν
668 3086 732 3150 τοῦ
754 3076 923 3163 εἰπόντος·
944 3076 985 3166 „0‘
1008 3079 1152 3170 ούρανὸς
1173 3089 1229 3151 καὶ
1252 3077 1271 3169 ἡ
1293 3087 1334 3169 γῆ
1351 3077 1544 3168 παρελεύσε-

237 3207 303 3264 ται,
326 3181 358 3250 οἱ
380 3183 416 3249 δὲ
439 3173 534 3267 λόγοι
555 3205 621 3266 μου
642 3175 683 3248 ού
703 3177 748 3268 μὴ
770 3185 1018 3267 παρέλθωσιν.“

320 3338 338 3394 2
362 3337 424 3408 vgl.
442 3327 570 3392 Herodot‘
581 3339 608 3392 II
626 3340 683 3394 123.
712 3340 823 3392 Ιεοοιεί.
841 3339 926 3393 Busir.
946 3343 986 3406 11,
1004 3341 1046 3396 28.
1064 3341 1167 3395 Diodor
1183 3341 1196 3394 I
1213 3341 1254 3404 93,
1273 3340 1297 3394 2.
1321 3338 1427 3405 Strabo,
1446 3337 1543 3405 Geogr.

234 3421 298 3476 XIV
317 3425 385 3488 1,16
403 3441 428 3493 p.
447 3423 505 3478 638.
533 3451 566 3462 -
594 3421 632 3477 12
651 3421 869 3492 Vg1.1Kor.15,
884 3425 925 3478 37.
943 3453 977 3462 -
996 3423 1035 3479 14
1052 3424 1116 3496 Vgl.
1134 3426 1147 3478 l
1165 3425 1228 3479 Kor.
1247 3425 1288 3491 15,
1307 3426 1347 3480 36.
1365 3455 1399 3465 -
1422 3421 1460 3477 15
1478 3421 1543 3490 vgl.

234 3506 330 3562 1101.
348 3509 394 3573 15,
412 3508 454 3561 ει.
475 3536 510 3580 .-
536 3505 599 3575 Vgl.
622 3507 635 3560 1
658 3507 723 3561 Kor.
742 3510 788 3574 15,
806 3507 847 3561 38.
874 3537 907 3546 -
935 3508 973 3564 ιο
1001 3507 1063 3576 Vgl.
1082 3509 1176 3564 1110r.
1195 3510 1295 3575 15,42.
1317 3509 1418 3562 43.44.
1446 3536 1478 3544 -
1505 3505 1543 3560 ει

234 3592 297 3662 Vgl.
315 3592 413 3646 Matth.
426 3593 467 3656 24,
480 3593 521 3647 35.
544 3591 633 3646 Mark.
646 3593 686 3656 13,
699 3593 740 3645 31.
760 3591 831 3650 Luk.
844 3592 885 3658 21,
898 3593 939 3647 33.
957 3623 991 3631 -
1009 3593 1049 3648 24
1067 3593 1129 3662 Vgl.
1144 3593 1204 3648 Joh.
1218 3596 1242 3656 1,
1255 3595 1278 3647 1.
1291 3594 1316 3649 2.
1334 3621 1368 3632 -
1386 3591 1425 3646 26
1442 3590 1543 3644 Matth.

234 3677 275 3744 ει,
294 3677 327 3732 35
345 3676 444 3745 (Μαι.
457 3679 498 3744 13,
515 3677 557 3730 31.
578 3677 646 3732 τοι.
659 3678 700 3742 21,
712 3675 763 3744 33).
833 3677 834 3681 ‘

320 3818 337 3874 l
361 3817 478 3886 μελίνου
489 3819 621 3886 AAusgg.
637 3818 676 3886 13
694 3810 903 3888 γιγνώσκοντες
913 3818 1046 3887 AAusgg.
1062 3819 1066 3886 Ι
1084 3818 1120 3873 11
1141 3812 1241 3886 οἱονεί]
1259 3818 1286 3873 εί
1302 3817 1331 3871 in
1344 3815 1539 3879 ΟοτιεοίαιΑί

235 3904 273 3959 15
286 3897 492 3972 γενησόμενον]
504 3895 758 3972 γεννηθησόμενον
770 3904 914 3956 vermuben
927 3901 1011 3956 Guiet
1022 3902 1114 3957 u.Del.
1127 3904 1212 3970 [1594
1224 3903 1336 3970 Amo)
1349 3901 1421 3955 ohne
1427 3898 1522 3954 Grund
1537 3897 1540 3966 ί

234 3988 271 4044 17
286 3986 378 4041 hinter
391 3991 537 4058 σπαρῆναι
546 3994 580 4051 -Ι-
590 3980 660 4042 αύτὸ
671 3987 806 4055 MAusgg.
823 3987 827 4054 Ι
843 3986 882 4041 23
895 3983 1028 4057 παρέλθη
1038 3987 1061 4040 Δ
1073 3985 1220 4059 παρέλθοι
1232 3987 1370 4055 MAusgg.
1386 3986 1391 4053 Ι
1406 3982 1446 4038 24
1458 3979 1541 4052 μέρη]

234 4093 251 4142 η
269 4072 298 4125 in
308 4071 452 4126 correctur
463 4073 488 4124 A
503 4072 507 4138 Ι
523 4070 562 4127 23
581 4064 706 4140 άκούειν]
720 4068 823 4140 infulge
836 4069 911 4124 einer
923 4069 1096 4140 Verheftung
1107 4072 1164 4124 und
1177 4072 1301 4125 falsehen
1313 4066 1543 4134 Blatterzfihlung

234 4155 360 4210 schliesst
376 4155 436 4209 bier
453 4154 482 4208 in
494 4157 518 4208 A
530 4155 578 4210 fol.
591 4155 660 4211 123ῐ
678 4173 713 4210 an
732 4155 863 4210 101123v
882 4172 925 4218 an,
944 4155 998 4224 vgl.
1016 4156 1124 4210 moine
1140 4153 1450 4222 ,‚Textflberlieferung“
1462 4150 1488 4204 S.
1501 4152 1541 4204 15.

235 4258 276 4312 28.
294 4258 335 4313 29.
355 4258 401 4321 30;
425 4275 469 4310 am
487 4255 565 4311 Eudo
583 4274 637 4311 von
659 4255 893 4312 fol.123vsteh1:
916 4238 957 4324 ζῦ
970 4250 1139 4328 ἔμπροσθεν
1155 4252 1228 4324 μετὰ
1246 4251 1340 4326 φύλλα
1358 4253 1453 4308 Α’πεὶλ
1468 4255 1542 4305 rotet

233 4341 314 4396 Tinte
336 4341 460 4396 offenbar
484 4342 570 4396 nach
588 4342 651 4397 dem
668 4341 826 4397 Einbinden
843 4342 899 4395 und
918 4341 966 4397 der
984 4341 1157 4409 Verhestung
1173 4340 1231 4394 und
1248 4357 1302 4395 von
1320 4339 1434 4393 auderet
1451 4335 1541 4399 Hand,

235 4426 276 4479 als
294 4407 943 4492 diedarunterstehendeQuatemionenzahl145,
965 4425 1131 4501 νεεωοῖῦολι
1152 4425 1236 4479 nach
1259 4425 1307 4479 der
1328 4422 1471 4479 Absohriflz
1487 4438 1541 4475 von

234 4510 263 4563 M
280 4509 412 4564 und-vor
429 4511 478 4564 der
495 4511 637 4566 Abschrist
653 4528 708 4566 von
719 4512 744 4566 V
756 4511 933 4581 gesohrieben
948 4513 952 4580 l
967 4507 1195 4580 παρελεύσονται
1206 4510 1265 4565 Del.
1280 4512 1285 4579 Ι
1301 4510 1338 4566 22
1360 4501 1395 4565 ού
1410 4501 1450 4577 μή
1468 4524 1540 4574 παρ-

235 4593 367 4664 έλθωσιν]
386 4594 503 4650 dariiber
520 4613 574 4650 von
590 4597 611 4650 1.
625 4594 658 4666 [1]
676 4595 711 4650 H.
728 4591 773 4666 γρ’
791 4598 840 4650 καί
860 4591 894 4651 ού
910 4591 950 4666 μὴ
968 4589 1197 4667 παρελεύσονται
1214 4595 1392 4664 gesehrieben
1409 4595 1441 4648 A.
