3772 5526
347 504 386 566 76
887 493 1111 550 ΩΡΙΡΕΝΟΥΣ

346 662 574 744 ἐπέπρακτο
605 651 654 728 άν
684 651 776 746 ἡμῖν
806 661 848 728 ἐν
879 663 933 746 τῷ
971 663 1042 747 βίῳ
1075 651 1096 747 ἢ
1130 675 1216 741 τοῖς
1238 683 1281 727 τε
1303 651 1538 744 ἀνθρώποις
1558 661 1654 744 μέγα

347 752 496 844 ὄφελος
526 753 675 845 γράψαι
705 765 770 828 καὶ
801 754 874 844 τὴν
905 754 1025 843 φύσιν
1052 759 1108 838 εἰς
1134 764 1220 843 φῶς
1245 774 1332 838 τοῖς
1357 761 1453 826 πάσι
1478 782 1654 844 προαγα-

345 865 468 944 γεῑν;“
499 862 579 943 φέρε
604 863 660 926 καλ
681 863 758 944 περὶ
781 855 908 927 τούτου
929 861 1050 946 βραχέα
1072 861 1313 984 διαλεχθῶμεν,
1336 851 1486 942 πότερον
1507 882 1529 942 μ
1532 860 1569 924 ἐν
1590 853 1656 941 εἶχέ

346 984 381 1025 τι
402 952 574 1026 Πλάτων
604 955 809 1044 σεμνότερον
840 946 891 1024 ῶν
914 957 1059 1044 ἔγραψε
1079 963 1136 1026 καὶ
1157 951 1336 1043 θειότερον
1359 945 1410 1024 ῶν
1430 947 1655 1024 κατέλιπεν“
1635 982 1655 1042 η

312 1072 328 1126 5
345 1083 400 1144 μη
421 1049 702 1137 καταλιπόντεςζ
691 1051 822 1144 εκάστφ
845 1052 1013 1141 ἐξετάζειν
1033 1053 1120 1126 κατὰ
1138 1053 1180 1126 τὸ
1199 1051 1356 1138 δυνατὸν,
1379 1051 1570 1137 δεικνύντες
1589 1049 1654 1143 (δ’)

347 1149 400 1226 ότι
433 1159 491 1224 καὶ
522 1156 555 1224 ολ
575 1150 655 1223 καθ’
678 1150 763 1243 ἡμᾶς
784 1160 961 1243 προφῆται
982 1151 1153 1243 ἐφρόνουν
1179 1153 1257 1226 τινὰ
1278 1161 1415 1242 μείζονα
1437 1150 1655 1243 γραμμάτων,

346 1247 431 1342 άπερ
454 1248 516 1324 οῦκ
537 1253 725 1346 ἔγραψαν.
761 1247 908 1343 ὁμὲν
872 1281 935 1342 γαρ
953 1249 1103 1343 Ἰεζεκιὴλ
1117 1257 1282 1341 κεφαλίδα
1301 1249 1483 1341 λαμβάνει,
1486 1260 1653 1336 ,,βιβλλσυί

345 1359 603 1477 γεγραμμένην,
606 1354 831 1442 ,ἔμπροσθεν“
848 1361 905 1424 και
928 1348 1081 1439 ὄπισθεν,
1104 1344 1214 1441 ἐνῇ,
1216 1358 1376 1442 ,θρῆνοςί
1399 1343 1480 1441 ἦν,
1482 1358 1537 1423 καλ
1554 1357 1656 1441 μέλος

344 1460 400 1524 καὶ
423 1448 529 1535 σύαλ,“
551 1459 606 1522 καὶ
634 1449 891 1539 προστάξαντος
919 1449 1014 1543 αύτῷ
1038 1459 1101 1524 τοῦ
1123 1449 1227 1541 λόγου
1247 1457 1420 1524 κατεσθίει
1442 1450 1507 1540 τὴν
1528 1458 1653 1536 βλβλον,

295 1567 328 1620 10
346 1547 387 1622 6³
404 1547 513 1640 αὐτὴν
534 1550 579 1640 μὴ
603 1548 735 1639 γράφη
757 1557 813 1622 καλ
833 1557 953 1642 προδῷ
976 1524 1137 1638 άναξλοις·
1159 1546 1256 1624 καλό
1272 1548 1427 1640 Ἰωάννης
1442 1549 1535 1622 δὲτο
1550 1579 1654 1638 παρα-

346 1647 492 1740 πλήσιον
518 1645 769 1739 ἀναγέγραπται
790 1649 975 1740 ἑωρακέναι
996 1657 1052 1722 καὶ
1074 1656 1311 1740 πεποιηκέναι·
1340 1646 1426 1722 άλλά
1447 1659 1504 1721 καλ
1525 1646 1545 1722 6
1566 1656 1654 1722 Παῦ-

346 1758 405 1831 λος
425 1744 590 1838 ,,ἧκουσεν
616 1745 746 1838 άῤῥητα
767 1748 910 1839 ῥήματα,
937 1747 958 1822 6
981 1747 1043 1822 σῦκ
1065 1752 1143 1836 ἐξόν
1163 1747 1343 1840 άνθρῶπῳ
1365 1756 1535 1839 λαλῆσαι.“
1579 1745 1598 1820 ὁ
1620 1754 1655 1818 δὲ

344 1845 489 1919 πάντων
512 1847 649 1920 τούτων
670 1857 832 1936 κρείσσων
844 1846 968 1939 Ἰησοῦς
990 1843 1046 1923 ότι
1068 1855 1129 1937 μὲν
1150 1847 1302 1934 ,,έλάλεέ(
1326 1851 1390 1922 τὸν
1412 1855 1475 1920 τοῦ
1496 1855 1582 1920 θεοῦ
1601 1845 1655 1918 λό-

346 1976 408 2035 γον
428 1967 521 2032 ,,τοῑς
542 1956 731 2036 μαθηταῖς(
753 1946 847 2032 ,κατ’
870 1953 980 2020 ἐδλαν“
1005 1957 1061 2021 καὶ
1083 1947 1228 2038 μάλιστα
1250 1954 1287 2021 ἐν
1308 1967 1382 2033 ταῖς
1404 1945 1655 2038 άναχωρὴσεσιν

296 2070 327 2122 15
346 2051 485 2136 ελρηται,
506 2054 583 2117 τλνα
598 2044 630 2119 δ’
647 2039 690 2137 ἦν
708 2056 713 2133 Ι
733 2043 753 2118 6
775 2051 894 2137 ἔλεγεν,
917 2045 982 2120 οῦκ
996 2045 1254 2138 ἀναγέγραπται.
1283 2045 1324 2119 ού
1338 2049 1400 2138 γάρ
1423 2052 1653 2135 ,,ἐφαλνετσ(
1671 2065 1722 2120 634

346 2144 462 2230 αύτοῑς
487 2153 691 2236 ,,γραπτέα
718 2148 867 2231 λκανῶς
899 2149 1026 2218 olvatss
1049 2155 1158 2220 ταῦτα
1186 2146 1310 2235 ,,πρός
1337 2148 1431 2231 τούς
1451 2147 1653 2230 πολλούςα

345 2243 422 2316 οῦδὲ
441 2244 591 2336 ,,ῥητά.“
620 2254 685 2330 καλ,
701 2267 729 2318 ει
743 2246 788 2336 μὴ
805 2247 972 2334 φορτικόν
987 2251 1092 2318 εἰπεῖν
1106 2253 1181 2334 περὶ
1197 2254 1271 2318 τῶν
1286 2246 1503 2336 τηλικούτων
1518 2243 1654 2334 άνδρῶν

346 2344 386 2416 τό
409 2342 545 2435 άληθὲς,
568 2352 653 2435 φημλ
678 2339 733 2416 ὅτι
752 2353 883 2435 μᾶλλον
903 2343 1121 2428 Πλάτωνος
1144 2337 1242 2418 οῦτοι
1264 2347 1383 2436 ἒῶρων
1404 2343 1462 2435 ἀφ’
1485 2337 1537 2417 ῶν
1558 2343 1654 2433 ἐλάμ-

344 2452 449 2527 βανον
483 2442 595 2580 χάριτι
623 2451 710 2516 θεοῦ
740 2442 940 2534 νοημάτων,
976 2451 1053 2516 τίνα
1081 2473 1142 2535 μεν
1171 2445 1214 2517 τά
1244 2453 1461 2537 ,,γραπτέαί
1464 2453 1556 2516 (καὶ
1577 2450 1654 2527 πῶς

293 2563 327 2618 20
344 2549 554 2632 ,,γραπτέα
557 2551 663 2614 τλνα
686 2550 721 2618 δὲ
746 2541 932 2634 ούδαμῶς,
935 2550 1145 2633 ,γραπτέα
1167 2549 1243 2630 εἰς,
1245 2575 1350 2630 τους
1371 2545 1576 2630 πολλους
1599 2551 1654 2615 καὶ

345 2651 423 2714 τλνα
444 2648 535 2732 μὲν,
538 2641 660 2731 ,ῥητὰί
663 2650 771 2714 (τίνα
792 2649 827 2714 δε
850 2641 890 2715 ού
911 2649 1062 2714 τοιαῦτα.
1091 2641 1196 2715 παλιν
1211 2674 1249 2717 τε
1263 2674 1340 2716 αυο
1358 2641 1524 2734 Ἰωάννης,
1546 2641 1654 2716 διδάο

260 2767 327 2820 140v
345 2770 419 2812 κων
442 2737 526 2831 ἡμᾶς
551 2749 765 2832 γραπτέων
786 2750 843 2814 καλ
869 2739 911 2814 06
934 2751 1167 2832 γραπτέωνΙ
1189 2745 1400 2834 διαφοράν,
1389 2745 1475 2816 sm&
1496 2751 1655 2834 βροντῶν

346 2865 448 2930 φησιν
474 2837 653 2932 άκηκοέναι
678 2852 756 2932 περί
778 2872 887 2915 τινων
908 2848 1141 2916 διδασκουσῶν
1163 2841 1271 2916 αύτὸν
1292 2852 1348 2914 καὶ
1370 2842 1654 2934 άπαγορευουσῶν

245 2983 255 2992 -
345 2948 459 3029 γραφῇ
481 2947 692 3031 παραδοῦναι
714 2943 795 3026 τούς
817 2941 939 3033 λόγους
961 2941 1088 3014 αύτῶν.

294 3079 327 3133 25
431 3061 500 3128 VII.
535 3058 651 3129 Πολλά
679 3055 712 3129 δ’
735 3054 778 3131 άν
798 3065 853 3130 καλ
875 3059 966 3148 παρὰ
989 3067 1039 3149 τῷ
1063 3066 1205 3130 Μωῦσεῑ
1226 3057 1377 3148 εύρεθιλη
1400 3066 1456 3128 καλ
1479 3078 1551 3141 τοῖς
1572 3087 1653 3148 προ-

346 3152 479 3244 φὴταις,
511 3153 552 3228 ού
583 3156 691 3248 μόνον
713 3156 932 3241 Πλάτωνος
958 3156 1044 3230 άλλά
1071 3165 1127 3230 καλ
1149 3152 1288 3248 Ὁμήρου
1308 3165 1364 3230 καὶ
1388 3165 1449 3248 τῆς
1470 3165 1544 3229 τῶν
1566 3155 1653 3245 παρ’

337 3249 499 3345 Ἕλλησι
519 3256 724 3348 γραμμάτων
744 3255 902 3346 εῦρέοεως
921 3267 1169 3348 πρεσβυτέροις,
1191 3254 1266 3345 άξια
1285 3265 1327 3330 τῦ
1317 3288 1346 3348 ς
1362 3264 1407 3342 εἰς
1422 3255 1548 3341 αύτούς
1562 3256 1652 3347 χάρι·

346 3384 406 3438 τος
428 3363 492 3428 τοῦ
512 3364 597 3430 θεοῦ
622 3365 677 3428 καλ
700 3364 921 3448 μεγαλονοίας
946 3364 1205 3448 πεπληρωμένα·
1229 3362 1353 3440 οἵτινες
1378 3354 1453 3447 ούχ,
1478 3355 1526 3442 ῶς
1549 3363 1654 3429 οιεται

346 3461 482 3540 Κέλσος,
497 3457 827 3558 παρακούσαντες
845 3486 917 3528 του
902 3453 1300 3541 ’Πλάτωνσςτοιαῦτ>
1316 3455 1472 3547 εἰρήκασι.
1500 3464 1575 3541 πῶς
1591 3456 1653 3546 γάρ

293 3577 328 3632 3ο
345 3553 420 3626 οἶόν
446 3552 475 3626 τ’
499 3559 542 3646 ὴν
568 3562 632 3626 τοῦ
654 3563 792 3646 μηδέπω
815 3563 998 3646 γενομένου
1020 3554 1145 3642 αύτούς
1168 3553 1362 3647 άκηκοέναι;
1389 3562 1443 3629 ἵνα
1465 3562 1500 3627 δέ
1520 3561 1653 3628 καὶέπὶ

345 3654 425 3738 τούς
447 3650 553 3744 Ἰησοῦ
576 3653 790 3739 άπσστόλους
812 3685 871 3741 τις,
896 3664 1083 3748 νεωτέροας
1106 3664 1307 3746 γενομένους
1322 3652 1598 3741 Πλατωνος
1577 3686 1653 3728 ανα-

345 3750 428 3842 γάγη
451 3753 515 3826 τόν
530 3760 662 3826 Κέλσου
682 3754 796 3845 λόγον,
821 3751 884 3844 όρα
906 3762 934 3827 εἰ
955 3756 1000 3846 μὴ
1024 3753 1179 3828 αύτόθεν
1201 3753 1373 3830 άπίθανόν
1395 3758 1520 3827 ἐστι
1485 3785 1526 3828 το
1545 3761 1653 3846 λέγειν

433 3949 447 4003 λ
467 3948 530 4018 vgl.
549 3949 647 4005 Ezech.
667 3952 691 4016 2,
710 3952 733 4006 9.
753 3954 793 4008 10.
812 3981 845 3990 -
864 3952 883 4006 θ
902 3951 964 4020 Vgl.
982 3950 1083 4006 Ezeoh.
1101 3953 1132 4018 3,
1151 3955 1174 4007 1.
1193 3953 1217 4006 2.
1235 3982 1267 3990 -
1287 3951 1323 4008 11
1344 3951 1407 4021 Vgl.
1426 3951 1513 4021 Apok.
1533 3950 1593 4004 Joh.
1613 3951 1653 4015 10,

344 4033 367 4087 9.
387 4032 428 4087 10.
446 4064 479 4073 -
500 4035 536 4090 12
560 4035 587 4090 II
604 4035 670 4090 Kor.
690 4037 730 4105 12,
748 4039 824 4091 4.-
845 4037 882 4092 13
905 4035 968 4106 vgl.
987 4036 1075 4091 Mark.
1092 4040 1117 4102 4,
1136 4038 1178 4091 34.
1195 4065 1230 4076 -
1248 4037 1285 4092 16
1308 4036 1372 4105 vgl.
1391 4035 1480 4104 Plato,
1498 4035 1583 4107 Epist.
1601 4035 1654 4090 VII

344 4135 369 4188 p.
388 4117 483 4173 3411).
501 4149 534 4158 -
553 4119 591 4175 22
610 4119 673 4190 vgl.
692 4121 782 4190 Apok.
800 4121 861 4175 Joh.
880 4121 921 4188 10,
940 4124 964 4174 4.

413 4296 429 4350 1
450 4291 500 4352 ἐπέ
486 4295 615 4380 έπρακτο
633 4299 659 4350 A
676 4291 832 4368 ἐπέπρακτ’
844 4296 924 4352 Plato
934 4301 1036 4367 Ausgg.
1052 4297 1057 4364 Ι
1073 4297 1091 4352 2
1109 4314 1181 4351 πασι
1198 4296 1285 4360 Plato,
1305 4295 1356 4350 H6.
1373 4313 1419 4349 am
1436 4293 1524 4360 Rand,
1542 4293 1588 4364 Sp.
1594 4295 1653 4350 Del.

344 4379 382 4433 im
400 4379 481 4444 Τειλς
504 4400 596 4452 πρασι
613 4384 638 4434 A
658 4382 662 4448 Ι
682 4381 701 4436 6
725 4383 921 4450 διαλεχθῶμεν
938 4381 1076 4450 MAusgg.
1096 4382 1304 4450 διελεγχθῶμεν
1320 4383 1345 4434 A
1360 4380 1399 4448 16
1422 4376 1627 4448 16<Ausgg.
1648 4379 1651 4448 Ι

345 4459 399 4534 <δ’>
422 4465 486 4535 fuge
507 4465 553 4520 ioh
576 4466 648 4519 nach
669 4465 717 4519 Βο.
742 4463 881 4536 (Notaep.
900 4465 1149 4533 393)u.1)el.ein
1175 4467 1179 4534 Ι
1205 4466 1244 4522 16
1266 4483 1315 4519 vor
1336 4469 1438 4539 προδῷ
1461 4465 1506 4518 ein
1523 4463 1622 4518 Loch'
1615 4481 1653 4516 ιω

344 4549 441 4632 Papier
460 4549 505 4618 (ob
523 4549 628 4619 infolge
646 4567 700 4604 von
717 4549 834 4616 Rasum)
858 4553 880 4604 A
905 4551 909 4617 Ι
935 4550 973 4606 11
1000 4550 1092 4604 hinter
1110 4543 1182 4604 ἄλλά
1201 4557 1233 4616 -Ι-
1251 4545 1307 4621 γὰρ
1325 4551 1461 4618 MAusgg.
1481 4549 1485 4616 Ι
1508 4549 1546 4605 16
1569 4541 1652 4618 πρὸς]

345 4633 424 4721 6666
444 4652 492 4721 [so]
512 4651 624 4720 114125
643 4654 774 4719 μωσεῖΑ
794 4652 906 4720 Μωῦσῇ
923 4653 1025 4720 Ausgg.
