3772 5526
385 507 425 568 46
903 483 905 488 '
927 499 1150 556 ονινενονν

384 660 428 732 τὰ
458 657 532 732 κατ’
555 657 677 743 αῦτοῦς
707 669 880 750 συγκρίνοι
910 670 953 751 τῇ
982 668 1045 734 νῦν
1072 659 1187 752 άγωγῇ
1218 672 1291 735 τῶν
1321 669 1455 734 λοιπῶν
1484 667 1609 748 ἐθνῶν,
1637 660 1692 734 ου’-

385 767 484 844 δένας
518 767 648 849 μᾶλλον
684 755 727 832 ἂν
762 759 933 849 θαυμάσαι
962 759 1010 846 ῶς
1041 767 1077 833 ἐν
1107 760 1308 852 ἀνθρώποις
1336 759 1452 834 πάντα
1482 769 1543 852 μὲν
1574 761 1617 834 τά
1646 762 1691 852 μὴ

318 880 369 932 271
382 858 527 950 χρήσιμα
559 865 610 948 τῶ
640 866 727 948 γένει
756 869 831 932 τῶν
857 858 1059 949 άνθρῶπων
1084 869 1348 952 περιηρημένους
1375 867 1379 950 Ι
1406 857 1494 950 μόνα
1517 866 1552 934 δὲ
1574 861 1617 932 τά
1639 857 1691 934 εό-

383 983 512 1048 χρηστα
540 965 839 1050 παραδεξαμένους.
881 959 934 1032 διὸ
965 958 1040 1032 οὐδ’
1062 959 1192 1052 όγῶνες
1221 953 1306 1052 ἦσαν
1333 967 1484 1050 γυμνικοὶ
1512 955 1532 1050 ἢ
1559 969 1693 1050 θυμελι-

350 1065 438 1130 5κοί
468 1053 489 1148 ἢ
521 1063 654 1130 ἱππικοί
684 1055 765 1148 παρ’
787 1056 918 1144 αῦτοῖς,
950 1057 1027 1132 οῦδὲ
1054 1081 1207 1148 γυναῖκες
1232 1058 1480 1150 πιπράσκουσαι
1506 1060 1571 1150 τὴν
1597 1055 1692 1150 ῶραν

384 1168 487 1230 παντὶ
518 1163 569 1247 τῶ
600 1164 795 1249 βουλομένῳ
829 1165 976 1248 σπείρειν
1005 1166 1114 1244 κενῶς
1143 1169 1200 1233 καὶ
1226 1165 1406 1250 ἐνυβρίζειν
1432 1167 1476 1248 τῇ
1498 1157 1596 1246 φύσει
1618 1168 1691 1231 τῶν

383 1254 620 1346 ἀνθρωπίνων
642 1254 855 1346 σπερμάτων.

467 1351 591 1428 ὁποῖον
613 1351 646 1426 δ’
662 1347 705 1444 ἦν
726 1352 806 1444 παρ’
827 1354 943 1439 αὐτοῖς
965 1357 1006 1428 τό
1028 1363 1063 1445 ἐξ
1085 1362 1136 1430 ἔτι
1157 1354 1301 1430 άπαλῶν
1323 1354 1458 1447 ὀνύχων
1477 1355 1692 1430 διδάσκεσθαι

383 1450 661 1543 ῦπεραναθαίνειν
689 1462 751 1545 μὲν
780 1462 893 1527 πᾶσαν
923 1456 988 1546 τὴν
1015 1456 1183 1546 αἰσθητὴν
1210 1457 1312 1544 φύσιν
1337 1469 1394 1529 καί
1414 1463 1568 1547 μηδαμοῦ
1589 1453 1692 1545 αὐτῆς

334 1575 367 1629 10
385 1564 533 1644 νομίζειν
558 1557 715 1645 ἱδρῦσθαι
737 1553 800 1626 τόν
821 1552 916 1638 θεὸν,
939 1551 1012 1628 άνω
1036 1563 1071 1630 δὲ
1091 1565 1148 1627 καὶ
1168 1553 1253 1646 ὑπὲρ
1276 1556 1318 1628 τὰ
1340 1557 1480 1646 σῶματα
1503 1568 1615 1645 ζητεῖν
1637 1555 1693 1628 αῦ-

385 1651 464 1738 τόν;
493 1661 640 1744 πηλίκον
665 1659 701 1724 δε
727 1652 768 1726 τό
795 1652 913 1742 σχεδόν
938 1648 1005 1744 ἅμα
1026 1662 1149 1744 γενέσει
1169 1664 1226 1726 καὶ
1248 1656 1483 1746 συμπληρώσει
1506 1662 1569 1727 τοῦ
1590 1652 1694 1744 λόγου

386 1750 602 1826 διδάσκεσθαι
632 1751 758 1838 αῦτοὺς
788 1754 853 1844 τὴν
883 1761 944 1843 τῆς
973 1761 1083 1844 ψυχῆς
1109 1751 1300 1826 άθανασίαν
1324 1763 1381 1825 καί
1407 1754 1450 1826 τά
1471 1751 1539 1826 ῦπό
1562 1761 1625 1845 γῆν
1647 1761 1693 1825 δι-

385 1851 575 1942 καιωτιΙρια
604 1861 660 1923 καὶ
694 1852 755 1936 τὰς
785 1851 883 1942 τιμάς
913 1861 987 1924 τῶν
1013 1863 1127 1937 καλῶς
1152 1850 1386 1938 βεβιωκότων;
1416 1849 1500 1942 άπερ
1524 1859 1573 1926 ἔτι
1595 1865 1693 1944 μεθι-

385 1952 540 2041 κῶτερον
561 1958 622 2042 μἐν
643 1963 738 2025 παισὶ
759 1959 814 2024 καὶ
837 1951 880 2023 τά
901 1959 1036 2024 παίδων
1058 1960 1244 2041 φρονοῦσιν
1265 1951 1383 2038 αῦτοῖς
1397 1952 1606 2044 ἐκηρόσσετο,
1630 1948 1693 2043 ἤδη

335 2057 422 2125 15δέ
444 2059 581 2141 ζητοῦσι
606 2050 671 2123 τὸν
697 2049 801 2139 λόγον
826 2057 881 2122 καί
907 2058 1126 2140 βουλομένοις
1146 2057 1184 2124 ἐν
1201 2050 1300 2142 αῦτῷ
1320 2049 1531 2140 προκόπτειν
1553 2057 1586 2124 οί
1607 2057 1693 2135 τέως

385 2158 498 2240 μῦθοι,
522 2147 564 2222 ἵν’
580 2145 695 2234 οῦτως
717 2147 883 2241 όνομάσω,
905 2159 1184 2240 μετεμορφοῦντο
1207 2156 1252 2235 είς
1274 2151 1338 2242 τὴν
1356 2156 1693 2242 ἐναποκεκρυμμένην

386 2248 502 2334 αῦτοῖς
523 2247 698 2340 ἀλήθειαν.
741 2252 808 2339 ἐγῶ
835 2254 871 2320 δὲ
898 2258 1024 2337 νομίζω
1051 2248 1155 2337 άξίως
1177 2259 1240 2322 τοῦ
1260 2260 1476 2340 χρηματίζειν
1497 2247 1620 2334 αῦτοῦς
1640 2281 1693 2340 με·

387 2355 462 2440 ρίδα
487 2356 573 2422 θεοῦ
598 2348 708 2440 πάσης
733 2357 794 2440 μὲν
815 2357 974 2438 μαντείας
995 2348 1044 2432 ῶς
1064 2348 1176 2439 μάτην
1197 2349 1362 2439 κηλοῦοης
1384 2350 1464 2434 τούς
1486 2347 1694 2438 άνθρῶπους

386 2456 732 2539 καταπεφρονηκέναι,
755 2453 810 2518 καί
832 2443 901 2519 άπὸ
924 2445 1097 2537 δαιμόνων
1117 2458 1305 2539 μοχθηρῶν
1326 2456 1458 2538 μᾶλλον
1479 2443 1584 2537 ἢάπό
1601 2477 1694 2531 τινος

335 2567 369 2622 20
386 2556 585 2636 κρείττονος
607 2546 739 2636 φάσεως
760 2552 953 2636 ἐρχομένης,
976 2558 1087 2637 ζητεῖν
1108 2554 1143 2618 δὲ
1166 2548 1230 2637 τὴν
1252 2557 1325 2620 τῶν
1345 2545 1546 2638 μελλόντων
1568 2554 1694 2634 γνῶσιν

387 2653 423 2718 ἐν
449 2666 584 2736 ψυχαῖς,
607 2640 650 2716 δι’
677 2641 785 2736 ἄκραν
815 2643 1039 2736 καθαρότητα
1067 2653 1354 2737 παραδεξαμέναις
1384 2655 1515 2737 πνεῦμα
1545 2653 1607 2718 τοῦ
1638 2652 1693 2718 ἐπί

385 2753 467 2818 πᾶσι
487 2752 581 2818 θεοῦ.

469 2866 579 2933 XLIII.
624 2859 666 2931 Τό
694 2867 730 2931 δέ
755 2860 800 2949 μὴ
827 2865 948 2946 ἐξεῖναι
974 2861 1146 2933 δουλεύειν
1173 2861 1236 2933 τόν
1258 2859 1326 2934 άπὸ
1349 2871 1422 2934 τῶν
1445 2861 1562 2934 αῦτῶν
1583 2858 1692 2952 όρμῶ·

387 2989 490 3050 μενον
520 2957 703 3050 δογμάτων
733 2971 852 3030 πλεῖον
880 2964 971 3031 ἐτῶν
1002 2965 1036 3047 ἐξ
1066 2969 1141 3042 πῶς
1171 2964 1242 3032 ἐστι
1268 2969 1505 3051 λελογισμένον
1530 2971 1585 3033 καί
1611 2957 1695 3033 οῦτε

336 3079 369 3133 25
388 3059 451 3132 τόν
477 3056 646 3150 δεσπότην
672 3055 754 3130 οὔτε
780 3057 844 3130 τὸν
865 3063 991 3131 δοῦλον
1013 3057 1162 3146 άδικοῦν,
1190 3067 1224 3130 τί
1243 3061 1306 3150 χρὴ
1329 3068 1451 3149 λέγειν;
1477 3058 1518 3132 οῦ
1541 3060 1693 3132 κατὰτὰ

387 3157 474 3232 αῦτδι
500 3152 564 3231 οὖν
591 3178 664 3241 τοῖς
696 3169 828 3239 λοιποῖς
859 3163 972 3230 ἔθνεσι
1002 3166 1308 3247 περιστέλλοιεν
1340 3155 1383 3230 όν
1413 3157 1594 3232 Ἰουδαῖοι
1621 3157 1694 3232 τόν

388 3265 495 3331 ίδιον
515 3255 650 3346 νόμον.
692 3255 872 3346 μεμπτόν
894 3256 956 3347 γάρ
979 3263 1072 3329 ἐστιν
1093 3255 1208 3341 αὐτοῖς
1229 3265 1284 3328 καὶ
1306 3255 1526 3346 άναισθησίας
1547 3261 1695 3348 ἔγκλημα

388 3357 516 3447 ἐπάγον
548 3364 609 3447 τῆς
636 3366 713 3446 περὶ
744 3365 804 3446 τῆς
834 3365 908 3428 τῶν
943 3354 1079 3445 νόμων
1109 3355 1288 3447 ῦπεροχῆς,
1319 3364 1348 3429 εί
1375 3366 1542 3448 νομίζοιεν
1571 3355 1695 3440 αῦτούς

389 3457 515 3548 ὁμοίως
536 3475 609 3540 τοῖς
630 3452 768 3539 ἄλλοις
789 3455 979 3546 γεγράφθαι
1001 3475 1073 3540 τοῖς
1093 3455 1181 3529 κατὰ
1204 3457 1246 3528 τά
1269 3461 1361 3546 ἔθνη.
1396 3453 1460 3528 κάν
1474 3456 1518 3546 μὴ
1534 3455 1694 3546 βούληται

336 3575 370 3631 30
389 3567 424 3631 δὲ
447 3563 588 3644 Κέλσος,
615 3551 855 3645 σοφῶτερόν
881 3585 919 3626 τι
947 3562 1028 3628 εἰσίν
1050 3553 1204 3639 εἰδότες
1225 3551 1407 3630 Ἰουδαῖοι
1430 3553 1470 3627 οῦ
1491 3553 1599 3644 μόνον
1619 3564 1693 3627 τῶν

472 3745 491 3800 5
513 3743 576 3812 Vgl.
594 3743 657 3796 Lev.
677 3744 716 3805 19,
735 3743 775 3798 29.
800 3741 1057 3808 Deut.23,17.18.
1084 3775 1117 3784 -
1143 3745 1161 3800 8
1185 3743 1248 3813 Vgl.
1268 3743 1370 3813 Corpus
1392 3742 1572 3812 paroemiogr.
1591 3760 1630 3810 gr.
1650 3742 1692 3796 ed.

387 3829 503 3884 Leutsch
521 3831 549 3882 eh
566 3827 757 3882 Schneidewin
774 3830 840 3882 tom.
859 3829 998 3898 11p.107‚
1017 3830 1057 3884 20.
1076 3829 1162 3884 -12
1183 3827 1475 3897 Vg1.Weish.Sa1.1.
1495 3830 1534 3882 15.
1559 3827 1693 3888 3,1-10.

388 3917 428 3977 15,
445 3915 470 3968 3.
492 3943 516 3952 -
548 3911 612 3981 Vgl.
630 3912 718 3975 Plato,
736 3912 837 3966 PhEdr.
855 3913 918 3982 Gap.
937 3913 1026 3966 XXIX
1044 3931 1068 3982 p.
1087 3914 1137 3967 240
1150 3915 1182 3966 A.
1205 3943 1238 3951 -
1258 3911 1293 3967 17
1320 3911 1381 3980 vgl.
1399 3911 1477 3965 Dent.
1495 3913 1537 3979 32,
1555 3913 1579 3966 0.
1598 3941 1631 3950 -
1654 3911 1694 3966 28

387 3998 449 4066 Vgl.
467 3995 554 4051 Exod.
573 3998 614 4062 21,
633 3998 657 4052 2.
680 3997 759 4051 Deut.
779 3999 820 4064 15,
839 3997 879 4051 12.
900 3996 999 4050 Jerem.
1017 4001 1058 4062 41,
1078 4000 1117 4050 14.

471 4139 626 4217 4άγῶνες]
645 4146 779 4201 zwischen
803 4165 820 4216 γ
837 4164 863 4200 u.
882 4151 905 4199 ιῦ
924 4146 1011 4199 Rasur
1028 4163 1053 4202 u.
1072 4145 1161 4200 Raum
1179 4147 1223 4200 fiir
1240 4147 1307 4202 2-3
1325 4147 1444 4207 Buchst„
1463 4145 1553 4199 hinter
1572 4165 1588 4198 ν
1605 4145 1693 4198 Raum

387 4231 431 4285 ffir
448 4234 464 4285 1
483 4233 602 4296 Buehst„
620 4249 634 4285 ε
652 4231 703 4284 auf
718 4230 804 4284 Rasur
822 4234 846 4285 A
869 4233 873 4296 Ι
897 4233 1047 4298 θυμελικοί
1065 4233 1167 4300 Ausgg.
1186 4234 1334 4298 θεμελικοί
1354 4233 1378 4284 A
1402 4234 1406 4298 Ι
1430 4231 1444 4284 7
1467 4225 1625 4300 σπερμάτια
1643 4233 1667 4283 A
1688 4233 1690 4285 !

386 4317 405 4372 0
424 4307 698 4389 ῦπεραναναβαίνειν
716 4317 739 4368 Α
763 4318 767 4382 Ι
794 4315 832 4370 10
855 4310 989 4387 ίδρόσθαι
1008 4317 1139 4384 AAusgg.
1159 4319 1163 4384 Ι
1185 4316 1223 4370 18
1246 4310 1295 4384 ἐτι]
1315 4309 1368 4384 ἔθη
1387 4315 1523 4368 vermutet
1540 4313 1621 4368 Guiet
1639 4313 1694 4381 (bei

386 4401 446 4456 Del.
461 4403 474 4456 Ι
492 4402 543 4458 610
560 4403 639 4454 Anm.
659 4402 684 4468 ει)
702 4400 842 4469 unrichtig
865 4401 869 4466 Ι
895 4401 933 4455 15
959 4395 1146 4469 προκόπτειν]
1170 4401 1305 4453 zwischen
1325 4417 1341 4454 ο
1360 4415 1386 4452 u.
1405 4418 1423 4454 κ
1440 4399 1484 4452 ein
1502 4399 1613 4453 Buehut.
1632 4416 1693 4452 aus·

386 4487 490 4541 radiert
507 4487 531 4539 A
546 4487 551 4554 Ι
568 4485 603 4541 17
624 4501 672 4538 vor
690 4478 788 4548 αὐτοῖς
808 4487 836 4550 -Ι-
856 4479 886 4537 ἐν
905 4483 1040 4552 MAusgg.
1057 4486 1060 4552 Ι
1077 4485 1116 4542 18
1133 4482 1187 4553 μὲν
1204 4487 1235 4546 A,
1254 4482 1354 4554 HASp.
1373 4501 1416 4536 am
1436 4483 1528 4546 Rand3
1547 4501 1578 4552 γε
1597 4484 1692 4537 Mm-

387 4576 488 4641 Ausgg.
507 4571 545 4624 im
563 4571 632 4624 Text
654 4571 657 4636 Ι
680 4569 718 4623 28
745 4564 856 4637 ἐπάγον
872 4568 1182 4636 P⁰⁰n·M0⁰rr·Ausgg.
1206 4563 1329 4637 ἐπάγων,
1356 4568 1426 4622 doch
1454 4585 1470 4622 ο
1498 4569 1566 4622 {Iber
1592 4588 1615 4622 ω
1642 4567 1695 4621 mit

386 4656 504 4711 hellerer
521 4656 601 4710 'Pinte
618 4654 799 4722 Abergeschr..
819 4655 850 4707 A.
