3780 5538
566 495 659 550 ΠΕΡΙ
678 497 814 551 mut
837 497 887 571 21,
904 499 929 553 3.
945 499 970 552 4.
989 501 1014 555 5.
1040 497 1092 570 23,
1110 501 1133 552 1.
1466 503 1526 567 349

216 657 348 747 στόματι
370 661 432 746 τῆς
454 651 575 746 δόξης(
596 664 661 729 τοῦ
682 665 834 748 Χριστοῦ
855 655 1026 749 γινόμενοι
1052 659 1242 749 σῦμμυρφοι
1264 655 1350 731 όλλὰ
1372 666 1427 730 καὶ
1450 655 1527 733 ὄντι

215 761 252 830 ἐν
267 762 337 847 ,τῷ
359 756 521 846 στόματι.“
563 762 718 844 γίνονται
740 763 775 830 δὲ
797 757 987 849 σῦμμαρφοι
1009 766 1060 848 τῷ
1082 765 1120 832 έν
1142 759 1292 849 ,σώματι
1313 765 1374 849 τῆς
1396 757 1525 850 δόξης,“

215 855 532 946 μεταμορφοῦμενοι
554 864 617 944 ,τῇ
649 855 854 932 ἇνακαινὶσει
880 864 943 929 τοῦ
970 854 1079 942 νοός.“
1123 865 1152 931 εἰ
1178 857 1211 931 δ’
1234 863 1266 931 οἱ
1296 866 1453 933 τοιοῦτοι
1483 853 1526 930 δι’

217 951 312 1029 όλων
335 962 415 1044 φασὶ
437 953 492 1028 τό·
515 956 660 1050 ,πάτερ
686 956 798 1049 ἡμῶν
826 953 844 1029 ό
871 961 912 1028 έν
938 977 1023 1042 τοῖς
1050 955 1272 1048 οῦρανοῑς,“
1299 955 1461 1048 δηλονότι
1484 953 1525 1043 ,ό

182 1061 334 1128 οποισῦν
355 1055 420 1144 τὴν
445 1052 643 1146 ἆμαρτέανξ(
672 1052 720 1142 σός
751 1081 855 1148 φησιν
882 1061 918 1128 ἐν
948 1064 992 1144 τῇ
1021 1064 1191 1147 καθολικῇ
1224 1053 1243 1131 ό
1271 1054 1444 1147 Ἰωάννης,
1466 1061 1525 1142 ,ἐκ

216 1159 280 1226 τοῦ
303 1151 463 1238 διαβόλου
483 1161 584 1241 ἐστὶν,
612 1150 666 1228 ότι
692 1153 750 1229 ἀπ’
777 1153 880 1247 ἀρχῆς
905 1151 924 1228 ό
954 1154 1110 1241 διάβολος
1137 1154 1347 1246 ῦμαρτόνει“
1381 1164 1438 1228 καὶ
1461 1151 1525 1227 τόσ-

216 1282 279 1343 περ
288 1259 458 1343 ,,σπέρμα“
468 1261 533 1328 τοῦ
548 1261 644 1342 θεοῦ,
660 1263 698 1328 έν
712 1264 764 1347 τῷ
779 1262 1008 1346 γεγεννημένῳ
1018 1260 1075 1341 ,ἐκ
1091 1263 1154 1328 τοῦ
1169 1262 1276 1328 θεοῦ“
1284 1263 1396 1345 μένον,
1412 1261 1524 1329 οἲτιον

216 1359 279 1426 τοῦ
300 1352 527 1443 μὴδύνασθαι
548 1351 794 1445 ,,ἆμαρτόνειν“
816 1361 944 1443 γίνεται
966 1362 1017 1444 τῷ
1038 1355 1127 1427 κατὰ
1148 1355 1212 1428 τόν
1232 1362 1399 1448 μονογενῆ
1421 1353 1525 1445 λόγον

214 1458 483 1543 μεμορφωμένου·
506 1447 620 1538 οῦτως
634 1458 672 1526 έν
686 1463 792 1526 παντὶ
806 1458 858 1544 τῷ
872 1460 1035 1526 ποιοῦντι
1051 1455 1137 1545 ,τὴν
1151 1451 1339 1545 όμαρτ1αν“
1354 1462 1525 1546 ,,σπέρμα“

165 1573 198 1627 10
216 1559 280 1624 τοῦ
308 1551 468 1638 διαβόλου
493 1555 639 1640 ἔνεστιν,
673 1547 756 1627 όσον
786 1550 963 1642 ἐνυπάρχει
993 1559 1035 1640 τῇ
1057 1559 1155 1642 φυχῇ,
1184 1553 1229 1644 μὴ
1260 1557 1328 1626 ἐῶν
1358 1553 1524 1626 δύνασθαι

215 1657 415 1741 κατορθοῦν
434 1653 498 1726 τόν
512 1654 634 1741 ἔχοντα
659 1648 755 1725 αῦτό.
793 1648 865 1724 ἀλλ’
881 1655 954 1724 ἐπεὶ
968 1658 1035 1737 ,εἰς
1053 1657 1160 1725 τοῦτο
1183 1653 1387 1744 ἐφανερώθη
1410 1649 1430 1726 ό
1451 1651 1524 1738 υἱός

217 1757 282 1824 τοῦ
303 1757 400 1836 θεοῦ,
423 1755 477 1823 ἵνα
492 1751 574 1840 λῦση
589 1751 632 1824 τὰ
647 1755 726 1842 ἔργα
741 1757 805 1823 τοῦ
820 1749 1009 1838 δισβόλου,“
1031 1751 1181 1823 δυνατόν
1203 1758 1246 1840 τῇ
1261 1758 1308 1837 εἰς
1322 1752 1388 1842 τὴν
1408 1752 1522 1842 ψυχὴν

216 1847 314 1940 ἡμῶν
344 1854 500 1942 έπιδημέᾳ
531 1857 594 1922 τοῦ
624 1847 729 1940 λόγου
752 1857 815 1923 τοῦ
844 1857 942 1936 θεοῦ.
980 1857 1160 1924 λυθέντων
1190 1859 1263 1923 τῶν
1294 1853 1403 1942 ἔργων
1437 1859 1522 1937 ,τοῦ

149 1947 407 2038 191διαβόλου,“
435 1953 702 2047 έξαφανισθῆναι
728 1948 769 2021 τό
796 1955 936 2023 ἐκτεθὲν
958 1947 1036 2040 ἧμιν
1057 1956 1226 2040 ,,σπέρμα“
1252 1949 1415 2042 πονηρόν,
1439 1961 1445 2038 Ι
1468 1959 1524 2023 καὶ

167 2067 199 2120 15
218 2057 373 2139 γενέσθαι
391 2046 476 2139 ἡμᾶς
497 2055 620 2134 ,τέκνα
640 2055 704 2121 τοῦ
724 2056 836 2121 θεοῦ.“

301 2161 329 2220 5.
357 2147 402 2238 μὴ
424 2153 529 2235 λέξεις
550 2155 667 2220 τοίνυν
692 2154 882 2239 νομίσωμεν
909 2146 1126 2221 διδάσκεσθαι
1152 2155 1261 2238 λέγειν
1287 2145 1374 2240 ἡμᾶς
1394 2151 1432 2220 ἔν
1454 2178 1523 2221 τινι

216 2244 482 2338 ἇποτεταγμένφ
523 2255 587 2318 τοῦ
624 2243 783 2337 εὔχεσθαι
813 2257 943 2340 καιρῷ·
971 2243 1053 2320 *ἀλλ’
1088 2251 1117 2318 εἰ
1152 2257 1303 2338 συνίεμεν
1339 2257 1412 2321 τῶν
1443 2246 1521 2340 ἡμῖν

215 2354 542 2436 προεξετασθέντων
570 2354 616 2430 εἰς
639 2346 680 2420 τὸ
711 2345 977 2433 ,ἅδιαλεὶπτως1
998 2346 1255 2437 προσεύχεσθαι,
1287 2355 1353 2432 πᾶς
1383 2344 1523 2439 ἦμῶνό

216 2453 289 2535 βίος
309 2442 579 2532 ,,όδιαλε1πτως“
600 2454 884 2537 προσερχομένων
906 2453 1034 2537 λεγέτω
1060 2443 1115 2518 τό·
1136 2445 1281 2536 ,πάτερ
1308 2444 1418 2538 ἡμῶν
1440 2443 1460 2520 ό
1482 2450 1524 2519 έν

165 2564 200 2619 20
217 2564 303 2630 τοῖς
326 2542 551 2634 οῦρανοῑς,“
566 2545 628 2632 ,τό
643 2555 850 2638 πολίτευμα(
873 2549 961 2636 έχων
982 2543 1137 2636 οῦδαμσῦς
1159 2552 1214 2618 έπὶ
1232 2553 1293 2638 γῆς
1313 2544 1400 2620 ἀλλὰ
1419 2555 1524 2620 παντὶ

217 2641 337 2736 τρόπῳ
360 2649 423 2729 ,έν
445 2644 665 2736 οῦρανοῑς,“
679 2643 821 2736 θρόνοις
836 2643 1037 2735 τυγχάνουσι
1056 2652 1120 2718 τοῦ
1141 2654 1226 2718 θεοῦ
1240 2646 1295 2719 διὰ
1311 2645 1351 2720 τὸ
1366 2651 1524 2738 ἱδρῦσθαι

218 2743 282 2834 τὴν
312 2751 375 2817 τοῦ
405 2752 491 2817 θεοῦ
524 2753 694 2830 βασιλείαν
728 2751 765 2817 έν
794 2753 877 2818 πᾶσι
912 2765 984 2830 τοῖς
1019 2752 1163 2834 φοροῦσι
1198 2744 1283 2836 ,τὴν
1313 2743 1428 2818 εἰκόνα
1462 2753 1525 2818 τοῦ

218 2848 443 2934 έκουρανίου“
464 2855 520 2917 καὶ
542 2845 597 2917 διὰ
618 2851 724 2919 τοῦτο
748 2851 1183 2936 γενομένοιςιέπουρανέοις.

302 2948 406 3014 XXIII
431 2957 456 3016 1.
488 2939 590 3018 Ἐπόιν
609 2949 677 3035 (δὲ)
693 2951 831 3034 λέγηται
846 2940 865 3016 ό
880 2945 1012 3036 πατὴρ
1034 2953 1107 3016 τῶν
1127 2940 1233 3034 οἷγίων
1252 2946 1338 3017 εἶναι
1354 2950 1417 3030 ,ἐν
1438 2962 1525 3027 τοῖς

168 3071 202 3124 25
219 3040 445 3134 οῦρανοῑς,“
468 3041 509 3116 οῦ
526 3042 795 3134 περιγεγράφθω
814 3039 920 3116 αῦτὸν
947 3042 1089 3134 σχήματι
1103 3051 1286 3135 σωματικῷ
1307 3041 1526 3134 ῦποληπτέον

217 3152 273 3215 καὶ
296 3148 358 3228 ,έν
379 3139 590 3232 οῦρανοῑς“
611 3163 797 3228 κατοικεῖν,
822 3149 894 3215 έπεέ
919 3172 974 3216 τοι
999 3139 1234 3233 περιεχόμενος
1259 3141 1414 3216 ἐλάττων
1439 3151 1524 3215 τῶν

219 3240 407 3332 οῦρανιῦν
429 3237 448 3314 ό
470 3241 552 3325 θεὸς
579 3240 810 3334 εῦρεθὴσεται,
832 3239 1064 3332 περιεχόντων
1091 3239 1197 3314 αῦτόν
1218 3250 1300 3314 τῶν
1321 3238 1523 3331 οῦρανοῦν·

219 3350 298 3416 δέον
320 3350 363 3432 τῇ
385 3339 509 3432 όφότφ
532 3340 669 3432 δυνάμει
697 3348 758 3431 τῆς
779 3338 950 3433 θεότητος
976 3338 1082 3414 αὐτοῦ
1106 3351 1288 3414 πεπεῖσθαι
1312 3347 1522 3431 περιέχεσθαι

303 3514 322 3570 8
344 3513 408 3584 Vgl.
426 3512 504 3568 11551.
523 3515 563 3580 12,
582 3515 606 3566 2.
630 3542 664 3553 -
686 3513 704 3568 4
725 3513 824 3568 Matth.
843 3515 867 3578 6,
885 3514 909 3568 9.
932 3542 965 3552 -
987 3515 999 3566 Ι
1017 3512 1078 3566 Joh.
1097 3513 1121 3579 3,
1138 3513 1163 3568 8.
1181 3511 1246 3566 -1
1267 3512 1330 3581 Vgl.
1348 3513 1360 3566 I
1377 3511 1438 3566 Joh.
1457 3513 1482 3577 3,
1500 3513 1524 3567 9.

217 3627 251 3636 -
270 3599 288 3655 8
306 3597 370 3667 vgl.
388 3597 449 3652 Joh.
469 3603 493 3662 1,
512 3601 552 3655 14.
571 3599 612 3654 18.
636 3599 660 3664 3,
679 3599 720 3654 16.
739 3599 779 3655 18
803 3599 815 3652 I
833 3597 896 3654 Joh.
913 3599 938 3662 4,
957 3598 981 3652 9.
999 3626 1033 3636 -
1050 3596 1070 3652 9
1088 3595 1152 3665 vgl.
1171 3593 1231 3651 Gal.
1249 3599 1275 3664 4,
1294 3597 1325 3652 19
1343 3596 1432 3664 (Rbm.
1444 3597 1470 3664 8,
1481 3597 1522 3652 29.

217 3683 244 3736 Π
262 3681 325 3736 Kor.
343 3684 367 3748 3,
387 3682 438 3750 18).
455 3711 489 3723 -
507 3681 569 3752 vgl.
588 3682 674 3737 IJoh.
692 3683 716 3746 3,
734 3683 758 3738 8.
777 3683 801 3738 9.
819 3712 852 3734 -.-
872 3681 908 3736 11
928 3679 991 3750 1⁷31.
1009 3679 1094 3735 IJoh.
1113 3683 1137 3746 3,
1154 3681 1246 3738 8-10.
1265 3713 1298 3722 -
1317 3681 1354 3738 17
1374 3681 1435 3752 vgl.
1454 3681 1526 3736 oben

218 3767 282 3838 Cap.
300 3767 360 3820 XII.
377 3797 412 3806 -
430 3767 469 3822 18
488 3767 551 3837 Vgl.
570 3769 582 3821 Ι
600 3767 693 3822 Thess.
712 3770 736 3834 5,
755 3769 795 3821 17.
813 3796 847 3806 —
867 3765 905 3822 19
922 3765 1022 3821 Με1111.
1034 3767 1059 3833 6,
1071 3767 1095 3822 9.
1114 3796 1147 3804 -
1165 3765 1205 3822 29
1222 3766 1285 3836 Vgl.
1303 3766 1373 3821 Phil.
1391 3769 1416 3836 3,
1433 3767 1474 3822 20.
1492 3796 1526 3806 -

218 3851 256 3907 21
284 3851 348 3920 Vgl.
370 3851 423 3906 Jes.
446 3853 492 3916 66,
512 3855 527 3907 1
554 3852 610 3905 und
635 3851 778 3920 Origenes,
803 3851 834 3904 In
857 3849 924 3904 Gen.
946 3851 1021 3907 hom.
1043 3851 1056 3904 I
1078 3851 1095 3905 2
1121 3853 1196 3920 (bom.
1215 3850 1280 3906 VIII
1305 3867 1331 3922 p.
1354 3855 1403 3909 107
1416 3868 1455 3920 sq.
1483 3851 1525 3906 ed.

217 3935 340 4004 Lomm.).
353 3966 385 3975 -
403 3936 442 3990 22
462 3935 523 4006 vgl.
536 3937 548 3989 Ι
560 3937 623 3990 Κοτ.
635 3939 676 4002 15,
687 3937 730 3991 49.
748 3966 781 3974 -
798 3935 840 3990 24
857 3935 919 4004 Vgl.
932 3935 1105 3998 11111569.
1118 3963 1152 3974 -
1168 3935 1207 3990 26
1225 3936 1287 4006 Vgl.
1301 3933 1426 3991 Clemens
1438 3936 1525 3996 Alex..

218 4021 315 4076 Strom.
333 4021 360 4074 II
378 4021 402 4086 2,
422 4023 438 4076 6
455 4038 481 4074 u.
500 4020 593 4086 1115,
612 4021 645 4076 28
662 4037 689 4090 p.
707 4023 799 4076 43111.
817 4021 868 4075 845
885 4019 928 4073 εδ.
946 4019 1048 4075 Ρο11οτ.

302 4158 317 4210 1
340 4149 411 4224 ὄντι]
431 4157 502 4231 (τῷ)
521 4147 584 4210 ὄντι
600 4155 682 4224 Angl.
695 4155 749 4223 (bei
762 4155 822 4210 Del.
835 4154 949 4221 19212),
966 4153 1116 4222 ngunten
1135 4155 1161 4210 Z.
1174 4155 1190 4210 2
1205 4157 1209 4222 Ι
1225 4155 1244 4210 2
1263 4150 1295 4210 έν
1312 4155 1348 4224 (2)
1366 4155 1431 4225 tilgt
1447 4156 1526 4210 Bent.

219 4241 273 4312 (bei
290 4241 350 4296 Del.
362 4242 375 4294 1
387 4242 438 4296 233
450 4244 530 4294 Anm.
543 4241 568 4308 ε)
584 4239 622 4308 18
641 4234 834 4296 ἀνακαινώσει
852 4239 936 4293 Lond.
952 4238 989 4306 14
1007 4241 1093 4307 δῆλον
1111 4229 1156 4296 ότι
1174 4239 1259 4294 Lond.
1275 4241 1279 4308 Ι
1297 4241 1312 4296 1
1335 4237 1368 4296 ἐκ
1384 4245 1436 4296 τοῦ
1452 4243 1526 4295 θεοῦ

220 4343 271 4380 von
288 4327 309 4378 Ι.
327 4325 360 4379 Η.
378 4326 582 4394 nachgetragen
605 4325 668 4392 (τοῦ
685 4326 757 4379 θεοῦ
774 4323 957 4392 fibergesehr.)
975 4321 1017 4392 Τ)
1033 4324 1070 4378 11
1089 4317 1159 4379 αῦτό
1178 4323 1300 4380 schreibe
1317 4324 1363 4378 ich
1379 4324 1430 4378 mit
1446 4325 1525 4379 Bent.

218 4411 317 4478 Del.‚(I
336 4410 385 4465 233
404 4411 484 4463 Anm.
503 4411 527 4476 ο)
549 4409 631 4477 Angl.
653 4409 687 4478 (α.
704 4427 729 4462 α.
746 4407 796 4478 0.),
815 4401 905 4463 αῦτόν
921 4407 1049 4476 TAusgg.
1074 4409 1078 4476 Ι
1104 4409 1141 4464 16
1160 4407 1250 4462 hinter
1266 4409 1363 4464 τοίνυν
1380 4412 1414 4478 -)-
1431 4403 1525 4478 μόνον

218 4495 300 4564 Angl.
320 4495 353 4560 (a.
367 4512 390 4548 ε.
404 4493 445 4562 O.)
463 4495 535 4548 ohne
554 4493 649 4547 Grund
670 4493 673 4562 )
695 4491 732 4548 18
751 4487 978 4564 προσεύχεσθαι]
997 4487 1196 4564 προσεύχεσθε
1214 4493 1298 4548 Lond.
1316 4511 1343 4548 u.
1362 4493 1525 4562 1916233

218 4582 298 4632 Anm.
317 4579 344 4646 (1)
363 4579 434 4633 ohne
452 4577 547 4632 Grund
561 4579 566 4646 1
581 4578 619 4632 21
637 4572 772 4645 ὶδρῦσθαι
792 4575 995 4646 TAusgg.124
1012 4573 1070 4645 (δὲ)
1087 4576 1152 4646 fflge
1169 4577 1214 4630 ich
1231 4577 1283 4631 mit
1299 4575 1380 4647 Angl.
1399 4578 1432 4646 (ε.
1446 4595 1470 4633 ε.
1484 4576 1525 4646 0.)

218 4664 262 4718 ein
277 4665 282 4732 1
297 4668 355 4718 τῶν
373 4653 470 4732 δγέιον]
489 4668 547 4718 τῶν
564 4653 644 4718 όλων
661 4662 740 4716 Bent.
759 4661 816 4730 (bei
833 4660 892 4715 Del.
911 4661 924 4714 l
942 4661 992 4716 233
1010 4664 1091 4714 Anm.
1110 4662 1143 4730 ε).
