3780 5532
608 471 708 526 RATA
730 471 889 526 ΚΕΔΣΟΥ
913 473 971 530 vn
995 475 1036 526 37.
1054 471 1094 527 38.
1113 471 1154 526 39.
1472 479 1529 543 189

228 663 283 714 τες
314 641 396 723 θεῷ
428 630 542 722 ἀρέσαι
573 631 614 704 ού
640 634 822 706 δύνανταί(
848 643 904 706 καὶ
930 633 985 705 διὰ
1016 641 1120 706 τοῦτο
1150 631 1265 705 πάντα
1291 631 1457 723 πράττων
1485 640 1530 718 εἰς

229 732 270 805 τό
301 739 462 823 μηδαμῶς
492 731 599 805 αύτόν
631 739 680 805 ἔτι
712 737 797 806 εἶναι
828 740 884 818 ,,έν
910 743 953 822 τῇ
983 741 1095 822 σαρκὶ
1125 728 1218 804 &w
1241 737 1318 818 ,,ἒν“
1340 731 1434 824 μόνῳ
1456 741 1529 824 ,,τῷ

229 831 423 922 πνεύματι.“

312 937 453 1002 ΧΧΧΙΧ.
485 928 621 1022 Ἴδωμεν
643 939 678 1004 δὲ
697 941 752 1004 καὶ
774 939 828 1005 ἐπὶ
853 943 929 1006 τίνα
944 925 1028 1024 ἡμᾶς
1046 943 1149 1011 καλεῖ,
1172 930 1214 1003 ἵν’
1229 929 1335 1004 αύτοῦ
1356 930 1532 1004 άκούσω·

194 1051 314 1122 ἵεμεν,
346 1042 414 1104 τίνι
446 1029 566 1121 τρόπῳ
598 1030 833 1123 γνωσόμεθα
865 1032 937 1105 τόν
967 1031 1077 1104 θεόν·
1108 1029 1160 1119 ἐφ’
1188 1032 1240 1116 οἷς
1271 1037 1377 1104 οἴεται
1406 1039 1532 1121 μηδένα

230 1140 488 1221 Χριστιανῶν
514 1138 670 1204 ἐπαΐειν
696 1133 892 1204 δύνασθαι
919 1141 991 1209 τῶν
1013 1127 1070 1204 ύπ’
1091 1130 1197 1204 αύτοῦ
1223 1139 1423 1222 λεγομένων,
1451 1137 1531 1222 φησί

229 1230 304 1322 γάρ’
333 1227 497 1322 όμωςδ
522 1224 593 1304 οὖν
620 1229 923 1317 άκσυσάτωοαν,
951 1263 983 1304 ει
1006 1262 1044 1304 τι
1064 1263 1129 1304 και
1155 1238 1311 1304 έπαιειν
1333 1230 1532 1302 δυνανται

229 1337 337 1402 τίνων
364 1324 428 1452 ρύν
454 1329 538 1420 ἡμᾶς
564 1329 725 1404 ἀκούειν
751 1329 807 1403 ὁπ’
830 1329 935 1404 αύτού
957 1339 1153 1455 λεγομένων
1174 1329 1341 1416 βούλεται,
1367 1359 1533 1421 κατανοη-

230 1438 323 1514 τίον,
358 1461 376 1550 ρ
408 1429 606 1519 φιλόσοφος.
649 1438 727 1504 δέον
754 1429 966 1504 διδάσκειν
946 1439 1044 1522 ημᾶς,
1077 1427 1158 1502 όδε
1180 1437 1449 1553 διαλοιδορεῑτιιι·
1478 1439 1532 1502 καί

147 1545 212 1602 179v
230 1535 307 1600 δέον
335 1527 471 1601 εύνοιαν
502 1533 625 1602 ἑαυτοῦ
653 1538 755 1618 δεῖξαι
777 1535 813 1602 ἰν
840 1539 889 1623 τῷ
917 1537 1084 1620 προοιμίῳ
1104 1539 1108 1615 ί
1127 1539 1201 1602 τῶν
1228 1527 1341 1620 λόγων
1363 1531 1428 1621 τὴν
1448 1529 1532 1618 πρός

232 1630 311 1711 τούς
333 1626 571 1712 ἀκούοντας,
600 1627 619 1701 ό
645 1636 682 1700 δέ
703 1657 784 1720 φησι
812 1649 883 1713 τοῖς
909 1633 972 1713 ἕως
992 1627 1150 1701 θανάτου
1171 1627 1456 1718 ἀποθνῄσκουσιν,
1480 1633 1533 1701 ἵνα

230 1727 274 1817 μὴ
302 1725 530 1818 έξομόσωνται
551 1737 633 1819 μηδὲ
655 1736 746 1819 μέχρι
770 1737 886 1819 φωνῆς
908 1729 971 1800 τὸν
991 1728 1251 1818 χριστιανισμόν,
1278 1738 1334 1800 καὶ
1355 1755 1533 1818 παρεσκευ-

230 1833 383 1914 ασμένοις
412 1827 499 1917 πρὸς
528 1835 639 1900 πᾶσαν
667 1834 777 1900 αἰκίαν
804 1835 857 1898 καὶ
884 1827 998 1900 πάντα
1024 1826 1157 1914 τρόπον
1177 1827 1345 1901 θανάτου·
1377 1824 1428 1912 ώς
1458 1838 1533 1898 δει-

231 1926 303 1998 λόν
335 1935 457 2017 γένος.
500 1935 585 2017 λέγει
616 1925 649 1997 δ’
672 1925 756 2017 ἡμᾶς
782 1930 865 1998 εἰναι
891 1935 954 1998 καὶ
987 1928 1273 2016 φιλοσώματον
1299 1935 1425 2017 γένος,
1452 1929 1534 2011 τούς

179 2041 211 2093 15
231 2025 437 2113 φάσκοντας·
471 2032 519 2112 ,,εἰ
545 2034 601 2098 καὶ
624 2025 775 2116 Χριστόν
800 2057 886 2098 ποτε
907 2026 995 2098 κατὰ
1025 2025 1148 2114 σάρκα
1176 2027 1416 2117 ἐγνώκαμεν,
1448 2024 1533 2098 άλλόι

229 2133 292 2196 νῦν
321 2124 434 2198 ούκέτι
464 2126 736 2218 γινώσκομεν(
763 2133 817 2196 καὶ
845 2121 940 2198 ούτω
971 2133 1158 2214 προχείρως
1187 2123 1271 2214 ύπὲρ
1298 2124 1459 2212 εὐσεβείας
1487 2156 1534 2196 τι-

228 2235 356 2309 θέντας
388 2226 429 2297 τὸ
465 2235 574 2316 σῶμα,
606 2225 653 2310 ῶς
684 2223 762 2298 ούδὲ
793 2224 833 2296 τό
864 2223 999 2315 ἱμάτιον
1028 2222 1227 2297 άποδύοαιτ’
1248 2221 1291 2296 όν
1318 2223 1460 2315 εὐχερῶς
1482 2257 1534 2314 φι·

230 2323 386 2412 λόσοφσς.

314 2433 416 2514 φησὶν
440 2418 502 2496 οὖν
524 2425 610 2516 πρός
633 2423 716 2516 ἡμᾶς
740 2420 807 2509 ὅτι,
835 2424 905 2496 ἐὰν
927 2422 1135 2514 αἰσθήσεσι
1156 2424 1353 2512 μύσαντες
1374 2421 1535 2510 άναβλέ-

176 2537 331 2615 λθψητε
370 2531 424 2614 νῶ
460 2536 526 2596 καὶ
563 2523 707 2614 σαρκός
742 2521 1071 2614 άποστραφέντες
1107 2519 1322 2614 ὀφθαλμὸν
1359 2523 1430 2596 τόν
1465 2531 1535 2615 τῆς

230 2631 357 2715 ψυχῆς
387 2631 581 2714 ἐγείρητε,
610 2621 745 2712 μόνως
777 2619 905 2708 ούτως
932 2623 1004 2694 τόν
1030 2623 1127 2695 θεὸν
1154 2618 1317 2708 ὄψεσθε,
1348 2633 1404 2696 καὶ
1430 2629 1536 2696 οἰεται

231 2722 316 2797 αύτά
347 2731 445 2814 (λέγω
473 2724 513 2813 δὴ
540 2724 583 2794 τά
610 2732 684 2812 περὶ
712 2730 839 2796 διττῶν
872 2720 1112 2812 ὀφθαλμῶν)
1135 2718 1204 2794 άπό
1231 2719 1400 2813 Ἑλλήνων
1421 2726 1536 2808 λαβών

230 2825 274 2914 μὴ
302 2825 670 2914 προπεφιλοσοφῆοθαι
695 2821 774 2909 παρ’
797 2821 883 2913 ἡμῖν.
921 2829 1059 2893 λεκτέον
1087 2818 1119 2891 δ’
1143 2816 1197 2893 ότι
1219 2829 1368 2915 Μωύσῆς
1393 2821 1536 2914 ἀναγρύ-

232 2953 311 3010 φων
345 2923 409 3013 τίγν
439 2931 663 3014 κοσμοποιίαν
688 2921 808 3012 εἰσάγει
835 2921 898 2994 τὸν
924 2918 1147 3009 ἄνθρωπον
1173 2923 1241 3011 πρὸ
1266 2930 1328 3010 μὲν
1349 2930 1409 3013 τῆς
1431 2951 1536 3012 παρα-

180 3036 214 3089 25
231 3022 361 3107 βάσεως
388 3031 436 3111 πῇ
465 3031 526 3110 μὲν
554 3029 725 3110 βλέποντα
753 3031 800 3111 πῇ
827 3028 862 3093 δὲ
884 3022 928 3113 μὴ
950 3027 1129 3107 βλέποντα,
1152 3029 1322 3106 βλέποντα
1343 3031 1404 3111 μὲν
1426 3027 1462 3094 ἐν
1484 3031 1535 3114 τῷ

231 3129 386 3211 λέγεσθαι
413 3131 489 3211 περὶ
517 3130 577 3213 τῆς
604 3122 762 3211 γυναικὸς
789 3117 844 3194 ότι
868 3122 976 3209 ,,εἰδεν
999 3117 1019 3209 ἡ
1041 3119 1124 3209 γυνίγ
1156 3115 1210 3192 ότι
1237 3121 1345 3194 καλόν
1371 3125 1411 3194 τό
1434 3122 1537 3209 ξύλον

174 3291 176 3296 .
233 3229 278 3304 εἰς
304 3228 440 3307 βρῶσιν,
462 3229 517 3293 καὶ
540 3219 594 3294 ότι
616 3219 759 3310 ἀρεστόν
781 3239 853 3304 τοῖς
875 3217 1104 3309 ὀφθαλμοῖς
1129 3223 1212 3291 ἰδεῖν
1237 3227 1293 3291 καὶ
1315 3219 1444 3309 ώραῑόν
1465 3227 1536 3294 ἐστι

232 3328 296 3393 τοῦ
325 3328 562 3412 κατανοῆσαι,“
584 3321 628 3412 μὴ
660 3329 830 3406 βλέποντα
860 3327 895 3391 δὲ
926 3317 967 3392 ου’
996 3317 1104 3409 μόνον
1134 3323 1170 3391 ἐν
1198 3326 1279 3411 1τῷ
1306 3328 1462 3409 λέγεσθαι
1488 3320 1536 3405 ῶς
1558 3341 1608 3395 722

232 3429 309 3510 περὶ
340 3429 483 3510 τυφλῶν
516 3418 740 3510 ὀφθαλμῶν
765 3417 833 3490 ύπό
855 3426 919 3490 τού
943 3415 1054 3506 ὄφεως
1081 3427 1123 3508 τῇ
1148 3427 1276 3507 γυναικὶ
1299 3420 1340 3492 τό
1362 3416 1454 3508 ,γ’γ’δει
1475 3423 1537 3511 γὰρ

174 3517 252 3592 306
283 3521 378 3605 θεὸς
410 3516 465 3594 ότι
500 3552 520 3610 η
557 3516 600 3592 ἂν
636 3517 740 3611 ἡμέρα
776 3515 905 3608 φάγητε
940 3515 996 3590 ἀπ’
1024 3515 1145 3602 αύτοῦ,
1173 3517 1470 3609 διανοιχθήσονται
1505 3526 1538 3594 οἰ

233 3618 489 3712 όφθαλμοὶ“
468 3629 584 3711 υμῶν,“
587 3616 702 3690 ’ἀλλὰ
728 3627 783 3690 καὶ
817 3625 855 3690 έν
886 3625 937 3708 τῷ
964 3623 1123 3746 ,,έφαγρν,
1149 3627 1205 3690 καὶ
1237 3623 1480 3710 διηνοίχθησαν
1506 3626 1538 3693 οἰ

233 3717 438 3810 ὀφθαλμοὶ
461 3727 535 3791 τῶν
558 3718 647 3790 660“
669 3724 950 3809 ,διηνοίχθησαν“
969 3725 1030 3808 μὲν
1052 3711 1115 3790 οὖν
1134 3715 1251 3790 αύτῶν
1273 3724 1305 3790 οἰ
1328 3715 1537 3811 ὀφθαλμοὶ

319 3902 337 3956 2
357 3901 419 3968 Vgl.
438 3901 515 3954 Ram.
533 3902 558 3962 8,
576 3899 600 3954 9.
619 3927 651 3938 -
672 3898 709 3954 15
728 3899 753 3951 ΙΙ
773 3898 835 3952 Κοι.
853 3901 878 3961 5,
897 3903 937 3953 16.
956 3929 986 3936 -
1007 3899 1046 3954 26
1066 3899 1133 3951 Gen.
1151 3900 1176 3962 3,
1194 3902 1218 3954 6.
1237 3929 1269 3936 -
1288 3899 1327 3954 26
1347 3899 1413 3954 Gen.
1426 3903 1449 3964 3,
1463 3905 1487 3956 ί).
1504 3931 1538 3940 -

234 3988 272 4042 61
292 3986 358 4040 Gen.
377 3987 400 4048 3,
419 3987 443 4040 6.
462 3986 485 4037 7.

319 4137 357 4190 11
384 4130 409 4204 6]
429 4125 447 4190 δ’
466 4137 490 4187 A
514 4137 518 4202 Ι
543 4127 780 4200 ἀποθνήσκουσιν
802 4135 941 4202 ΑΑιιεγγχ,
968 4127 1222 4205 οἰτιοκαρτεροῦσιν
1243 4133 1309 4187 oder
1333 4128 1539 4202 είκατολμώσιν

235 4225 376 4274 vermuten
395 4220 444 4274 Bo.
462 4219 559 4288 (Notae
576 4237 601 4289 p.
619 4219 680 4285 402)
699 4235 724 4270 u.
743 4217 803 4271 Del.
822 4219 844 4285 (Ι
863 4219 911 4272 721
930 4221 1009 4271 Anm.
1022 4219 1049 4282 ε.)
1066 4218 1143 4272 nicht
1160 4217 1314 4286 glflcklich3
1336 4217 1427 4272 besser
1445 4220 1539 4274 wArde

231 4299 457 4375 ,ἀγωνιζομένοις
475 4321 582 4374 φεεεεο,
601 4303 656 4371 vgl.
674 4301 744 4356 oben
764 4303 775 4354 I
793 4303 838 4362 25,
862 4303 874 4354 Ι
892 4305 925 4358 76
942 4303 967 4355 Ζ.
986 4303 1032 4367 23;
1062 4303 1107 4367 26,
1124 4304 1137 4356 Ι
1155 4305 1188 4358 78
1205 4303 1231 4356 Ζ.
1249 4305 1266 4356 6
1288 4303 1345 4356 und
1367 4307 1451 4356 ναίετε
1474 4303 1538 4357 VIII

234 4391 269 4446 48
286 4408 310 4444 ν.
329 4395 360 4444 A.
379 4392 449 4459 (τών
470 4387 553 4460 μέχρι
574 4381 706 4442 θανάτου
728 4381 950 4454 ἀγωνιζομένων
970 4381 1041 4457 ύιιὲρ
1063 4393 1116 4442 τοῦ
1136 4380 1175 4455 μὴ
1194 4381 1396 4453 ἐξομόσασθαι
1411 4405 1538 4456 χριστια-

235 4469 346 4542 νισμόν)
363 4477 366 4543 Ι
390 4475 428 4529 16
453 4491 478 4527 ει
497 4473 545 4542 [so]
564 4476 588 4525 A
611 4473 615 4538 1
640 4472 679 4528 16
703 4463 798 4525 ούκέτι
815 4469 998 4538 γινώσκομεν
1016 4471 1138 4526 schreibe
1155 4471 1212 4534 ich,
1231 4466 1284 4526 ούκ
1301 4465 1342 4527 ἔτι
1360 4466 1541 4541 γινώσκομεν

235 4564 345 4627 Ασεςρ,
366 4551 418 4613 ούκ
436 4553 663 4627 διαγινώσκομεν
680 4559 704 4608 A
725 4557 729 4623 Ι
751 4556 789 4612 16
808 4549 860 4609 έᾶν
878 4555 1002 4609 zweimal
1021 4556 1195 4625 gesohrieben
1215 4562 1239 4610 A
1258 4560 1263 4624 1
1283 4556 1321 4612 21
1342 4547 1435 4621 ούτοις
1451 4559 1475 4609 A
1494 4549 1538 4611 ού

226 4661 275 4698 -τιο
294 4643 395 4712 Ausgg.
