3790 5526
628 451 728 504 ΚΑΤΑ
747 451 909 506 umor
928 451 987 509 VII
1010 450 1034 505 2.
1051 452 1076 505 3.
1093 453 1117 505 4.
1468 457 1525 516 155

225 607 330 698 λόγον
355 616 432 698 περὶ
459 616 533 681 τῶν
559 607 676 684 αὐτῶν
700 619 940 704 παραθέμενον
966 618 1070 698 δείξαι
1097 606 1152 686 ότι
1172 619 1229 682 καί
1248 606 1416 700 Ἑλλήνων
1437 615 1527 693 τινὲς

224 703 449 797 ἀνατρέπουσι
480 709 541 795 τάς
572 718 790 800 νομιζομένας
821 720 876 784 καὶ
906 719 1182 804 τεθαυμασμένας
1211 716 1248 782 έν
1278 707 1368 798 πάση
1397 703 1528 782 Ἑλλάδι

224 817 445 896 θεοπροπίας.
1263 899 1270 910 ι

307 903 393 979 ἀλλά
421 908 483 997 γὰρ
513 906 667 982 δεδόσθω
700 909 745 1001 μῆ
775 913 859 984 εἶναι
889 909 1068 1002 πλάσματα
1095 918 1177 1002 μηδὲ
1205 905 1445 998 προσποιῆσεις
1472 903 1529 979 ἀν·

142 1020 208 1076 167ν
225 1005 384 1094 θρῶπων
404 1014 480 1097 περὶ
502 1014 699 1100 θεοΙφορίας
724 1010 767 1083 τά
790 1017 866 1099 περί
887 1011 961 1102 τῆν
982 1017 1140 1084 Πυθίαν
1160 1017 1218 1082 καί
1244 1008 1287 1080 τά
1307 1007 1411 1080 λοιπά
1432 1031 1529 1098 χρησ-

226 1103 339 1196 τῆρια·
370 1111 495 1198 ἴδωμεν
522 1101 586 1182 οὖν
612 1113 640 1182 εἰ
660 1109 705 1200 μῆ
726 1115 781 1182 καί
804 1105 918 1197 οὕτως
939 1111 1080 1184 δυ’ναται
1103 1129 1176 1193 τοῖς
1196 1105 1399 1198 φιλαλήθως
1419 1105 1530 1196 ἐξετά-

226 1215 318 1292 ζουσι
348 1203 391 1277 τά
420 1205 600 1297 πράγματα
631 1205 898 1283 ἀποδείκνυσθαι
928 1206 983 1283 ότι
1008 1217 1064 1283 καί
1087 1217 1138 1300 τῷ
1160 1213 1420 1298 παραδεχομένῳ
1444 1209 1530 1279 εῖναι

226 1313 335 1378 ταῦτα
357 1305 400 1378 τά
421 1327 562 1397 μαντεία
585 1307 647 1382 οάκ
668 1305 851 1400 ἀναγκαῖον
872 1317 1059 1401 προσέσθαι
1081 1304 1137 1384 ότι
1157 1315 1235 1382 θεοί
1256 1337 1347 1391 τινες
1369 1313 1429 1380 εἰσὶ
1449 1305 1528 1398 παρ’

226 1400 356 1489 αὐτοῖς,
387 1401 460 1478 ἀλλ’
483 1413 520 1480 ἐκ
550 1416 613 1480 τοῦ
642 1414 802 1482 ἐναντίου
833 1415 988 1501 δαίμονές
1013 1437 1104 1494 τινες
1130 1415 1253 1497 φαῦλσι
1278 1415 1335 1480 καὶ
1356 1406 1530 1498 πνεύματα

175 1522 209 1577 10
226 1503 332 1591 ἐχθρά
359 1512 410 1596 τῷ
438 1513 524 1595 γένει
550 1514 623 1579 τῶν
649 1505 850 1599 ἀνθρώπων
874 1517 930 1582 καί
950 1508 1132 1582 κωλύοντα
1154 1506 1220 1598 τὴν
1241 1513 1302 1597 τῆς
1323 1513 1431 1598 ψυχῆς
1453 1503 1530 1579 ἀνο-

227 1609 288 1674 δον
310 1609 365 1674 καί
393 1601 434 1676 δι’
457 1601 578 1695 ἀρετῆς
599 1613 740 1696 πορείαν
760 1614 815 1680 καί
837 1615 898 1699 τῆς
920 1605 1087 1699 ἀληθινῆς
1109 1604 1273 1696 εὐσεβείας
1294 1603 1530 1678 ἀποκατάστα-

227 1723 280 1772 σιν
302 1701 388 1790 πρός
411 1702 588 1777 τὸνθεόν.
624 1703 798 1797 ἱστόρηται
820 1716 938 1780 τοίνυν
958 1715 1035 1794 περὶ
1056 1713 1127 1797 τῆς
1147 1713 1317 1790 Πυθίας,
1341 1699 1424 1796 όπερ
1440 1711 1534 1778 δοκεῖ

227 1809 301 1875 τῶν
330 1797 448 1875 ἀλλων
475 1813 645 1894 μαντείων
671 1803 910 1898 λαμπρότερον
940 1804 1127 1896 τυγχάνειν,
1161 1799 1215 1879 ότι
1245 1811 1530 1894 περικαθεζομένη

227 1900 268 1974 τὸ
309 1909 369 1992 τῆς
399 1911 590 1988 Κασταλίας
622 1901 763 1995 στόμιον
797 1903 818 1996 ῆ
853 1912 916 1978 τοῦ
945 1901 1162 1990 ’Λπόλλωνος
1191 1910 1364 1994 προφῆτις
1400 1910 1530 1993 δέχεται

176 2020 209 2074 15
227 2010 358 2091 πνεῦμα
386 2001 440 2075 διά
463 2012 537 2076 τῶν
558 2013 759 2094 γυναικείων
780 2001 936 2078 κόλπων·
966 1996 1007 2078 οὗ
1030 2013 1253 2094 πληρωθεῖσα
1274 2000 1531 2093 ἀποφθέγγεται

228 2101 271 2174 τὰ
298 2098 499 2192 νομιζόμενα
526 2104 612 2176 εἶναι
636 2104 739 2192 σεμνά
764 2113 821 2176 καὶ
847 2115 925 2176 θεῖα
949 2101 1172 2193 μαντεύματα.
1216 2098 1279 2193 όρα
1306 2101 1347 2192 δὴ
1374 2100 1428 2175 διά
1456 2101 1531 2174 τού-

227 2231 301 2274 των
332 2207 361 2274 εί
390 2201 435 2292 μῆ
465 2200 506 2273 τὸ
538 2208 602 2274 τοῦ
630 2202 822 2294 πνεύματος
851 2209 981 2276 ἐκείνου
1012 2199 1212 2292 ἀκάθαρτον
1238 2209 1294 2274 καὶ
1315 2207 1457 2292 βέβηλον
1478 2206 1531 2292 έμ-

229 2309 395 2388 φαίνεται,
421 2300 466 2391 μῆ
495 2300 550 2374 διά
574 2308 694 2388 μανῶν
720 2311 776 2376 καὶ
802 2300 948 2392 ἀφανῶν
969 2299 1090 2392 πόρων
1111 2310 1167 2373 καὶ
1188 2309 1309 2392 πολλῷ
1333 2307 1534 2390 γυναικείων

228 2398 372 2473 κόλπων
397 2408 655 2491 καθαρωτέρων
681 2400 829 2474 έπεισιόν
856 2409 900 2492 τῆ
924 2410 1015 2492 ψυχῇ
1040 2407 1102 2492 τῆς
1128 2400 1351 2490 θεσπιζοόσης
1372 2396 1457 2472 ἀλλά
1480 2399 1534 2472 διά

178 2523 211 2578 20
230 2499 377 2586 τούτων,
405 2496 426 2571 ά
454 2496 531 2572 οὐδὲ
552 2507 650 2589 θέμις
671 2493 713 2590 ῆν
734 2509 787 2594 τῷ
810 2502 966 2592 σώφρονι
987 2509 1043 2573 καὶ
1065 2499 1244 2591 ἀνθρώπῳ
1266 2507 1411 2586 βλέπειν,
1433 2494 1533 2572 οόπω

228 2608 385 2690 λέγεσθαι
413 2595 433 2691 ῆ
459 2606 514 2670 καὶ
541 2593 723 2672 ἀπτεσθαι·
750 2607 807 2673 καί
833 2608 938 2674 τοῦτο
964 2619 1075 2671 ποιεῖν
1102 2597 1161 2689 οάχ
1188 2594 1278 2688 άπαζ
1298 2629 1367 2672 που
1386 2596 1464 2672 οὐδὲ
1485 2603 1535 2682 δίς

199 2735 203 2744 ·
229 2705 323 2789 Ιίσως
349 2699 412 2790 γάρ
439 2703 553 2785 ἔδοξεν
578 2695 805 2789 ἀνεκτότερον
831 2699 872 2772 τό
904 2705 1044 2773 τοιοῦτο
1071 2697 1274 2789 τυγχάνειν),
1301 2695 1389 2773 ἀλλά
1415 2723 1534 2772 τοσαυ-

231 2796 342 2889 Ιτάκις,
366 2794 481 2884 ὁσάκις
502 2797 732 2888 προφητεύειν
755 2804 865 2890 ἐκείνη
892 2794 960 2872 ἀπὸ
984 2805 1048 2871 τοῦ
1069 2795 1285 2884 ’Λπόλλωνος
1306 2807 1534 2872 πεπίστευται.
1555 2819 1606 2874 696

312 2896 398 2972 ἀλλά
430 2907 486 2970 καί
519 2897 559 2971 τὸ
591 2905 637 2982 είς
669 2901 825 2972 ἔκστασιν
854 2906 909 2969 καὶ
943 2897 1088 2989 μανικὴν
1118 2894 1211 2989 άγειν
1237 2895 1443 2971 κατάστασιν
1469 2897 1534 2987 τῆν

179 3021 212 3078 25
230 3005 335 3090 δῆθεν
370 2998 667 3090 προφητεύουσαν,
699 2995 746 3079 ῶς
775 3006 938 3088 μηδαμῶς
971 2998 1080 3088 αυτῆν
1116 2997 1219 3087 ἑαυτῆ
1248 3007 1533 3086 παρακολουθεῖν,

230 3096 271 3171 οὕ
297 3107 396 3171 θείου
421 3097 612 3188 πνεύματος
638 3101 737 3188 ἔργον
763 3101 866 3168 ἐστίν·
899 3102 1000 3188 έχρῆν
1025 3096 1087 3188 γάρ
1114 3096 1178 3170 τὸν
1202 3094 1351 3186 κάτοχον
1373 3102 1425 3186 τῷ
1447 3103 1533 3183 θείῳ

230 3197 397 3288 πνεύματι
421 3203 544 3288 πολλῶ
570 3193 742 3286 πρότερον
766 3195 898 3280 παντὸς
924 3193 1126 3268 οότιυοσοῦν
1152 3203 1216 3269 τοῦ
1241 3193 1310 3268 ἀπὸ
1337 3203 1411 3267 τῶν
1435 3219 1534 3284 χρησ-

229 3306 305 3388 μῶν
333 3303 575 3388 διδασκομένου
603 3295 645 3368 τό
674 3292 947 3386 συμβαλλόμενον
972 3302 1018 3380 είς
1039 3292 1104 3367 τὸν
1124 3301 1227 3387 μέσον
1246 3293 1410 3367 καὶκατὰ
1434 3293 1534 3382 φύσιν

230 3404 304 3482 βίον
331 3393 351 3489 ἢ
374 3397 460 3488 πρὸς
482 3396 523 3470 τὸ
546 3401 714 3479 λυσιτελές
735 3389 756 3484 ἢ
776 3397 863 3484 πρὸς
885 3395 926 3468 τό
950 3402 1120 3484 συμφέρον
1142 3393 1367 3484 ῶφεληθῆναι
1388 3400 1450 3486 καὶ,
1464 3399 1534 3464 διο-

179 3521 213 3577 30
231 3497 463 3587 ρατικῶτερον
496 3492 575 3584 παρ’
597 3501 705 3567 έκεῖνο
740 3492 885 3585 μάλιστα
919 3501 1038 3584 καιροῦ
1075 3491 1260 3584 τυγχάνειν,
1294 3487 1353 3566 ότε
1382 3492 1535 3566 σύνεστιν

230 3593 325 3687 αότῶ
348 3597 390 3669 τὸ
412 3606 517 3667 θεῑον.

313 3701 367 3769 Ν.
396 3690 500 3767 Ὅθεν
522 3691 613 3785 ἡμεῖς
635 3690 877 3784 ἀποδείκνυμεν
899 3690 1102 3784 συνάγοντες
1124 3691 1193 3766 άπὸ
1216 3703 1290 3766 τῶν
1311 3697 1414 3783 ἱερῶν
1435 3721 1535 3782 γραμ-

231 3793 352 3884 μάτων
381 3789 436 3868 ότι
465 3799 497 3867 οί
526 3801 563 3866 έν
584 3791 752 3878 Ἰουδαίοις
780 3799 969 3883 προφῆται,
996 3791 1244 3884 έλλαμπόμενοι
1264 3788 1332 3865 άπά
1355 3799 1417 3865 τοῦ
1438 3799 1536 3864 θείου

316 3968 355 4024 12
379 3965 441 4036 Vgl.
459 3965 566 4030 Strabo,
584 3965 682 4034 Geogr.
700 3963 740 4018 IX
757 3966 782 4031 3,
799 3966 816 4018 5
833 3982 859 4035 p.
876 3965 935 4020 419.
964 3964 1026 4020 Joh.
1037 3963 1229 4036 chrysostom„
1247 3963 1348 4018 Homil.
1360 3962 1450 4018 XXIX
1468 3965 1483 4016 1
1500 3961 1536 4016 ad

231 4055 315 4110 ICor.
329 4055 361 4108 12
380 4053 455 4120 (tom.
474 4049 498 4104 X
513 4067 539 4120 p.
557 4049 675 4106 260Βο
693 4049 735 4104 ed.
754 4048 940 4118 Montfauoon)
957 4049 1014 4103 und
1032 4048 1103 4104 oben
1120 4051 1159 4103 ΙΙΙ
1177 4051 1218 4114 25,
1236 4048 1250 4102 Ι
1267 4050 1317 4104 221
1336 4048 1362 4102 Ζ.
1381 4047 1452 4103 27ff.

317 4206 335 4260 θ
357 4201 540 4272 θεοπροπίας
556 4203 581 4254 A
598 4200 796 4272 θεοπροπείας
812 4201 917 4268 Ausgg.
936 4201 940 4267 Ι
960 4201 979 4256 6
1005 4190 1097 4265 οὕτως
1114 4203 1138 4254 A
1157 4189 1236 4254 οάτω
1254 4201 1356 4268 Ausgg.
1376 4198 1381 4266 Ι
1405 4199 1418 4254 λ
1443 4189 1535 4267 πράγ-

230 4307 308 4360 ματα
326 4289 490 4356 PMAusgg.
507 4277 722 4358 προστάγματα
739 4287 765 4339 A
784 4285 789 4352 Ι
807 4283 825 4340 8
845 4283 1014 4356 προσέσθαι
1030 4284 1129 4340 M0011·
1140 4283 1260 4339 Hanel.
1277 4283 1314 4337 im
1333 4281 1410 4344 Text,
1428 4282 1472 4352 Sp.
1491 4297 1535 4334 am

230 4375 321 4438 Rand3
340 4369 488 4444 πρόεσθαι
505 4374 531 4426 A
551 4373 556 4440 Ι
579 4371 598 4426 θ
620 4373 674 4424 τοῦ
691 4364 822 4424 ένσντίου
838 4371 863 4422 A
881 4362 1051 4424 τούναντίου
1068 4369 1204 4438 MAusgg.
1229 4369 1233 4435 Ι
1259 4367 1371 4424 12-12
1393 4383 1438 4421 am
1456 4365 1536 4422 Rand

233 4478 268 4532 ση
285 4463 320 4515 A¹
343 4461 347 4528 Ι
367 4459 405 4514 21
429 4454 567 4527 λέγεσθαι
584 4455 687 4509 Ρίθθῐῐ·
697 4453 757 4508 Del.
775 4449 887 4523 λέγεται
909 4451 992 4508 ΑΗδ.
1002 4451 1045 4524 Sp.
1066 4454 1070 4520 Ι
1092 4445 1143 4522 οὐχ
1166 4451 1248 4506 ΔΗδ.
1268 4445 1320 4506 ου’-κ
1336 4450 1382 4520 Sp.
1391 4450 1451 4506 Del.
1471 4451 1475 4519 Ι
1495 4450 1536 4506 24

231 4539 355 4614 μανικῆν
371 4539 548 4597 P¹⁰0rr·1)e1.
565 4531 689 4609 μαγικῆν
711 4537 795 4592 Ano.
805 4538 850 4608 Sp.
873 4539 878 4607 Ι
902 4537 941 4595 28
963 4529 1017 4592 τόν
1034 4536 1206 4605 iibergeschr.
1224 4538 1262 4590 A¹
1286 4535 1290 4604 Ι
1313 4535 1350 4590 22
1376 4535 1535 4608 συμφέρον]

233 4648 268 4685 σν
284 4628 351 4684 halb
369 4627 509 4683 erloschen
528 4629 559 4679 A.
