3780 5532
347 465 408 528 202
858 455 1081 510 ονιεειιοιε

347 617 485 707 ,λάβετε
510 623 664 706 πνεῦμα
686 610 803 706 ἀγιονίί
824 615 890 708 τὴν
911 615 1087 709 ποσότητα
1108 625 1172 692 τοῦ
1193 623 1372 708 διδομένου
1393 619 1512 707 ἑτέραν
1533 622 1650 707 ἐμφαί-

347 747 417 793 νειν
446 717 536 808 παρά
567 715 631 807 τὴν
661 721 869 806 δηλουμένην
899 721 936 788 ἐκ
965 724 1030 790 τοῦ
1059 714 1354 807 ,βαπτισθήσεσθε
1384 722 1422 789 ἐν
1451 720 1651 811 πνεύματι

346 817 431 912 ἀγίῳ
454 815 495 890 οῦ
515 814 598 906 μετά
619 815 751 899 πολλὰς
772 815 898 900 ταῦτας
919 813 1069 907 ἦμέρας.“

428 921 544 1009 ἐργον
571 922 609 988 δέ
633 919 703 986 ἐστι
725 913 820 986 ταῦτ’
842 919 1009 1004 ἐπιμελῶς
1030 913 1202 1007 νοήσαντα
1223 922 1306 989 ίδεῖν
1328 917 1497 1008 διαφοράν
1519 927 1593 992 τῶν
1614 926 1651 992 ἐκ

311 1035 328 1090 δ
346 1015 595 1110 διαλειμμάτων
621 1011 795 1087 πλειόνων
818 1013 1051 1106 χωρησάντων
1073 1015 1137 1106 τὴν
1159 1021 1220 1107 τῆς
1241 1011 1435 1106 ἀληθείας
1455 1017 1650 1110 κατάληφιν

346 1123 432 1210 (καὶ)
463 1127 617 1206 βραχεῖαν
648 1119 803 1186 ἐπίνοιαν
829 1123 915 1186 θεοῦ
945 1122 1001 1186 καὶ
1027 1123 1101 1187 τῶν
1127 1120 1181 1188 ἐπὶ
1207 1125 1327 1188 πλεῖον
1353 1125 1650 1209 θεοφορηθέντων

344 1225 400 1291 καὶ
422 1213 472 1290 ἀεί
493 1215 577 1306 μετά
599 1221 683 1287 θεοῦ
698 1209 903 1303 ἑστηκότων
923 1221 978 1284 καὶ
1000 1214 1055 1286 διά
1074 1214 1205 1299 παντὸς
1219 1211 1287 1287 ἀπὸ
1302 1221 1401 1288 θείου
1421 1217 1650 1308 πνεύματος

345 1313 531 1408 ἀγομένων·
565 1307 649 1402 ὅπερ
680 1319 709 1384 εί
737 1305 781 1402 ἦν
810 1316 991 1399 ἐξετασθέν
1020 1320 1075 1384 καὶ
1101 1321 1305 1404 νενοημένον
1333 1323 1463 1404 Κέλσῳ,
1490 1314 1552 1390 οῦκ
1574 1313 1648 1408 (ἀν)

345 1413 522 1506 ἀμαθίαν
549 1411 627 1506 ἡμῖν
657 1409 805 1486 ἐνεκάλει
827 1411 905 1485 ου’δέ
926 1419 1135 1502 προσέταττε
1160 1414 1209 1504 μὴ
1237 1422 1368 1506 λέγειν
1389 1419 1649 1505 τυφλώττειν

297 1531 328 1588 10
345 1517 438 1601 τοῦς
465 1519 501 1588 ἐν
522 1511 651 1596 ῦλικαίς
672 1518 803 1603 τέχναις
824 1509 1036 1603 ἀνθρώπων,
1063 1531 1136 1598 ταῖς
1161 1513 1248 1585 κατὰ
1270 1513 1313 1587 τά
1339 1511 1559 1608 ἀγάλματα,
1581 1523 1649 1591 οίο-

344 1621 464 1709 μένους
485 1619 717 1688 ἐνδείκνυσθαι
738 1611 802 1702 τὴν
824 1609 997 1704 εάσέβειαν.
1039 1609 1146 1696 οὐδεὶς
1167 1612 1229 1704 γὰρ
1251 1621 1411 1700 βλέπων
1432 1623 1500 1708 τῆς
1523 1623 1649 1708 ψυχῆς

345 1712 573 1805 ὀφθαλμοῖς
603 1709 697 1804 ἀλλῳ
731 1707 851 1804 τρόπῳ
881 1720 966 1799 σέβει
996 1710 1037 1785 τὸ
1064 1721 1162 1784 θεῖον
1189 1713 1280 1802 παρὰ
1312 1713 1375 1786 τόν
1399 1713 1648 1789 ὑποδεικνύντα

343 1821 466 1906 ἐνορᾶν
496 1809 546 1887 ἀεί
575 1819 626 1904 τῷ
658 1819 721 1886 τοῦ
750 1811 882 1898 παντὸς
908 1819 1099 1904 δημιουργῷ
1127 1820 1183 1884 καὶ
1209 1819 1322 1886 πᾶσαν
1347 1812 1447 1905 εῦχὴν
1468 1811 1648 1906 ἀναφέρειν

344 1920 461 2007 ἐκείνῳ
492 1921 547 1988 καὶ
577 1909 691 1986 πάντα
720 1907 884 2000 πράττειν
910 1911 958 1997 ῶς
984 1918 1021 1985 ἐν
1047 1907 1276 2004 ὀφθαλμοῖς
1302 1920 1400 1999 θεοῦ,
1426 1921 1482 1986 ἐπὶ
1508 1922 1646 2000 θεατοῦ,

296 2035 326 2092 lb
344 2019 536 2108 ἐνορῶντες
559 2009 655 2104 ἡμῶν
676 2020 731 2086 καὶ
754 2031 826 2095 τοῖς
847 2023 1025 2103 λογισμοῖς.

428 2109 592 2206 εῦχόμεθα
619 2105 682 2186 οῦν
708 2109 799 2204 ἡμεῖς
820 2121 876 2184 καί
897 2119 1059 2198 βλέπειν
1080 2120 1137 2183 καὶ
1158 2107 1274 2203 ὁδηγοὶ
1297 2115 1380 2185 εἶναι
1405 2124 1559 2203 τυφλῶν,
1581 2115 1646 2198 ἐως

344 2209 596 2306 προσελθόντες
623 2220 673 2302 τῷ
701 2209 792 2302 λόγῳ
820 2217 883 2284 τοῦ
909 2218 993 2284 θεοῦ
1019 2208 1217 2296 ἀπολάβωσι
1243 2212 1304 2294 τὰς
1329 2208 1396 2284 ἀπὸ
1423 2221 1484 2304 τῆς
1510 2212 1648 2304 ἀγνοίας

344 2317 621 2404 τυφλωθείσας
644 2308 756 2399 ὄφεις
779 2317 848 2400 τῆς
875 2317 999 2400 ψυχῆς
1021 2307 1159 2382 αῦτῶνμ
1181 2310 1241 2382 ἐὰν
1264 2316 1376 2382 δὲκαὶ
1397 2321 1549 2404 ποιῶμεν
1571 2311 1650 2402 ἀξιοῖ

344 2421 407 2488 τοῦ
437 2407 596 2496 εἰπόντος
627 2431 699 2496 τοῖς
728 2420 910 2501 μαθηταῖς·
939 2407 1050 2496 ,ἀμεῖς
1076 2413 1151 2481 ἐστε
1178 2408 1219 2481 τό
1242 2417 1317 2497 φῶς
1338 2417 1402 2482 τοῦ
1422 2410 1569 2503 κόσμουα
1590 2423 1647 2486 καὶ

293 2535 327 2590 20
345 2521 408 2588 τοῦ
439 2509 636 2600 διδάξαντος
667 2507 770 2599 λόγου
801 2501 855 2582 ότι
881 2508 944 2594 ,τὸ
971 2515 1046 2595 φῶς
1072 2514 1109 2580 ἐν
1131 2515 1173 2597 τῇ
1196 2517 1314 2601 σκοτίᾳ
1337 2517 1479 2598 φαίνει,“
1501 2510 1646 2602 ἐσόμεθα

344 2621 399 2688 καὶ
421 2619 537 2702 ,,φῶς“
560 2619 633 2684 τῶν
654 2614 691 2682 ἐν
717 2604 827 2680 σκότει
847 2616 903 2679 καί
925 2605 1146 2698 παιδεῦσομεν
1167 2607 1248 2692 τούς
1268 2603 1421 2698 ἄφρονας
1440 2619 1496 2682 καὶ
1518 2611 1647 2698 διδάξο·

343 2742 404 2806 μεν
427 2713 507 2796 τούς
529 2719 679 2800 νηπίους.

426 2833 490 2902 All.
528 2825 583 2918 Μὴ
614 2823 847 2918 ἀγανακτείτω
878 2828 914 2894 δὲ
942 2829 1082 2909 Κέλσος,
1110 2824 1198 2896 ἐπὰν
1226 2825 1382 2914 χωλοῦς
1413 2833 1561 2918 λέγωμεν
1591 2834 1647 2898 καὶ

345 2929 406 3014 τὰς
436 2926 547 3018 βάσεις
578 2932 648 3017 τῆς
677 2931 802 3016 ψυχῆς
831 2929 1146 3014 πεπηρωμένους
1176 2925 1257 3008 τοῦς
1285 2929 1340 2997 ἐπὶ
1371 2923 1414 2998 τά
1443 2923 1646 3017 νομιζόμενα

293 3049 325 3104 θα
344 3029 414 3122 ίερά
446 3025 493 3112 ῶς
523 3023 670 3118 ἀληθινὰ
701 3023 772 3113 ἱερὰ
790 3030 795 3114 Ι
814 3022 1022 3108 σπεύδοντας
1047 3031 1102 3096 καὶ
1131 3024 1176 3116 μὴ
1204 3019 1359 3115 δρῶντας
1386 3019 1441 3098 ότι
1466 3023 1566 3098 οὐδὲν
1591 3035 1646 3112 βα-
1669 3055 1718 3108 732

344 3128 478 3204 ναῦσων
505 3131 605 3218 ἔργον
632 3125 773 3198 δύναται
801 3123 885 3196 εἶναι
911 3119 1011 3211 ίερόν.
1055 3132 1239 3215 τρέχουσι
1265 3132 1301 3198 δέ
1327 3132 1382 3198 καὶ
1409 3131 1441 3198 οί
1467 3127 1555 3200 κατὰ
1582 3127 1646 3218 τὴν

343 3233 559 3302 διδασκαλίαν
580 3221 684 3316 ’ίησοῦ
706 3220 929 3310 εὐσεβοῦντες,
953 3224 1017 3306 ἕως
1038 3227 1093 3296 ἐπὶ
1114 3223 1156 3297 τὸ
1180 3233 1277 3310 τέλος
1301 3223 1497 3314 φθάσαντες
1519 3224 1646 3318 δρόμου

344 3333 483 3402 είπωσιν
513 3326 684 3416 ἐδρωμένη
716 3331 771 3396 καί
806 3319 1018 3412 ἀληθευοῦση
1049 3333 1092 3414 τῇ
1123 3331 1284 3398 διαθέσει·
1319 3324 1404 3411 ,τὸν
1435 3324 1553 3417 ἀγῶνα
1583 3326 1646 3398 τόν

267 3431 271 3439 “
342 3427 448 3500 καλὸν
474 3421 673 3516 ἡγῶνισμαι,
701 3421 764 3494 τὸν
791 3419 919 3514 δρόμον
940 3430 1111 3510 τετέλεκα,
1138 3424 1203 3516 τὴν
1227 3433 1342 3498 πίστιν
1364 3426 1548 3518 τετήρηκα·
1577 3437 1647 3498 λοι-

291 3546 325 3598 θθ
342 3526 409 3600 πὸν
439 3521 617 3598 ἀπόκειταί
646 3551 703 3612 μοι
736 3517 756 3594 ό
787 3529 848 3613 τῆς
877 3521 1088 3613 δικαιοσύνης
1118 3532 1316 3614 στέφανος.“
1358 3535 1414 3597 καὶ
1444 3523 1584 3610 έκαστός
1611 3553 1647 3615 γε

343 3621 438 3720 ἡμῶν
461 3618 615 3712 ,,οῦτως“
637 3627 767 3712 τρέχει
794 3618 865 3709 ,ῶς
892 3620 954 3696 οῦκ
980 3619 1134 3713 ἀδήλωςίί
1156 3632 1213 3696 καὶ
1235 3619 1374 3710 ,,οῦτω“
1396 3625 1481 3714 πρός
1504 3625 1567 3715 τὴν
1589 3655 1645 3696 κα-

342 3735 418 3802 κίαν
444 3722 600 3800 πυκτεῦει
632 3719 699 3808 ,ῶς
725 3718 787 3794 οῦκ
813 3719 895 3814 ἀέρα
921 3727 1051 3812 δέρων·
1072 3719 1158 3795 ἀλλὰ
1185 3725 1265 3810 τοῦς
1291 3720 1359 3796 ἀπὸ
1386 3723 1470 3809 ,τὸν
1496 3720 1645 3814 ἀρχοντα

429 3897 444 3954 1
464 3895 525 3952 Joh.
538 3896 579 3960 20,
592 3897 633 3952 22.
646 3924 678 3934 -
691 3894 709 3950 2
724 3897 783 3949 Ant.
797 3897 819 3960 1,
832 3896 856 3949 ῦ.
870 3924 901 3933 -
914 3895 928 3949 7
941 3893 1003 3964 vgl.
1016 3895 1126 3960 Ram&
1141 3899 1180 3951 14.
1202 3896 1263 3951 Gal.
1273 3897 1298 3960 δ,
1308 3895 1349 3952 18.
1361 3927 1393 3936 -
1409 3897 1447 3953 11)
1460 3896 1593 3962 Matth.5,
1605 3898 1645 3951 14.

343 4011 374 4022 -
387 3981 427 4040 Ao
445 3981 506 4036 Joh.
520 3983 543 4048 1,
556 3982 579 4036 5.
592 4010 626 4020 —
644 3979 683 4035 28
701 3977 807 4033 111111.
819 3982 844 4046 4,
857 3982 880 4035 7.
893 3981 918 4036 8.
930 4009 964 4018 -
976 3979 1014 4036 81
1033 3979 1096 4049 Vgl.
1109 3981 1121 4034 I
1135 3979 1196 4036 Kor.
1209 3983 1234 4044 θ,
1246 3981 1287 4038 26.
1297 4011 1331 4020 -
1345 3981 1384 4036 32
1401 3981 1462 4051 Vgl.
1475 3979 1576 4051 Ephes.
1585 3983 1609 4046 2,
1620 3983 1644 4036 2.

428 4115 443 4172 1
463 4111 612 4196 ἐμφαίνειν
629 4115 835 4184 M⁰⁰¹¹=Ausgg.
853 4109 985 4183 ἐμφαίνει
996 4118 1021 4169 A
1036 4115 1074 4184 12
1094 4111 1134 4185 ἐκ]
1154 4134 1168 4171 ε
1186 4115 1215 4170 in
1227 4115 1370 4172 conentur
1387 4120 1412 4171 A
1427 4117 1431 4185 Ι
1447 4117 1466 4172 θ
1485 4117 1562 4185 (καί)
1581 4116 1645 4186 fflge

342 4199 385 4254 ioh
404 4198 456 4256 mit
478 4199 536 4254 Del.
558 4201 630 4255 nach
647 4199 741 4255 PJol²
758 4201 813 4269 (am
831 4199 921 4270 θυοδ)
937 4200 983 4254 ein
1006 4203 1010 4270 Ι
1037 4203 1051 4258 1
1076 4195 1231 4266 διαπαντός
1253 4201 1277 4254 A
1300 4202 1304 4268 Ι
1328 4201 1347 4256 8
1374 4195 1440 4274 (ἂν)
1459 4202 1524 4272 fflge
1541 4201 1586 4256 ioh
1603 4202 1645 4256 als

341 4283 500 4352 notwendig
517 4283 562 4338 ein
577 4287 581 4356 Ι
598 4286 635 4342 11
654 4303 703 4340 vor
720 4290 769 4355 τῆς
787 4292 819 4350 ’ί-
837 4292 899 4349 τοῖς
916 4285 1051 4355 MAusgg.
1067 4285 1071 4354 Ι
1088 4285 1127 4342 14
1145 4281 1193 4340 ἐπῖ
1209 4289 1319 4342 θεατοῦ
1337 4285 1483 4358 ΜΑιιεςς,
1500 4287 1556 4359 vgl.
1573 4279 1645 4343 obeh

342 4368 379 4422 ΙΙΙ
397 4370 439 4437 ῠ7,
456 4369 469 4422 I
486 4369 537 4424 252
554 4369 580 4424 Ζ.
594 4371 634 4426 19.
660 4369 698 4424 IV
718 4371 759 4434 26,
777 4371 789 4423 l
807 4371 858 4426 295
875 4369 901 4423 Z.
921 4371 966 4434 12;
989 4364 1050 4425 ἐπεὶ
1067 4373 1176 4426 θεατοῦ
1193 4373 1217 4424 Δ
1232 4375 1237 4438 Ι
1254 4371 1292 4427 16
1315 4365 1469 4442 εδχόμεθα]
1488 4369 1519 4429 εὖ
1535 4372 1565 4428 in
1583 4373 1645 4428 Cor·

341 4455 431 4508 matur
448 4453 471 4507 A
487 4457 491 4518 Ι
508 4454 545 4510 17
564 4451 780 4527 προσελθόντες
797 4455 933 4523 MAusgg.
946 4451 1141 4524 προελθόντες
1158 4457 1183 4508 A
1197 4455 1202 4524 Ι
1218 4455 1256 4511 25
1276 4449 1459 4527 σπεύδοντας]
1478 4458 1566 4512 Βεεαε
1578 4459 1645 4513 uber

341 4531 373 4592 εῦ
389 4539 414 4592 A
437 4539 442 4606 Ι
466 4537 503 4594 27
524 4555 573 4594 vor
591 4533 701 4608 δρόμου
718 4545 751 4603 -Ι-
769 4541 821 4594 τοῦ
838 4537 986 4606 ΜλΔαεςς.
1011 4539 1015 4602 Ι
1039 4537 1075 4592 θΙ
1097 4529 1189 4602 οότως
1206 4540 1231 4593 A
1248 4531 1325 4594 οὕτω
1343 4541 1445 4612 Ausgg.
1465 4543 1469 4611 Ι
1494 4542 1533 4599 82
1553 4540 1645 4614 δέρων

341 4623 546 4694 Μθΰῑῐλυεςς.
565 4622 672 4692 δαέρων
688 4627 724 4686 A;
744 4623 798 4692 vgl.
816 4621 888 4678 oben
906 4619 1020 4676 Axhort.
1039 4621 1237 4692 cap.xbvn1‚
1255 4623 1319 4680 144
1336 4624 1362 4679 A
1383 4629 1422 4681 14.
