3758 5564
575 482 667 538 ΠΕΡΙ
688 483 825 538 mlix
848 483 899 555 26,
916 486 940 538 4.
958 488 983 542 5.
1001 487 1025 542 6.
1055 485 1107 554 22,
1125 486 1148 537 1.
1453 489 1514 552 363

208 642 269 733 γάρ
300 638 513 733 ἁμαρτάνων,
546 639 634 719 όπου
665 640 745 718 ποτ’
767 640 862 734 άνη,
884 649 955 718 ἐστὶ
977 653 1060 737 ,γῆ,
1063 655 1082 684 “
1104 653 1151 732 είς
1178 644 1242 736 τὴν
1272 648 1427 764 συγγενῆ,
1454 641 1515 716 δάν

207 741 251 832 μὴ
278 750 440 832 μετανοῇ,
467 741 625 835 ἐσόμενός
650 768 710 832 πη
741 740 817 817 ὁδὲ
838 755 951 818 ποιῶν
972 745 1044 833 ,τὸ
1066 755 1247 836 θέλημα“
1270 751 1332 814 τοῦ
1353 749 1439 814 θεοῦ
1459 751 1515 814 καί

206 841 251 932 μὴ
281 841 489 930 παρακούων
515 852 589 916 τῶν
611 852 790 934 σωτηρίων
811 855 1053 936 πνευματικῶν
1079 842 1197 935 νόμων
1219 839 1392 932 οῦρανός
1413 847 1513 914 ἐστιν.

206 946 273 1013 εἴτε
303 933 367 1013 οῦν
386 949 479 1032 ,,γῆ“
502 945 552 1014 ἔτι
574 948 671 1034 ἐσμὲν
693 943 747 1017 διά
769 943 834 1034 τὴν
855 941 1032 1035 ἀμαρτίαν,
1060 943 1238 1035 εὐχώμεθα
1268 951 1324 1014 καὶ
1350 937 1402 1030 ἐφ’
1430 937 1515 1030 ἡμᾶς

172 1033 326 1126 σοῦτω,
328 1039 386 1126 ,τὸ
408 1047 583 1132 θίλημα“
598 1050 661 1115 τοῦ
681 1050 768 1116 θεοῦ
783 1050 946 1116 διατεῖναι
959 1050 1206 1134 διορθωτικοῦς,
1231 1037 1346 1132 ὥσπερ
1363 1045 1515 1128 ἔφθακεν

206 1143 261 1210 ἐπὶ
282 1139 363 1223 τοῦς
388 1139 456 1229 πρὸ
479 1137 577 1231 ημῶν
597 1148 800 1232 γενομένους
826 1139 1001 1232 οῦρανόν
1028 1139 1048 1234 ἢ
1072 1141 1177 1226 ὄντας
1199 1152 1204 1228 Ι
1228 1137 1422 1230 οῦρανύν·
1448 1143 1515 1211 εἴτε
1531 1151 1583 1205 243

204 1237 250 1328 μὴ
272 1244 317 1328 γῆ
344 1235 417 1311 ἀλλ’
440 1237 616 1331 οῦρανὸς
636 1236 700 1332 ηδη
723 1249 945 1330 λελογίσμεθα
967 1249 1019 1332 τηῦ
1042 1248 1126 1332 θεῷ,
1150 1239 1358 1330 ἀξιωσωμεν,
1382 1244 1437 1311 ἵνα
1457 1247 1514 1312 καὶ

206 1342 296 1422 ,ἐπὶ
318 1345 388 1428 τῆς
410 1345 504 1430 γῆςίί
527 1335 654 1430 ὁμοίως
675 1348 755 1431 ,τῷ
780 1339 970 1430 οῦρανηῦ,“
991 1348 1080 1431 λέγω
1108 1348 1144 1414 δὲ
1165 1345 1220 1412 ἐπὶ
1242 1348 1316 1412 τοῦν
1335 1335 1513 1430 χειρόνων,

206 1446 377 1528 πληρωθῇ
398 1439 465 1524 ,τὸ
487 1445 669 1530 θίλημαίί
691 1447 755 1512 τοῦ
779 1446 866 1512 θεοῦ
887 1447 933 1524 είς
956 1440 1029 1531 τὴν,
1052 1437 1095 1511 ἵν’
1119 1434 1233 1523 οῦτως
1255 1444 1349 1524 είπω,
1373 1436 1514 1526 ούρανο-

156 1558 190 1613 10
206 1545 342 1627 ποίησιν
373 1534 490 1629 αῦτῆς,
515 1533 605 1612 ὥστε
633 1544 751 1630 μηκίτι
782 1546 868 1612 ποτὲ
894 1541 979 1612 εἶναι
1004 1547 1076 1630 γῆν
1103 1537 1190 1611 ἀλλά
1216 1537 1332 1611 πάντα
1358 1543 1514 1627 γενέσθω

138 1631 390 1724 Ἇῑούρανόν.
433 1641 492 1710 αν
513 1635 727 1728 γαρ)ως
733 1635 968 1729 νοάρανῷ“
995 1639 1082 1712 κατά
1114 1641 1157 1710 τά
1189 1634 1459 1728 ηρμηνευμίνα,
1466 1634 1512 1707 τό

206 1742 385 1859 θίλημα“
406 1766 470 1810 του
491 1744 577 1809 θεου
598 1766 694 1809 ουτω
725 1743 930 1828 γίνηται,
936 1746 1000 1810 καί
1027 1743 1091 1810 ἐπὶ
1112 1749 1207 1829 γης
1210 1735 1333 1829 (ἡγη
1361 1765 1402 1810 ου
1423 1755 1516 1826 μενεῖ

205 1840 264 1924 γῆ·
286 1866 335 1919 ως
356 1841 397 1925 (εί
418 1842 547 1926 λέγοιμι
568 1840 623 1909 ἐπὶ
644 1831 752 1908 άλλου
773 1845 1043 1928 παραδείγματος
1065 1843 1285 1927 σαφέστερον)
1305 1837 1374 1922 ἐάν,
1398 1829 1513 1922 ὥσπερ

206 1940 462 2024 γεγένηται,
469 1935 510 2007 τὸ
532 1943 709 2026 θέλημα(
724 1965 787 2008 του
807 1944 893 2008 θεου
909 1942 961 2009 ἐπὶ
978 1966 1058 2022 τους
1074 1963 1262 2027 σωφρονας
1285 1929 1381 2008 οῦτω
1402 1940 1512 2025 γίνη-

155 2061 188 2113 15
206 2061 272 2104 ται
293 2041 349 2106 καί
371 2038 426 2106 ἐπὶ
448 2035 529 2119 τοῦς
550 2033 774 2121 ἀκολάστους,
797 2041 830 2108 οί
851 2034 1034 2109 ἀκόλαστοι
1053 2037 1228 2160 σωφρονες
1250 2039 1396 2120 ἔσονται,
1418 2029 1441 2122 ἢ
1463 2029 1511 2116 τός

204 2140 457 2224 γεγένηται,
464 2135 510 2208 τὸ
537 2143 714 2226 θέλημα(
737 2143 800 2207 τοῦ
826 2144 912 2208 θεοῦ
940 2142 995 2208 ἐπὶ
1024 2136 1104 2220 τοῦς
1130 2143 1293 2220 δικαίους,
1317 2135 1392 2224 (ίαν
1414 2161 1510 2206 ουτω

205 2239 389 2324 γένηται)
404 2243 461 2307 καὶ
483 2240 536 2307 ἐπὶ
559 2234 641 2319 τούς
662 2231 806 2320 ἀδίκους,
829 2238 862 2308 οἱ
883 2231 994 2308 άδικοι
1014 2241 1137 2307 δίκαιοι
1160 2239 1308 2308 ἔσονται·
1331 2234 1385 2306 διά
1406 2238 1510 2304 τοῦτο

205 2331 271 2418 ἐὰν,
294 2330 342 2417 οῦς
357 2337 419 2418 ,ἐν
441 2331 625 2424 ούρανῷ“
640 2341 851 2424 γεγένηται
873 2333 940 2421 ,τὰ
961 2341 1136 2425 θέλημαίί
1151 2342 1214 2406 τοῦ
1228 2341 1324 2420 θεοῦ,
1347 2339 1511 2424 γένηται

204 2440 290 2516 ,καὶ
311 2437 375 2504 ἐπὶ
398 2439 502 2524 γῆς,“
518 2431 663 2524 ἐσόμεθα
677 2432 805 2519 πάντες
823 2432 1008 2524 ούρανὸς,
1031 2441 1093 2525 τῆς
1114 2433 1158 2524 μὴ
1174 2431 1373 2524 ὠφελούσης
1388 2429 1511 2521 σαρκὸς

154 2553 188 2608 20
203 2540 259 2603 καὶ
289 2540 470 2622 συγγενοῦς
502 2530 588 2624 αύτῇ
619 2538 759 2624 αίματος
784 2533 829 2624 μὴ
857 2539 1052 2622 δυναμένων
1074 2546 1300 2622 κληρονομεῖν
1320 2535 1511 2620 ,βασιλείαν

204 2639 323 2717 θεοῦ,“
357 2643 580 2723 κληρονομεῖν
615 2630 649 2704 δ’
679 2627 721 2704 ἀν
757 2639 1033 2724 λεχθησομίνων,
1071 2635 1131 2706 ἐὰν
1166 2630 1404 2724 μεταβάλωσιν
1441 2626 1510 2702 ἀπὸ

204 2729 327 2822 σαρκός
348 2741 404 2804 καὶ
425 2739 494 2823 γῆς
515 2742 572 2806 καί
592 2740 655 2823 χοῦ
676 2742 733 2806 καί
755 2735 895 2824 αἳματος
916 2739 971 2805 ἐπὶ
993 2733 1058 2824 τὴν
1079 2729 1241 2823 οῦράνιον
1262 2729 1388 2805 οῦσίαν.

286 2853 407 2920 XXVII
431 2861 457 2920 1.
493 2848 593 2935 ,Τὸν
634 2846 759 2940 άρτον
797 2847 907 2940 ἡμῶν
947 2849 1019 2922 τὸν
1059 2847 1267 2921 ἐπιούσιον
1310 2845 1377 2931 δός
1417 2842 1511 2936 ἡμῖν

205 2945 409 3038 σήμερον,“
434 2943 455 3040 ἢ
483 2947 531 3032 οῦς
563 2944 583 3020 ό
613 2956 760 3033 Λουκᾶς·
789 2948 883 3036 ,τὸν
913 2945 1039 3038 ἄρτον
1061 2946 1173 3039 ἡμῶν
1199 2947 1271 3020 τὸν
1301 2945 1511 3020 ἐπιούσιον

152 3068 186 3123 25
204 3052 318 3118 δίδου
348 3044 439 3137 ἡμῖν
469 3044 558 3120 καθ’
588 3045 769 3140 ἡμέραν.“
799 3055 871 3121 ίπεί
906 3077 997 3132 τινες
1026 3045 1300 3139 ὑπολαμβάνουσι
1336 3054 1414 3135 περὶ
1448 3051 1511 3116 τοῦ

203 3153 400 3234 σωματικοῦ
422 3143 548 3237 ἄρτου
569 3154 725 3238 λέγεσθαι
748 3143 948 3238 εῦχεσθαι“
927 3155 1025 3238 ημᾶς,
1049 3145 1144 3234 ἀξιον
1165 3147 1283 3220 αὐτῶν
1305 3175 1369 3236 την
1390 3151 1510 3234 ψευδο·

204 3250 320 3330 δοξίαν
352 3245 407 3316 διά
438 3245 576 3319 τούτων
604 3244 826 3367 περιελόντας
857 3272 1069 3338 παραστησαι
1100 3245 1141 3367 τό
1173 3244 1299 3368 ἀληθὲς
1330 3253 1408 3334 περὶ
1438 3251 1511 3317 τοῦ

203 3340 453 3416 ἐπιουσίου”
432 3375 564 3435 αρτου
600 3355 740 3420 λεκτέον
762 3338 826 3420 σῦν
847 3345 932 3436 πρὸς
954 3344 1078 3431 αύτούς
1101 3340 1155 3419 ότι
1176 3354 1251 3429 πῶς
1273 3341 1292 3417 ῦ
1315 3352 1426 3435 λέγων
1441 3351 1511 3416 δεῖν

203 3450 309 3516 αίτεῖν
335 3442 520 3534 ἐπουράνια
551 3455 606 3518 καὶ
636 3444 776 3538 μεγάλα,
805 3443 886 3519 οῦτε
917 3441 1164 3536 ίπουρανίου”
1144 3474 1247 3528 οντος
1274 3451 1347 3517 τοῦ
1373 3450 1420 3528 είς
1445 3471 1511 3534 την

152 3564 187 3620 30
203 3542 310 3634 σάρκα
331 3541 429 3635 ημῶν
451 3542 739 3636 ἀναδιδομένου
719 3575 845 3635 αρτου
870 3541 953 3618 οῦτε
973 3543 1121 3636 μεγάλου
1143 3541 1328 3635 αίτήματος
1350 3571 1413 3616 του
1397 3549 1511 3631 περὶ

289 3733 306 3788 1
330 3733 391 3803 Vgl.
410 3733 477 3788 Gen.
495 3734 524 3800 3,
543 3733 575 3787 19
597 3734 654 3788 und
672 3733 812 3803 Origenes,
829 3736 862 3789 In
878 3733 978 3789 Jerem.
996 3734 1070 3789 hom.
1083 3731 1147 3786 VIII
1164 3733 1180 3786 2
1199 3732 1235 3800 [u.
1248 3729 1300 3786 Sel.
1312 3731 1342 3784 in
1355 3730 1454 3787 Jerem.
1466 3731 1509 3799 24]

204 3818 279 3882 (tom.
297 3817 347 3870 XV
365 3836 391 3888 p.
410 3819 459 3874 195
469 3835 508 3886 sq.
527 3817 561 3888 [u.
578 3819 638 3888 450]
660 3819 702 3874 ed.
721 3819 844 3887 Ioum).
869 3818 1035 3879 Tertullian.
1060 3816 1101 3872 De
1123 3820 1191 3872 orat„
1210 3815 1274 3886 Gap.
1292 3815 1341 3870 IV.
1359 3845 1393 3856 -
1409 3815 1428 3871 2
1446 3813 1510 3883 Vgl.

203 3899 454 3964 Matth.6,10.-
473 3902 511 3958 19
530 3901 592 3971 Vgl.
610 3903 671 3958 Joh.
690 3906 718 3970 6,
737 3905 778 3959 63.
804 3903 899 3960 IKor.
917 3905 942 3970 6,
959 3903 984 3958 9.
1002 3902 1043 3957 10.
1072 3903 1113 3966 15,
1131 3903 1172 3958 50.
1190 3930 1223 3940 —
1246 3900 1287 3956 29
1311 3899 1407 3954 Matth.
1426 3903 1450 3964 6,
1469 3902 1510 3952 11.

202 4013 236 4023 -
254 3983 377 4040 241111.
397 3989 437 4050 11,
453 3989 477 4044 3.
495 4018 528 4027 -
546 3987 586 4043 29
604 3986 667 4056 vgl.
686 3988 758 4044 oben
776 3987 841 4058 Gap.
859 3988 886 4042 Π
903 3989 927 4050 2,
946 3987 971 4041 S.
990 3987 1040 4043 299
1058 3985 1084 4040 Z.
1104 3987 1145 4040 19.

290 4137 304 4190 1
331 4125 407 4191 ῦπσο
426 4131 493 4192 ποτ’
511 4130 547 4191 ἀν
568 4125 600 4207 ἦ,
624 4132 686 4192 ἐστί
715 4139 752 4207 γῆ
783 4137 863 4192 Bent.
884 4156 910 4192 α
934 4137 993 4192 Del.
1012 4138 1103 4206 (1242
1120 4141 1201 4192 Anm.
1219 4137 1253 4204 ε),
1280 4127 1357 4192 ὅπου
1380 4129 1448 4190 ποτ’
1467 4127 1509 4199 ἂν,

202 4216 264 4276 ἐστί
280 4224 317 4291 γῆ
335 4221 416 4290 Angl.
436 4221 490 4289 [bei
508 4221 567 4276 Del.
586 4223 709 4289 19298),
729 4212 806 4276 ὅπου
822 4215 888 4278 ποτ’
904 4215 942 4276 ἀν
958 4217 1037 4278 ἐστιν
1054 4213 1071 4291 ἦ
1089 4225 1125 4290 γῆ
1147 4221 1281 4291 TAusgg.
1299 4219 1451 4274 fehlerhaft
1469 4221 1474 4286 Ι
1493 4219 1511 4274 4

202 4297 353 4374 εύχώμεθα
375 4307 456 4375 Angl.
474 4307 529 4373 (bei
542 4306 626 4362 Del.l
644 4306 725 4373 923b)
751 4323 777 4360 u.
795 4306 854 4361 Del.
873 4307 896 4376 (I
914 4307 964 4362 242
980 4311 1061 4361 Anm.
1080 4307 1119 4373 1),
1145 4299 1292 4374 εὐχόμεθα
1317 4305 1446 4375 TAusgg.
1471 4308 1475 4374 Ι
1491 4305 1509 4360 5

201 4395 254 4444 τοῦ
279 4393 352 4446 θεοῦ
370 4400 404 4450 <
421 4390 470 4446 Ox.
480 4391 565 4444 Lond.
575 4389 633 4445 Del.
657 4392 661 4459 Ι
687 4391 725 4446 12
752 4388 877 4461 γίνηται)
896 4392 1007 4462 γίνηται
1025 4391 1110 4446 Lond.
1126 4392 1129 4456 Ι
1144 4395 1227 4456 μενεῖ
1245 4390 1369 4444 schreibe
1391 4390 1436 4443 ich
1459 4390 1511 4444 mit

201 4473 282 4544 λης).
301 4477 335 4545 (α
354 4493 379 4530 α
397 4475 438 4543 Ο.)
456 4493 482 4530 u.
501 4472 865 4542 Ι)ε1.,μὲνειΤΟκ.Ι.ουδ.
889 4476 893 4543 Ι
920 4476 957 4531 19
975 4469 1040 4544 (ἐὰν
1057 4465 1133 4531 οῦτω
1150 4472 1281 4544 γένηται)
1304 4474 1369 4544 suge
1390 4475 1435 4528 ioh
1457 4473 1509 4538 ein,

203 4549 295 4630 <οῦτω
314 4558 445 4631 γίνηται)
463 4559 545 4630 Angl.
565 4561 599 4628 (ε.
617 4579 641 4614 α.
654 4557 695 4627 0.)
712 4569 716 4628 Ι
732 4559 769 4615 21
788 4557 1021 4630 λεχθησομένων]
1040 4557 1261 4630 δεχθησομίνων
1278 4560 1357 4614 Βεαῐ.
1376 4558 1432 4628 (bei
1449 4559 1509 4614 Del.

201 4647 282 4700 1243
299 4649 380 4699 Anm.
398 4645 435 4714 b).
