3772 5526
634 475 734 529 ΚΑΤΑ
760 476 921 532 ΚΕΑΣΟΥ
943 475 1008 534 Υ3.
1027 475 1053 527 4.
1071 476 1095 529 5.
1112 473 1136 528 6.
1516 476 1534 532 5

222 633 359 705 ἕκαστοι
391 643 598 726 τεταγμένοι,
628 633 690 707 ούκ
722 635 809 708 ἐάσει
841 634 935 728 άλλῳ
968 640 1109 728 θαῤῥεῑν
1142 629 1299 722 εὔχεσθαι
1325 625 1346 719 5
1369 635 1421 718 τῷ
1448 625 1535 718 πρὸς

223 730 337 804 πάντα
365 740 493 824 διαρκεῖ
513 737 568 804 ἐπί
593 739 676 807 πᾶσι
697 743 770 826 θεῷ
794 737 848 808 διὰ
871 745 934 808 τοῦ
957 745 1114 827 σωτῆρος
1136 732 1233 825 ἡμῶν
1255 735 1331 802 υίοῦ
1353 735 1452 801 θεοῦ
1497 721 1534 809 ός

223 837 295 902 ἐστι
317 834 461 922 ,‘‚2670;‘
483 841 539 904 καὶ
561 843 664 921 σοφία
686 845 741 907 καί
763 834 907 926 άλὴθεια
927 832 1164 910 καίόσαάλλα
1186 839 1316 921 λέγουσι
1334 825 1532 918 περὶαύτοῦ

222 936 256 1002 αί
279 939 352 1003 τῶν
372 939 568 1022 προφητῶν
589 941 654 1005 τοῦ
676 942 761 1006 θεοῦ
783 945 839 1006 καὶ
861 943 934 1007 τῶν
956 933 1163 1008 ἀποστόλων
1185 939 1249 1005 τοῦ
1271 927 1376 1019 Ἰησοῦ
1397 935 1531 1018 γραφαί.

189 1028 319 1120 ὅᾶθκέῑ
339 1037 374 1102 δὲ
396 1060 481 1120 προς
503 1031 543 1104 τό
566 1031 707 1116 ίλεως
687 1054 765 1123 ημῖν
787 1066 868 1118 τους
890 1033 1004 1124 άγίους
1031 1031 1225 1124 ἀγγέλους
1252 1032 1338 1101 εἶναι
1359 1033 1424 1100 τοῦ
1446 1033 1532 1099 θεοῦ

221 1137 276 1201 καὶ
302 1129 417 1203 πάντα
443 1129 608 1220 πράττειν
634 1130 758 1218 αύτούς
787 1134 872 1224 ύπέρ
902 1133 1000 1226 ἡμῶν
1028 1132 1048 1225 5
1074 1132 1159 1264 πρὸς
1185 1130 1247 1203 τὸν
1273 1125 1358 1199 θεὸν
1384 1124 1533 1208 διάθεσις

222 1226 328 1319 ἡμῶν,
357 1225 418 1320 όση
447 1231 585 1321 δύναμις
606 1229 811 1323 άνθρωπίνη
834 1235 940 1323 φύσει,
962 1242 1146 1326 μιμουμένη
1167 1231 1232 1321 τὴν
1253 1235 1394 1302 ἐκείνων
1416 1234 1532 1315 προαί-

222 1353 320 1416 ρεσιν,
342 1337 561 1420 μιμουμένων
583 1328 700 1403 αύτοῦν
723 1332 786 1405 τόν
808 1336 906 1408 θεόν
927 1332 1023 1406 καὶ“
1003 1335 1124 1426 ηπρός
1139 1333 1203 1406 τὸν
1217 1329 1292 1401 υἱόν
1307 1324 1413 1398 αύτου
1398 1323 1532 1412 ’λόγον

220 1427 307 1498 κατά
344 1427 384 1499 τὸ
416 1429 558 1517 ἐφικτὸν
587 1427 680 1550 ἡμῖν.
696 1430 865 1523 διάληψις,
902 1431 963 1504 οῦκ
994 1437 1234 1520 ἐναντιουμένη
1266 1433 1309 1516 τη
1341 1431 1531 1515 τρανοτέρᾳ

171 1546 203 1599 10
221 1536 298 1617 περί
319 1525 426 1600 αύτοῦ
450 1527 607 1618 διαλήψει
627 1537 703 1602 τεόν
726 1528 833 1620 ἁγίων
856 1530 1038 1622 άγγέλων
1059 1527 1132 1604 ἀλλ’
1156 1525 1207 1602 ἐπ’
1224 1521 1390 1616 ἐκείνην
1371 1529 1530 1614 οσημεραι

223 1635 264 1713 τῇ
292 1625 478 1717 τρανότητι
505 1635 558 1698 καὶ
590 1631 793 1718 διαρθρωσει
815 1632 1011 1704 σπεύδουσα.
1054 1628 1102 1715 τός
1134 1629 1178 1720 μὴ
1208 1625 1375 1752 5557'5059‘
1404 1630 1439 1696 ‘5⁸
1470 1623 1531 1706 τὰς

221 1723 359 1814 ίερὰς(
339 1734 436 1815 ημῶν
461 1727 594 1816 γραφάς
616 1723 635 1798 5
659 1730 824 1812 Κέλσοςι
813 1737 923 1820 εαυτῷ
953 1728 1172 1820 ἀποκρίνεται
1199 1726 1247 1811 ὥς
1274 1722 1332 1814 ἀφ’
1355 1722 1453 1815 ἡμῶν
1476 1715 1530 1795 ότι

221 1820 317 1894 ἄλλο
341 1854 379 1894 τι
402 1831 517 1913 γένος
536 1825 627 1914 παρὰ
642 1834 727 1898 θεοῦ
742 1856 872 1916 φαμεν
893 1830 974 1912 τοῦς
988 1831 1306 1952 καταβρίνσνταςέ
1311 1856 1337 1896 π
1338 1821 1530 1912 ἐύεργεσίᾳ

223 1931 296 1994 τῶν
316 1920 529 2045 ἀνθρώπων
560 1922 752 2015 ἀγγέλους
782 1933 838 1996 καί
870 1951 972 2018 φησιν
1003 1925 1055 2010 ὦς
1083 1926 1129 1998 τὸ
1158 1925 1266 2008 είκδς
1296 1929 1458 2011 λεχθῆναι
1488 1915 1531 1992 55

172 2043 203 2094 15
221 2019 345 2104 αύτούς
360 2018 417 2109 ὑφ’
433 2019 530 2112 ἡμῶν
550 2029 753 2112 δαίμονας·
776 2023 836 2115 ούχ
858 2023 950 2114 ὁρῶν
973 2021 1027 2098 ότι
1043 2024 1084 2098 τὸ
1101 2033 1175 2097 τῶν
1195 2019 1402 2112 δαιμόνων
1423 2016 1530 2106 ὄνομα

137 2137 203 2190 117ν
222 2117 298 2193 οῦδὲ
323 2128 427 2210 μέσον
454 2123 595 2194 ἐστίν(
567 2155 615 2208 ως
641 2123 683 2196 τό
711 2131 784 2196 τῶν
805 2122 1051 2214 άνθραίπων,ἐ
1054 2125 1145 2208 νοίς
1167 2130 1256 2206 τινες
1283 2131 1287 2209 Ι
1320 2127 1359 2210 μ
1362 2149 1381 2191 ν
1402 2116 1530 2191 αστείοι

221 2249 310 2303 τινες
332 2226 366 2290 δὲ
383 2227 508 2307 φαῦλοί
522 2228 614 2308 είσιν,
636 2219 711 2294 ούτ
734 2221 879 2310 άστείον,
902 2220 1025 2296 όποῑόν
1040 2223 1168 2296 ἐστι
1131 2254 1173 2296 το
1189 2229 1263 2294 τῶν
1278 2226 1396 2304 θεων,
1412 2214 1529 2290 τασσό-

219 2348 321 2407 μενον
344 2316 405 2390 ούκ
427 2325 481 2390 ἐπί
505 2320 656 2408 φαύλων,
678 2327 733 2393 ἐπί
756 2329 941 2411 δαιμονίων
962 2318 983 2411 5
1007 2326 1060 2394 ἐπὶ
1083 2320 1289 2413 ἀγαλμάτων
1309 2315 1400 2409 ἢέπί
1416 2317 1528 2408 ζῴων,

220 2415 294 2490 ἀλλ’
311 2416 378 2490 ύπὸ
400 2425 473 2489 των
494 2417 536 2490 τά
556 2426 641 2490 θεοῦ
660 2419 867 2509 ἐγνωκότων
882 2427 937 2494 ἐπί
952 2428 1027 2492 τῶν
1041 2419 1183 2510 άληθῶς
1197 2426 1386 2508 θειοτέρων
1400 2423 1455 2488 καί
1470 2445 1528 2507 μα-

167 2533 202 2588 20
219 2525 356 2604 κυρίων.
378 2513 428 2587 ἀεὶ
451 2513 480 2588 δ
495 2522 549 2587 ἐπὶ
570 2525 644 2588 τῶν
659 2519 802 2608 φαύλων
818 2525 881 2609 ἐξω
896 2528 959 2593 τοῦ
974 2526 1164 2610 παχυτέρου
1182 2520 1338 2607 σώματος
1354 2515 1529 2606 δυνάμεων

219 2614 376 2687 τάσσεται
401 2615 441 2687 τό
465 2623 540 2687 τοῦν
568 2615 774 2708 δαιμόνων
804 2617 921 2711 ὄνομα,
950 2620 1168 2691 πλανοόντων
1195 2625 1251 2690 καί
1279 2617 1529 2707 περισπώντων

219 2715 299 2798 τοῦς
326 2713 534 2838 ἀνθρώπρυς
559 2727 616 2790 καὶ
640 2716 886 2792 καθελκόντων
912 2717 980 2791 άπὸ
1007 2726 1070 2792 τοῦ
1096 2725 1181 2791 θεοῦ
1206 2725 1261 2789 καὶ
1287 2721 1362 2788 των
1386 2712 1527 2804 ύπερου-

218 2823 347 2902 ρανίων
368 2820 423 2886 ἐπὶ
446 2815 488 2887 τά
511 2823 591 2906 τῇδε
612 2816 801 2908 πράγματα.

302 2919 355 2985 Vl
399 2914 494 2986 Μετὰ
525 2923 635 2988 ταῦτα
657 2924 691 2989 δὲ
713 2918 874 3009 τοιαύτην
896 2923 1069 2990 ἐκτίθεται
1091 2926 1168 3036 περὶ
1194 2912 1395 2987 Ἰουδαίων
1422 2918 1525 2999 λέξιν·

167 3021 388 3137 ἳῦπρωτον
421 3006 493 3087 οῦν
525 3022 607 3088 τῶν
639 3013 839 3089 Ἰουδαίων
870 3015 1091 3106 θαυμάζειν
1123 3012 1252 3101 άξισν,
1289 3020 1322 3084 εί
1356 3014 1428 3086 τόν
1457 3043 1527 3105 μεν

219 3111 396 3202 σύρανὸν
421 3123 485 3186 καὶ
507 3115 603 3198 τοὺς
625 3119 666 3188 ἐν
688 3123 790 3207 τῷδε
817 3114 1009 3207 ἀγγέλους
1035 3122 1207 3201 σέβουσι,
1230 3114 1278 3186 τὰ
1300 3110 1526 3204 σεμνότατα

219 3216 260 3283 δε
282 3211 408 3284 αύτοῦ
431 3221 527 3303 μέρη
550 3222 613 3285 καί
637 3189 916 3302 δυνάταίτατα,
939 3210 1055 3307 ἥλιον
1076 3223 1141 3288 καί
1161 3211 1410 3304 σελήνηνκαὶ
1433 3214 1526 3298 τοῦς

219 3307 364 3395 άλλους
386 3309 556 3404 άστέρας
578 3311 767 3397 άπλανείς
784 3345 827 3387 τε
848 3325 913 3387 καί
933 3314 1155 3406 πλανήτας,
1178 3319 1305 3385 ταῦτα
1326 3319 1525 3402 παραπέμ-

218 3436 375 3483 πουσιν·
397 3410 450 3496 ιύς
469 3410 747 3502 ἐνδεχόμεΙνον
769 3412 906 3502 τὸμὲν
929 3409 1024 3488 όλον
1045 3416 1147 3486 εἶναι
1171 3412 1275 3497 θεὸν,
1298 3410 1346 3484 τά
1368 3417 1409 3484 δὲ
1429 3419 1525 3502 μέρη

166 3507 341 3582 εοαύτοῦ
365 3511 414 3601 μὴ
441 3521 546 3596 θεία,
578 3507 599 3601 ἢ
630 3513 724 3596 τούς
750 3519 820 3600 μὲν
846 3518 887 3586 ἐν
914 3511 1046 3605 σκότῳ
1074 3543 1153 3585 που
1179 3518 1220 3584 ἐκ
1246 3517 1431 3603 γοητείας
1455 3509 1524 3583 ούκ

303 3706 321 3761 ε
343 3704 406 3775 vgl.
423 3705 485 3760 ιοε.
505 3711 527 3770 1,
546 3709 569 3762 1.
592 3707 721 3774 15021,
740 3707 782 3761 ει.
799 3709 841 3765 30.
863 3707 924 3762 ιοε.
943 3709 983 3775 14,
1002 3709 1027 3763 ο.
1045 3737 1076 3747 -
1095 3707 1134 3765 τε
1153 3707 1216 3776 vgl.
1229 3707 1300 3762 oben
1317 3709 1330 3762 1
1348 3709 1389 3763 εε.
1401 3737 1433 3748 -
1446 3707 1525 3764 εστ.

221 3789 279 3858 vgx.
302 3789 390 3854 5150,
416 3789 484 3846 5m.
504 3791 568 3863 cap.
586 3793 632 3846 xl.
650 3791 748 3863 X11p.
767 3792 950 3848 385-401).
969 3793 1053 3862 Leges
1075 3793 1100 3846 x
1123 3797 1146 3848 1.
1165 3793 1181 3846 ν
1199 3810 1224 3863 p.
1242 3791 1393 3848 ωσι-υ.

302 3959 320 4014 2
343 3977 393 4014 vor
409 3962 483 4017 θεοῦ
497 3963 526 4028 -Ι-
539 3965 592 4018 τοῦ
610 3961 810 4031 PMVAusgg.,
833 3978 866 4015 zu
884 3956 949 4016 υίοῦ
966 3964 1038 4016 θεοῦ
1060 3960 1115 4030 vgl.
1133 3958 1185 4035 υίῷ
1207 3963 1281 4015 θεοῦ
1297 3960 1343 4014 bei
1359 3961 1457 4030 Ignat„
1475 3960 1524 4032 Ep.

217 4043 253 4097 ad
270 4042 369 4114 Ephee.
387 4043 451 4115 Gap.
470 4045 520 4100 XX
540 4046 544 4114 Ι
564 4045 581 4100 5
599 4040 692 4116 ίλεως]
711 4063 725 4100 ε
742 4063 791 4100 aus
809 4042 823 4100 5
842 4061 910 4100 corr.
936 4047 961 4099 A
984 4047 988 4113 Ι
1008 4046 1022 4101 ί
1041 4041 1156 4101 ἐκείνων
1181 4045 1360 4114 προαίρεσιν,
1385 4043 1525 4112 μιμουμέ-

217 4147 275 4182 νων
292 4124 388 4184 αῦτιῦν
404 4129 492 4186 Pnel.
510 4124 626 4186 ἐκείνων
644 4127 739 4186 αὐτῶν
759 4131 931 4202 προαίρεσιν
947 4127 1169 4198 μιμουμένωνΑ
1185 4129 1220 4197 18
1241 4129 1333 4184 ίιίυίεε
1350 4120 1423 4184 θεόν
1439 4128 1526 4183 Rasur

217 4217 241 4267 A
265 4214 269 4280 Ι
292 4207 367 4285 πρός
392 4209 444 4269 τόν
469 4209 532 4270 υίόν
558 4209 647 4271 αῦτοῦ
669 4211 769 4286 λόγον]
795 4217 936 4287 περὶτοῦ
961 4211 1025 4270 υίοῦ
1053 4207 1142 4269 αὐτοῦ
1167 4210 1258 4284 λόγου
1283 4215 1420 4268 εετωυίεί
1446 4213 1527 4267 Guiet

216 4297 272 4364 (bei
289 4297 348 4352 Del.
367 4300 379 4352 Ι
397 4300 584 4367 5805111115)
609 4303 613 4369 Ι
637 4301 656 4356 θ
679 4297 848 4376 τρανωτέρη
866 4300 925 4355 Del.
949 4303 954 4368 Ι
975 4300 1013 4355 Ῑθ
1035 4299 1116 4368 θεοῦ]
1134 4299 1194 4353 Del.
1217 4299 1240 4367 (ί
1258 4299 1309 4354 580
1325 4301 1406 4352 Anm.
1425 4301 1449 4368 ε)
1467 4299 1526 4352 will

216 4382 268 4436 mit
285 4383 333 4436 Bo.
351 4383 448 4452 (Notae
466 4402 491 4454 p.
509 4386 569 4453 389)
587 4403 613 4439 u.
632 4386 715 4440 (λεύει
735 4381 823 4450 θεούς
844 4385 911 4439 oder
931 4379 1004 4439 θεόν
1023 4383 1111 4446 lesem
1143 4383 1210 4437 aber
1231 4401 1259 4437 τι.
1278 4386 1351 4440 θεοῦ
1372 4383 1471 4454 ςείιδιί
1493 4401 1526 4438 zu

217 4468 446 4536 καταβαίνοντας
460 4469 465 4537 Ι
482 4469 518 4524 15
536 4463 688 4539 δαιμόνων]
707 4469 775 4524 θῦεν
790 4490 799 4524 ι
814 4469 859 4524 ein
880 4467 1041 4523 circumflex
1058 4465 1213 4536 geetrichen
1230 4467 1255 4520 Δ
1270 4469 1274 4536 Ι
1291 4467 1328 4523 15
1346 4460 1456 4523 άστείαι
1475 4469 1499 4522 Α
1521 4470 1525 4536 Ι

219 4551 257 4606 18
276 4547 322 4607 ἐπὶ
342 4553 400 4621 (vor
418 4553 583 4622 δαιμονίων)
601 4553 762 4624 expungiert
777 4553 807 4607 in
825 4553 861 4618 Μ,
884 4552 1115 4622 eingeklammert
1131 4568 1185 4606 von
1203 4551 1254 4607 115.
1264 4551 1316 4622 Sp„
1335 4561 1369 4612 <
1386 4551 1445 4607 Del.
1466 4554 1470 4621 Ι
1486 4553 1526 4608 80

218 4637 292 4705 θεῖα]
312 4642 340 4692 εἴ
354 4637 382 4690 in
402 4638 544 4693 conectat
561 4641 593 4692 A.
