3790 5526
332 483 391 546 166
878 473 1098 528 ονινυαονε

332 633 527 728 ἡμῶνκαὶ
547 629 731 759 &6566vaq
711 664 763 720 αν,
790 632 938 724 πότερον
965 643 1128 723 γενναίως
1150 641 1155 722 l
1178 630 1361 722 ἀνατρέπει
1387 632 1431 705 τά
1457 629 1513 721 ἀφ’
1537 628 1633 723 ἡμῶν
1652 637 1701 692 704

332 735 503 826 φερόμενα
536 733 614 808 ἀπὸ
644 743 727 806 τῶν
756 741 982 823 προφητῶν
1012 741 1058 817 είς
1084 733 1148 804 τὸν
1168 742 1245 820 περὶ
1267 741 1329 805 τοῦ
1350 729 1453 822 Ἰησοῦ
1475 729 1588 821 λύγον,
1612 726 1632 821 ῆ

332 833 502 909 ἁλίσκεται
523 831 754 924 ἀναισχύντως
776 831 949 921 βιάζεσθαι
971 839 1088 904 θέλων
1110 835 1174 921 τήν
1197 840 1256 924 τῆς
1279 829 1436 922 ἀληθείας
1458 829 1632 921 ἐνάργειαν

333 967 380 1020 ως
402 935 464 1008 ούκ
485 932 658 1024 ἀλήθειαν.

298 1068 315 1120 5
415 1057 483 1122 XV
519 1048 605 1121 Ἐπεὶ
632 1047 664 1121 δ’
680 1046 831 1121 ἀδύνατά
858 1078 935 1120 τινα
960 1045 1062 1118 κάλ’
1042 1055 1174 1138 οπρεπῆ
1194 1056 1275 1139 θεῷ
1297 1045 1375 1119 καθ’
1398 1045 1565 1120 ύπύθεσιν
1586 1077 1634 1118 τι-

332 1159 405 1235 θείς
427 1173 543 1240 φησιν
576 1155 608 1220 εἰ
635 1157 760 1220 ταῦτα
786 1147 1088 1238 προφητεύοιτο
1114 1156 1203 1237 περὶ
1226 1155 1297 1221 τοῦ
1320 1152 1385 1220 ἐπὶ
1406 1155 1500 1220 πάσι
1522 1154 1633 1230 θεοῦ,

332 1249 398 1342 ἀρ’,
421 1255 506 1322 ἐπεὶ
528 1255 780 1338 προλέγεται,
803 1246 1064 1319 πιστεύεσθαι
1086 1253 1143 1319 δεῖ
1164 1247 1210 1319 τά
1230 1254 1400 1320 τοιαῦτα
1417 1253 1501 1335 περὶ
1521 1252 1634 1329 θεοῦ;

332 1359 388 1422 καὶ
412 1359 538 1439 νομίζει
559 1345 866 1434 κατασκευάζεσθαι
895 1340 959 1430 ὅτι,
985 1341 1058 1418 κάν
1084 1344 1224 1466 ἀληθως
1251 1339 1322 1418 ἀοι
1347 1343 1636 1436 προειρηκότες

333 1456 370 1523 οί
409 1456 614 1540 προφῆται
654 1455 742 1535 περὶ
780 1448 855 1517 υίοῦ
891 1452 990 1518 θεοῦ
1030 1453 1213 1532 τοιαῦτα,
1249 1444 1418 1519 ἀδύνατον
1453 1437 1495 1536 ῆν
1530 1443 1636 1518 αάτόν

283 1561 316 1615 10
333 1561 459 1622 παθεῖν
494 1543 515 1636 ή
552 1554 671 1636 δρᾶσαι
705 1552 825 1636 χρῆναι
859 1544 1068 1616 πιστεύειν
1104 1565 1189 1629 τοῖς
1227 1551 1555 1636 προειρημένοις·
1586 1555 1637 1616 λε·

334 1657 437 1721 κτίον
465 1643 519 1720 ῦτι
546 1677 566 1736 η
587 1643 750 1730 υποθεσις
772 1641 880 1716 αύτοῦ
903 1641 1031 1728 ἀτοπος
1053 1637 1137 1716 ούσα
1158 1643 1296 1735 ποιήσαι
1317 1640 1360 1716 ἀν
1381 1651 1571 1735 συνημμένα
1592 1648 1637 1728 είς

336 1750 379 1821 τά
400 1744 559 1838 ἀλλήλοις
586 1743 797 1834 ἀντικείμενα
824 1742 982 1834 λήγοντα,
1007 1738 1090 1832 ὅπερ
1119 1739 1213 1816 οῦτω
1237 1750 1413 1816 δείκνυται.
1451 1749 1478 1815 εί
1499 1747 1535 1814 οί
1557 1741 1636 1832 άλη-

334 1856 410 1932 θοῦς
439 1851 646 1935 προφῆται
676 1850 748 1916 τοῦ
780 1849 844 1916 ἐπὶ
870 1851 966 1915 πᾶσι
993 1849 1090 1913 θεοῦ
1114 1842 1323 1916 δουλεύειν
1346 1838 1366 1932 ή
1389 1863 1521 1916 νοσεῖν
1543 1840 1593 1915 ἀεὶ
1615 1839 1635 1933 ῆ

335 1944 606 2037 τεθνήξεσθαι
645 1942 786 2034 φήσαιεν
827 1941 898 2014 τὸν
934 1940 1043 2026 θεὸν,
1081 1941 1281 2032 συμβήσεται
1316 1949 1425 2014 ταῦτα
1454 1953 1530 2034 περὶ
1564 1943 1635 2016 τὸν

284 2060 317 2114 16
335 2049 445 2131 θεὸν,
468 2043 625 2132 ἀψευδεῖν
646 2042 709 2132 γάρ
732 2040 858 2131 ἀνάγκη
887 2041 981 2122 τοῦς
1004 2048 1075 2112 τοῦ
1097 2040 1272 2130 μεγάλου
1292 2049 1388 2113 θεοῦ
1411 2041 1633 2133 προφήτας

335 2142 420 2218 ἀλλά
447 2153 502 2216 καὶ
529 2149 557 2214 εί
583 2147 621 2213 ολ
647 2139 789 2232 άληθῶς
817 2148 1021 2230 προφῆται
1048 2147 1121 2211 τοῦ
1148 2147 1210 2212 ἐπὶ
1232 2149 1327 2213 πάσι
1354 2150 1450 2213 θεοῦ
1477 2143 1520 2214 τά
1547 2140 1635 2215 αύτά

335 2243 444 2316 ταῦτά
471 2265 586 2332 φασιν,
613 2247 684 2312 ἐπεὶ
710 2242 752 2312 τά
780 2248 823 2328 τῆ
849 2238 946 2326 φύσει
977 2237 1125 2312 ἀδύνατα
1151 2238 1215 2319 ούκ
1242 2245 1333 2312 ἔστιν
1354 2238 1480 2332 ἀληθῆ,
1507 2239 1571 2312 ούκ
1592 2238 1635 2314 ἀν

334 2349 473 2433 συμβαίη
499 2348 589 2428 περὶ
618 2339 689 2412 τὸν
718 2340 816 2412 θεὸν
846 2335 867 2408 6
897 2347 1050 2426 λέγουσιν
1079 2343 1116 2410 οί
1141 2349 1358 2430 προφῆται.
1402 2337 1487 2414 ὅταν
1514 2347 1549 2412 δὲ
1576 2341 1635 2412 δύο

337 2445 526 2532 συνημμένα
558 2436 641 2528 λήγη
675 2446 721 2522 είς
751 2440 793 2510 τὰ
822 2434 981 2527 ἀλλήλοις
1012 2433 1222 2526 ἀντικείμενα
1254 2447 1305 2528 τῷ
1336 2449 1533 2531 καλουμένην
1563 2445 1635 2521 ,διά

284 2555 318 2608 20
336 2540 395 2612 δύο
419 2546 614 2662 τροπικων“
630 2536 835 2628 θεωρήματι,
857 2534 1042 2626 ἀναιρεῖται
1058 2535 1097 2608 τὸ
1113 2543 1150 2608 έν
1165 2535 1369 2629 ἀμφοτέροις
1387 2561 1459 2623 τοῖς
1473 2549 1634 2632 συνημμέ-

337 2669 409 2723 νοις
431 2635 627 2728 ἡγούμενον,
651 2633 735 2727 ὅπερ
758 2643 794 2709 έν
816 2635 953 2719 τούτοις
975 2637 1103 2708 ἐστὶ
1068 2667 1108 2710 το
1129 2643 1344 2727 προλέγειν
1366 2640 1460 2722 τοῦς
1481 2639 1634 2730 προφή-

336 2768 404 2823 τας
435 2737 508 2810 τὸν
538 2744 660 2827 μέγαν
692 2735 789 2809 θεὸν
820 2732 1072 2808 δουλεύειν”
1053 2767 1073 2828 η
1101 2735 1287 2826 νοσήσειν
1310 2732 1331 2826 ή
1355 2737 1634 2828 τεθνηξεσθαι.

336 2835 514 2928 συνάγεται
541 2828 604 2909 οῦν
631 2835 672 2908 τὸ
699 2834 761 2908 ούκ
783 2833 847 2926 ἀρα
880 2855 1076 2924 προεῖπον
1107 2841 1143 2906 σί
1173 2843 1381 2925 προφῆται
1413 2837 1485 2909 τὸν
1513 2846 1634 2929 μέγαν

336 2935 434 3008 θεὸν
456 2931 729 3010 δουλεύσειν”
710 2964 730 3023 η
763 2934 946 3026 νοσήσειν
975 2965 993 3026 η
1022 2933 1302 3024 τεθνήξεσθαι,
1328 2934 1430 3007 κάλ’
1409 2935 1573 3026 υπάγεταί
1598 2967 1635 3028 γε

285 3031 355 3108 25ῦ
377 3031 478 3125 λόγος
500 3032 619 3126 τρόπῳ
643 3035 804 3126 τοιούτῳ·
834 3041 861 3106 εί
883 3034 1096 3124 τὸπρῶτον,
1118 3043 1174 3106 καὶ
1197 3033 1238 3106 τά
1261 3035 1488 3126 δεύτερον·ί
1460 3065 1474 3108 ε
1510 3035 1571 3125 [οῦ]
1595 3037 1635 3110 τὸ

336 3141 496 3226 πρῦίτον,
519 3133 560 3208 ού
581 3136 622 3209 τὸ
645 3135 815 3227 δεύτερον·
845 3133 906 3207 ούκ
927 3131 992 3224 ἀρα
1014 3132 1054 3205 τὸ
1076 3141 1227 3222 πρῶτον.
1658 3151 1708 3207 705

423 3359 460 3414 10
483 3356 546 3426 Vgl.
563 3357 675 3421 Arrian.
699 3355 817 3428 Epicteti
839 3355 944 3410 dissert.
963 3355 1092 3419 12640.
1123 3355 1225 3423 Galen,
1250 3355 1291 3411 De
1309 3357 1465 3428 Hippocrat.
1484 3361 1512 3413 εί
1528 3358 1636 3415 Platon.

336 3441 601 3512 placit.113(tom.
620 3440 645 3494 V
663 3458 689 3511 p.
707 3443 757 3497 210
767 3458 824 3510 sqq.
843 3439 884 3494 ed.
904 3440 1002 3508 Kfihn).
1034 3440 1131 3496 Sextus
1153 3440 1264 3511 Empir„
1284 3442 1380 3511 Pyrrh.
1398 3443 1462 3513 hyp.
1481 3443 1548 3498 113.
1573 3443 1636 3499 Dio·

336 3542 419 3594 genes
437 3526 526 3581 Ιιεδεί.
544 3525 595 3580 VII
613 3527 637 3590 7,
656 3525 712 3580 191.

406 3711 421 3765 1
445 3709 503 3780 καὶ]
531 3710 579 3763 der
597 3707 693 3763 Gravis
720 3707 805 3762 durch
829 3709 971 3764 eorrectur
992 3709 1195 3778 hergestelltA
1219 3713 1223 3778 Ι
1248 3703 1353 3782 εῦρέθη
1379 3712 1502 3768 schreibe
1524 3715 1569 3768 ich
1587 3716 1638 3769 mit

335 3793 434 3848 01000·
453 3786 559 3866 εὑρεθῇ
577 3795 708 3862 AAusgg.
724 3795 728 3861 Ι
748 3797 767 3850 0
790 3791 817 3848 εί
832 3798 922 3848 ταῐτα
939 3793 1076 3863 MAusgg.
1094 3786 1145 3849 εἶτ’
1163 3788 1234 3850 αύτίι
1252 3798 1276 3850 A
1292 3798 1295 3864 Ι
1314 3797 1328 3851 ί
1352 3794 1537 3854 πιστεύεσθαι
1556 3801 1636 3854 ΑΗδ.

337 3879 380 3950 Sp.
399 3873 542 3934 πιστεύειν
559 3877 646 3932 PDel.
662 3879 666 3946 Ι
683 3878 722 3934 10
740 3879 844 3948 δρᾶσαι
861 3876 883 3930 Ρ
901 3872 1005 3948 δράσαι
1017 3880 1149 3948 AAusgg.
1165 3881 1169 3946 Ι
1186 3879 1223 3936 11
1242 3883 1363 3950 ποιῆσαι
1375 3885 1400 3935 A
1416 3883 1419 3949 Ι
1437 3881 1475 3936 10
1495 3880 1638 3939 δουλεύειν

339 3957 354 4032 ἢ
372 3961 476 4031 νοσεῖν]
495 3960 658 4018 δουλεύσειν
675 3953 691 4030 ἢ
710 3955 845 4029 νοσήσειν
856 3966 999 4018 vermuten
1010 3963 1058 4017 Βο.
1072 3962 1170 4032 (Notae
1182 3981 1207 4034 p.
1216 3965 1276 4032 300)
1289 3982 1314 4018 u.
1327 3965 1386 4019 Del.
1400 3967 1422 4033 (1
1436 3969 1485 4021 704
1497 3967 1577 4019 Anm.
1590 3967 1617 4034 b)
1632 3970 1636 4033 Ι

338 4046 376 4103 14
394 4041 516 4115 φήσαιεν
534 4046 656 4102 schreibe
673 4045 727 4114 ich,
745 4041 867 4114 φήσαιεν
884 4046 951 4099 Βειι2
969 4064 1015 4100 am
1032 4047 1120 4112 Hand,
1139 4047 1192 4116 vgl.
1205 4047 1290 4102 Del.I
1309 4049 1358 4102 704
1370 4052 1450 4104 Anm.
1463 4050 1494 4114 b;
1513 4045 1637 4119 φήσουσι

337 4131 450 4186 J010011·
464 4129 515 4185 Ηδ.
533 4135 589 4200 (am
606 4130 704 4199 Hand),
722 4129 829 4200 SpDel.
848 4130 896 4200 (im
907 4130 999 4200 Text);
1022 4127 1154 4202 φήσομεν
1170 4135 1194 4186 A
1209 4134 1213 4200 1
1231 4132 1268 4188 10
1292 4129 1318 4187 εἰ
1335 4128 1371 4201 ολ]
1391 4131 1418 4188 εί
1434 4149 1487 4189 von
1504 4135 1524 4189 I.
1543 4134 1576 4189 H.
1594 4152 1639 4188 am

337 4217 449 4286 Anfang
471 4216 520 4270 der
540 4214 611 4270 Zeile
629 4215 845 4285 nachgetragen,
873 4211 901 4270 οί
923 4216 1009 4270 durch
1027 4216 1168 4272 (torrentur
1186 4215 1336 4285 (vielleicht
1358 4233 1406 4270 aus
1425 4215 1460 4288 εί)
1479 4219 1640 4288 hergestellt

337 4303 380 4372 ΑΙ
397 4303 435 4360 18
454 4301 545 4356 hinter
562 4303 711 4371 προφῆται
723 4307 755 4364 -ί-
769 4293 869 4369 άληθῆ,
889 4300 960 4353 doeh
978 4317 1032 4355 von
1049 4303 1069 4355 1.
1082 4301 1158 4370 (oder
1170 4301 1214 4368 11.)
1227 4301 1260 4357 H.
1278 4301 1442 4370 expungiert
1460 4309 1493 4368 A,
1505 4304 1583 4358 nicht
1594 4321 1640 4358 ex-

337 4385 467 4456 pungiert
483 4387 619 4454 MAusgg.
639 4385 642 4453 ί
663 4385 704 4440 20
721 4387 868 4456 τροπικῶν
890 4385 938 4438 Βο.
957 4385 1054 4452 (Notae
1071 4403 1096 4456 p.
1113 4387 1174 4453 400)
1197 4403 1222 4440 u.
1242 4385 1301 4440 Del.
1320 4388 1410 4453 (1701
1429 4387 1508 4442 Anm.
1527 4391 1550 4456 ο)
1569 4389 1640 4442 nach

337 4471 370 4524 H.
387 4470 521 4534 Valesius,
539 4470 588 4541 Hp.
601 4471 637 4524 ad
655 4469 799 4524 Claudium
813 4468 970 4522 Sarravium
989 4469 1043 4538 (bei
1061 4471 1112 4539 Sp,
1130 4473 1259 4525 Annotat.
1278 4489 1303 4541 p.
1316 4472 1349 4525 85
1358 4475 1441 4540 εφη),
1460 4463 1640 4528 ίποθετικοῦν

338 4554 382 4608 Jol
403 4555 459 4624 (am
482 4555 583 4622 Hand),
610 4557 796 4624 προφητικῶν
814 4555 966 4622 AAusgg.}
986 4554 1025 4609 22
1048 4547 1108 4623 τὸν]
1127 4549 1162 4610 τῦ
1179 4553 1239 4608 Del.
1255 4557 1259 4624 Ι
1276 4551 1418 4612 δουλεύειν
1435 4559 1459 4612 A
1477 4553 1640 4614 δουλεύσειν

339 4639 514 4708 Ausgg.125
534 4637 585 4708 [οιΊ
605 4639 673 4708 tilge
691 4638 735 4691 ich
753 4638 805 4692 mit
821 4638 854 4691 H.
868 4637 992 4692 Valesius
1011 4639 1044 4705 (a.
1057 4655 1081 4692 a.
1095 4637 1133 4705 0.,
1153 4639 1197 4694 bei
1215 4640 1258 4710 Sp.
1276 4642 1407 4697 Annotat.
1425 4661 1451 4714 p.
1469 4644 1521 4714 86).
