3790 5526
367 541 407 606 82
798 521 803 532 '
908 537 1131 596 ουιοτπουε

368 694 485 769 αύτών
506 701 713 788 ἱστορεῖσθαι
736 695 885 791 ἀριθμὸν
911 697 973 773 ούκ
1000 705 1083 774 εἶναι
1109 707 1146 774 ἐν
1172 721 1244 784 τοῖς
1266 697 1460 788 τριάκοντα.
1502 709 1559 772 καί
1580 698 1677 787 ,Ἰού-

368 801 449 880 aa&
471 803 506 869 ύέ
532 792 573 883 ,ό
596 807 804 885 Γαλιλαίσς“,
832 799 880 885 αἷς
906 795 925 872 ό
948 809 1081 886 Λουκᾶς
1108 803 1145 874 ἐν
1170 819 1245 884 ταῖς
1266 797 1422 888 Πράξεσι.
1435 808 1508 872 τῶν
1530 797 1677 874 ἀποστό-

368 906 440 966 λων
465 897 620 986 ἔγραψεν,
648 896 817 988 ἐβουλήθη
845 896 967 972 ἑαυτόν
988 929 1066 972 τινα
1093 906 1199 972 είπειν
1224 904 1337 988 μέγαν,
1368 905 1424 969 καί
1449 897 1518 989 πρό
1545 903 1677 976 ἐκείνου

367 1002 549 1079 ,,Θευύᾶς“·
588 994 662 1070 ἀλλ’
685 1003 757 1070 ἐπεὶ
779 995 841 1070 ούκ
862 991 905 1090 ήν
931 1004 968 1071 ἐκ
994 1006 1080 1072 θεού
1107 996 1224 1071 αύτών
1251 996 1271 1088 ἡ
1298 996 1425 1088 διδαχή,
1451 995 1675 1090 ἀνῃρέθησαν,

334 1100 443 1179 5,,καί
464 1095 590 1179 πάντες
611 1089 687 1170 ὅσοι
709 1101 914 1170 ἐπείθοντό(
936 1095 1053 1182 αύτστς
1073 1104 1275 1188 παραχρῆμα
1301 1097 1592 1188 διεσκεδάσθησαν.
1635 1097 1676 1172 ού

366 1193 510 1278 κύβους
536 1188 600 1268 οὖν
626 1193 977 1286 ἀναῤῥιπτσῦντες
1003 1195 1297 1289 μαντευόμεθα,
1327 1215 1400 1268 πσῑ
1424 1199 1676 1288 τραπώμεθα

366 1302 431 1364 καί
456 1302 539 1365 τίνι
564 1297 855 1386 προσθώμεθα,
882 1295 930 1380 ώς
956 1302 1152 1386 δυναμένων
1171 1294 1345 1368 πλειόνων
1365 1295 1568 1384 περισπάσαι
1591 1295 1676 1389 ἡμᾶς

368 1401 410 1482 τῇ
437 1398 615 1488 ἐπαγγελίᾳ
642 1403 706 1467 τοῦ
732 1393 862 1468 θεόθεν
889 1402 1159 1488 ἐπιδεδημηκέναι
1187 1403 1237 1487 τῷ
1259 1401 1347 1486 γένει
1369 1404 1443 1467 τών
1465 1393 1673 1487 ἀνθρώπων.

367 1489 452 1565 ἀλλὰ
474 1492 537 1583 γάρ
556 1503 613 1566 καὶ
633 1503 711 1584 περὶ
732 1494 870 1568 τούτων
892 1491 973 1580 ἀλις.

317 1627 351 1681 10
449 1615 518 1681 ΧΠ.
550 1609 609 1682 Διὸ
634 1618 877 1702 μεταβαίνομεν
903 1609 954 1684 ἐπ’
982 1608 1089 1703 ἀλλην
1117 1618 1248 1683 Κέλσου
1274 1617 1488 1701 κατηγορίαν,
1512 1608 1590 1683 ούθέ
1611 1611 1674 1696 τὰς

269 1749 271 1752 -
368 1717 472 1796 λέξεις
493 1706 590 1801 ἡμῶν
611 1707 742 1795 εἰδότος
763 1707 836 1783 ἀλλ’
863 1715 900 1782 ἐκ
926 1719 1236 1802 παρακουσματίων
1263 1707 1437 1800 φήσαντος
1462 1704 1518 1782 ὅτι
1544 1719 1675 1800 φαμὲν

369 1808 441 1898 τήν
462 1813 503 1880 ἐν
526 1804 762 1900 ἀνθρώποις
783 1818 928 1899 σοφίαν
949 1818 1103 1900 μωρίαν
1126 1813 1228 1883 είναι
1249 1809 1353 1900 παρά
1376 1817 1474 1902 θεῷ,
1503 1817 1566 1882 τοῦ
1586 1809 1674 1883 Παύ

368 1917 431 1979 λου
451 1913 625 1998 λέγοντος·
654 1905 700 2000 ,ἦ
722 1918 842 1997 σοφία
864 1916 928 1982 τοῦ
948 1906 1075 1997 κόσμου
1095 1917 1222 2000 μωρία
1244 1909 1349 2000 παρὰ
1371 1917 1453 2000 θεῷ
1476 1914 1576 1982 ἐστι.α
1617 1917 1674 1983 καί
1723 1993 1725 1998 ,

367 2031 470 2096 φησιν
493 2003 512 2079 ό
535 2015 661 2094 Κέλσος
684 2004 737 2081 ότι
759 2006 780 2099 ή
803 2007 953 2082 τούτου
980 2015 1088 2081 αἰτία
1117 2017 1181 2080 καί
1206 2006 1330 2080 πάλαι
1356 2014 1523 2097 εἴρηται.
1565 2013 1673 2081 σίεται

318 2125 350 2178 15
368 2112 403 2178 δέ
432 2111 566 2179 αἰτίαν
593 2109 678 2179 είναι
704 2107 745 2180 τὸ
772 2107 988 2193 βούλεσθαι
1018 2105 1101 2199 ἡμᾶς
1123 2108 1177 2180 διὰ
1200 2115 1260 2198 τῆς
1282 2113 1402 2193 λέξεως
1423 2105 1550 2196 ταύτης
1579 2109 1673 2192 τούς

366 2201 634 2290 ἀπαιδεύτους
655 2215 720 2278 καί
742 2204 929 2298 ἠλιθίους
950 2206 1227 2298 προσάγεσθαι
1254 2204 1409 2298 μόνους.
1452 2201 1525 2278 ἀλλ’
1548 2205 1596 2292 ώς
1617 2219 1672 2280 καί

366 2301 470 2389 αύτὸς
491 2305 724 2396 ἐσημειώσατο,
747 2305 852 2379 ταύτὸ
875 2310 987 2380 είπεν
1007 2305 1213 2397 ἀνωτέρω,
1235 2315 1292 2378 καί
1314 2303 1405 2396 ήμεῐς
1425 2305 1511 2394 πρός
1533 2306 1596 2380 τόν
1616 2304 1672 2379 λό-

364 2432 426 2494 γον
447 2403 535 2476 κατὰ
557 2403 598 2476 τό
620 2405 770 2479 δυνατὸν
792 2403 869 2497 ἡμῖν
891 2404 1138 2498 ἀπηντήσαμεν.
1174 2401 1267 2495 ὅμως
1288 2412 1404 2496 μέντοι
1418 2405 1588 2498 ἐβουλήθη
1608 2414 1672 2478 καί

366 2511 492 2576 τοῦτο
524 2509 649 2592 δεῖξαι
678 2512 960 2596 πεπλασμένον
990 2504 1069 2598 ήμίν
1096 2513 1161 2577 καὶ
1190 2512 1346 2596 ληφθέν
1372 2502 1449 2578 ἀπὸ
1476 2514 1558 2579 τών
1579 2503 1670 2596 παρ’

312 2597 517 2693 2οἝλλησι
539 2612 690 2692 σσφών,
716 2600 841 2696 ἀλλην
862 2611 931 2698 μὲν
953 2609 1055 2679 είναι
1078 2602 1296 2696 φησάντων
1312 2604 1386 2695 τήν
1406 2601 1671 2697 ἀνθρωπίνην

212 2705 214 2710 ’
364 2710 511 2791 σοφίαν
533 2699 661 2793 ἀλλην
682 2709 722 2774 δὲ
751 2705 825 2796 τήν
851 2714 975 2778 θείαν.
1017 2713 1072 2777 καί
1094 2709 1268 2777 ἐκτίθεταί
1289 2733 1325 2794 γε
1346 2699 1601 2794 Ἡρακλείτου
1621 2713 1671 2778 λέ
1776 2755 1779 2760 -

365 2815 441 2889 ξεις,
462 2810 543 2889 μίαν
563 2808 633 2894 μὲν,
656 2808 693 2875 ἐν
714 2795 734 2892 ᾗ
752 2829 866 2895 φησιν·
888 2797 1008 2896 »ἦθος
1030 2804 1102 2896 γὰρ
1124 2801 1385 2894 ἀνθρώπειον
1405 2811 1476 2891 μὲν
1497 2802 1569 2876 ούκ
1590 2807 1671 2894 ἐχει

362 2901 536 2992 γνώμας,
555 2913 560 2988 1
579 2913 694 2975 θεῖον
708 2910 748 2975 δέ
762 2906 874 2992 ἐχει,“
896 2906 1015 2996 ἑτέραν
1031 2911 1081 2976 δέ·
1105 2900 1228 2994 ,ἀνὴρ
1250 2901 1390 2994 νήπιος
1413 2899 1556 2994 ἤκουσε
1570 2904 1671 2994 πρὸς
1688 2918 1740 2974 639

365 3007 558 3089 δαίμονος
584 2996 688 3086 όκως
713 3031 785 3093 περ
811 3024 902 3086 πασς
928 3003 1030 3094 πρὸς
1057 3001 1230 3094 ἀνδρός.“
1272 3009 1446 3075 ἐκτίθεται
1467 3009 1504 3076 δὲ
1524 3011 1579 3076 καί
1601 3002 1670 3077 ἀπὸ

313 3129 346 3183 25
365 3109 434 3192 τῆς
449 3099 667 3185 Πλάτωνος
685 3101 1161 3193 γεγραμμένηςΣωκράτους
1181 3099 1400 3194 ἀπολογίας
1417 3109 1554 3177 ταῦτα·
1570 3107 1669 3192 ,ἐγώ

364 3201 452 3291 γάρ,
476 3193 504 3271 ώ
528 3197 898 3293 ἀνόρεςἈθηναῑοι,
921 3200 972 3273 δι’
996 3201 1111 3275 ούθὲν
1135 3200 1230 3274 ἀλλο
1252 3197 1273 3292 ἢ
1296 3201 1360 3274 διὰ
1380 3211 1526 3291 σοφίαν
1547 3211 1669 3277 τοῦτο

364 3301 412 3373 τό
450 3297 575 3392 ὄνομα
611 3305 761 3392 ἔσχηκα.
804 3310 928 3374 ποίαν
963 3308 1003 3373 δὲ
1039 3311 1186 3390 σοφίαν
1221 3301 1387 3394 ταύτην;
1422 3297 1524 3393 ἥπερ
1559 3308 1670 3375 ἐστίν

278 3419 345 3472 142ν
363 3406 458 3485 ἴσως
490 3396 727 3490 ἀνθρωπίνη
758 3409 890 3487 σοφία·
918 3411 923 3486 Ι
951 3411 1006 3494 τῷ
1043 3399 1132 3474 ὄντι
1162 3402 1234 3492 γάρ
1264 3400 1485 3474 κινδυνεύω
1516 3403 1670 3494 ταύτην

362 3502 465 3572 είναι
492 3497 648 3588 σσφός.“
692 3498 800 3590 ἀμὲν
827 3493 891 3572 ούν
917 3507 1090 3574 ἐκτίθεται
1122 3497 1141 3574 ό
1169 3509 1295 3586 Κέλσος
1322 3499 1430 3574 ταῦτά
1460 3506 1561 3574 ἐστιν.
1603 3505 1669 3593 ἐγώ

310 3621 343 3675 30
362 3608 397 3673 δὲ
430 3595 497 3671 ἀπὸ
528 3606 589 3690 τῆς
618 3599 704 3688 πρὸς
730 3597 879 3690 Ἑρμείαν
904 3609 959 3672 καὶ
981 3599 1145 3689 Ἔραστον
1170 3609 1224 3672 καὶ
1254 3609 1424 3691 Κορίσκον
1449 3599 1670 3686 Πλάτωνος

360 3705 577 3790 ἐπιστολῆς
598 3707 653 3770 καί
674 3707 783 3772 ταῦτα
804 3699 1059 3792 παραθήσομαι·
1080 3696 1249 3791 ,Ἐράστῳ
1273 3707 1308 3772 ύέ
1329 3708 1385 3772 καί
1404 3707 1561 3793 Κορίσκῳ
1584 3700 1670 3792 πρὸς

447 3889 462 3944 1
489 3887 550 3956 Vgl.
570 3889 629 3941 Aet.
648 3889 678 3954 5,
697 3889 737 3942 37.
756 3919 789 3926 -
806 3889 823 3944 3
840 3887 903 3958 Vgl.
921 3891 981 3943 Act.
1000 3891 1029 3950 5.
1048 3890 1089 3944 30.
1107 3919 1140 3928 -
1162 3888 1258 3959 4Vgl.
1276 3891 1337 3942 Aet.
1354 3891 1383 3955 5,
1402 3890 1443 3944 37.
1460 3919 1494 3927 -
1514 3889 1553 3944 19
1575 3889 1669 3944 IKor.

360 3973 495 4038 3‚19.-
515 3973 552 4030 15
579 3971 639 4042 Vgl.
657 3972 728 4026 oben
750 3973 852 4038 Ι1144,
870 3975 882 4027 1
900 3973 995 4029 2392.
1014 3975 1133 4028 27-240
1155 3973 1181 4027 Ζ.
1200 3977 1224 4029 5.
1253 3977 1298 4041 50,
1317 3973 1440 4030 Ι246Ζ.
1460 3974 1500 4027 12.
1528 3975 1670 4038 551250

361 4057 387 4111 Ζ.
405 4061 445 4112 17.
475 4057 620 4125 591253
643 4055 670 4110 Ζ.
688 4057 750 4112 301.
779 4055 855 4123 75,Ῑ
877 4058 927 4112 267
950 4057 976 4112 Ζ.
995 4057 1035 4112 20.
1063 4088 1096 4097 -
1123 4058 1159 4113 17
1188 4059 1251 4127 Vgl.
1270 4058 1341 4113 oben
1365 4059 1419 4114 19.
1437 4059 1478 4112 27.
1505 4059 1545 4112 III
1566 4062 1608 4113 44.
1626 4062 1667 4116 50.

359 4145 399 4198 55.
424 4145 464 4200 59.
488 4145 529 4196 74.
553 4145 593 4197 75.
621 4171 654 4181 -
681 4141 720 4198 22
744 4140 806 4211 Vgl.
829 4139 960 4196 Heracliti
986 4141 1096 4212 Ephesii
1120 4141 1263 4211 Reliquiae
1291 4159 1342 4198 reo.
1366 4143 1387 4199 1.
1409 4143 1548 4212 Βγσαίετ,
1567 4141 1666 4199 Oxonii

360 4228 434 4292 1877,
453 4245 478 4298 p.
497 4229 530 4282 39
548 4225 593 4280 Nr.
612 4227 654 4282 96.
672 4229 713 4283 97.
741 4255 774 4266 -
802 4225 840 4282 25
866 4225 957 4294 Plato,
975 4225 1054 4296 Apol.
1074 4227 1139 4297 Gap.
1158 4227 1182 4280 V
1200 4245 1227 4297 p.
1248 4230 1281 4285 20
1293 4228 1326 4283 D.
1350 4259 1383 4268 -
1406 4229 1443 4284 91
1468 4227 1562 4294 Plato,
1581 4227 1667 4299 Epis&

449 4464 462 4518 7
483 4457 661 4534 περισπάσαι
678 4461 764 4518 Mna.
781 4467 958 4530 περιστᾶσαι
975 4461 1114 4532 ASp.Del.
1130 4467 1134 4528 ί
1151 4463 1190 4519 10
1207 4465 1420 4535 μεταβαίνομεν
1435 4461 1565 4534 amp.
1583 4479 1666 4529 μετα·

358 4547 502 4618 βαίνωμεν
518 4545 603 4600 PDel.
624 4547 628 4614 1
649 4546 687 4603 10
706 4539 842 4616 ἠλιθίους]
862 4547 873 4600 ί
888 4547 917 4599 in
935 4547 1078 4601 Correetur
1094 4551 1119 4601 A
1134 4551 1138 4616 ί
1155 4549 1192 4604 17
1215 4543 1301 4604 ταυτὸ
1320 4551 1343 4602 Α
1359 4549 1417 4616 122
1434 4542 1620 4618 ἀνθρώπειον
1636 4545 1666 4600 Μ

358 4635 462 4700 Ausgg.
480 4625 651 4702 ἀνθρώπιον
667 4635 690 4684 Α
713 4634 717 4698 Ι
738 4631 778 4686 20
801 4623 883 4700 ἄλλο]
902 4624 962 4684 ἀλλ’
980 4631 1062 4686 Plato
1077 4635 1081 4700 1
1096 4632 1188 4688 ίιίοίετ
1207 4635 1313 4702 σοφίαν
1325 4641 1357 4699 ÷
1369 4627 1432 4689 τινά
1449 4633 1530 4688 Plato
1546 4636 1550 4700 Ι
1571 4631 1608 4688 27
1629 4628 1667 4700 δέ]

359 4710 391 4786 δή
409 4716 490 4770 Plato
505 4717 510 4785 Ι
525 4715 563 4772 91
584 4712 613 4770 δέ
630 4714 710 4771 Plato
717 4717 820 4786 Ausgg.
838 4712 870 4770 τέ
887 4719 919 4770 Δ.
