3780 5538
582 487 675 542 ΠΕΡΙ
693 487 831 544 ΕΥΧΗΣ
854 486 906 560 20,
923 489 947 540 1.
964 488 989 542 2.
1016 487 1067 560 21,
1086 489 1109 541 1.
1127 487 1151 542 2.
1462 493 1522 556 345

150 661 202 718 18¹
218 655 276 720 καὶ
294 657 299 730 Ι
317 654 459 721 πλείονα
485 646 528 720 τά
554 653 591 722 ἐν
617 655 670 740 τῶ
695 658 822 741 ταμείῳ
853 655 1027 732 ποιοῦντι,
1058 649 1118 721 ίάν
1145 643 1255 720 αὐτοῦ
1281 647 1367 738 ,τὴν
1392 647 1523 736 θόρανίί

217 743 482 838 άποκλείσωμεν.
516 823 518 827 ,

299 851 375 918 XXI
399 861 424 919 1.
463 843 562 921 Ἀλλά
602 846 864 939 προσευχόμενοι
903 848 948 940 μὴ
984 845 1289 938 βατταλογὴσωμεν
1325 843 1409 918 ἀλλὰ
1443 857 1522 920 θεο-

217 943 421 1036 λογὴσωμεν.
463 955 737 1040 βαττολογοῦμεν
763 955 811 1034 δὲ,
841 943 901 1023 ότε
926 949 971 1039 μὴ
996 953 1308 1039 μωμοσκοποῦντες
1335 947 1475 1030 ἑαυτοὺς
1501 942 1521 1037 ἢ

183 1046 302 1130 5τοὺς
332 1042 631 1138 ἀναπεμπομένους
666 1055 727 1139 τῆς
761 1044 860 1140 εὐχῆς
893 1047 1015 1141 λόγους
1046 1054 1186 1137 λέγομεν
1219 1046 1263 1118 τά
1293 1051 1522 1136 διεφθαρμένα

217 1148 296 1236 ἔργα
322 1139 343 1236 ἢ
371 1142 492 1236 λόγους
517 1141 538 1238 ἢ
563 1145 731 1238 νοήματα,
758 1147 902 1221 ταπεινά
929 1146 1142 1239 τυγχάνοντα
1166 1154 1222 1218 καὶ
1248 1150 1433 1236 ίπίληπτα,
1461 1151 1522 1235 τῆς

217 1240 409 1336 ἀφθαρσίας
438 1241 602 1338 άλλότρια
633 1254 697 1320 τοῦ
722 1256 847 1337 κυρίου.
890 1244 910 1320 ό
935 1254 1052 1338 μέντοι
1079 1251 1302 1336 βαττολογῶν
1327 1249 1364 1316 ἐν
1389 1250 1441 1335 τῷ
1468 1241 1522 1316 εὐ·

216 1355 335 1433 χεσθαι
370 1341 434 1436 ἤδη
462 1353 519 1418 καὶ
544 1351 582 1420 έν
608 1355 652 1436 τῇ
677 1355 803 1437 χείρονι
829 1355 902 1420 τῶν
928 1353 1182 1437 προειρημένων
1208 1342 1286 1436 ἡμίν
1312 1352 1522 1433 συναγωγικῇ

217 1449 288 1516 ἐστι
308 1443 511 1518 καταστάσει
533 1475 570 1518 τε
592 1452 679 1537 <καὶ>
694 1453 916 1539 χαλεπωτέρᾳ
937 1455 1011 1519 τῶν
1032 1451 1070 1520 ἐν
1092 1465 1166 1528 ταῖς
1186 1452 1361 1528 πλατείαις
1376 1451 1521 1535 Ιγωνιῶν

167 1546 200 1601 10
217 1540 298 1635 ὁδῶ,
326 1541 403 1618 οὐδὲ
428 1549 521 1634 ίχνος
547 1545 667 1637 σῴζων
693 1541 757 1618 κάν
777 1543 987 1633 ῦποκρίσεως
1008 1543 1149 1636 άγαθοῦ.
1191 1551 1438 1633 βαττολοχοῦσι
1459 1542 1522 1633 γάρ

216 1642 305 1716 κατὰ
332 1643 396 1734 τὴν
422 1651 512 1730 λέξιν
538 1651 602 1716 τοῦ
627 1642 820 1734 εὐαγγελίου
843 1642 943 1734 μόνοι
969 1647 1021 1730 „ol
1046 1649 1212 1729 ἐθνικοὶ,“
1232 1639 1309 1716 οὐδὲ
1331 1651 1522 1730 φαντασίαν

217 1741 375 1833 μεγάλων
396 1745 530 1832 ἔχοντες
551 1739 572 1834 ἢ
595 1750 809 1833 ἐπουρανίων
830 1742 1040 1835 αἰτημάτων,
1062 1750 1174 1816 πάσαν
1195 1739 1295 1833 εὐχὴν
1317 1749 1426 1833 <περί>
1449 1751 1523 1814 τῶν

218 1851 424 1932 σωματικῶν
457 1850 512 1916 καὶ
547 1852 622 1916 τῶν
654 1844 752 1928 ίκτός
786 1841 1052 1933 ἀναπέμποντες.
1098 1848 1228 1934 έθνικῷ
1261 1833 1325 1914 οῦν
1356 1849 1522 1926 βατταλο-

217 1948 337 2031 γοῦντι
363 1937 540 2032 ὁμοιοῦται
566 1938 585 2015 ό
608 1945 651 2016 τὰ
671 1940 768 2016 κάτω
791 1941 859 2016 άπὸ
882 1951 945 2016 τοῦ
966 1949 1003 2016 ίν
1025 1939 1182 2033 οὐρανοῖς
1203 1948 1258 2012 καὶ
1279 1939 1363 2030 ῦπέρ
1386 1941 1429 2012 τά
1450 1935 1522 2031 ῦψη

166 2051 199 2105 15
219 2049 294 2112 τῶν
317 2038 476 2132 οὐρανῶν
495 2049 742 2126 κατοικοῦντος
763 2051 883 2133 κυρίου
903 2047 1017 2115 αίτῶν.

302 2154 330 2214 2.
364 2148 422 2214 καί
449 2145 538 2214 ἔοικέ
563 2171 600 2230 γε
625 2138 644 2214 ὁ
671 2151 877 2232 πολυλογῶν
897 2151 1134 2233 βατταλογεῑν,
1164 2149 1220 2214 καλ
1252 2136 1271 2212 ὁ
1297 2149 1521 2232 βαττολογῶν

218 2251 430 2330 πολυλογεῖν.
466 2236 565 2313 οὐδέν
587 2241 649 2332 γάρ
671 2244 709 2314 ἓν
731 2249 792 2333 τῆς
813 2236 896 2334 ῦλης
916 2251 973 2314 καὶ
995 2251 1068 2314 τῶν
1087 2238 1267 2331 σωμάτων,
1289 2236 1363 2312 ἄλλ’
1378 2239 1521 2312 ἕκαστον

217 2349 292 2412 τῶν
316 2344 547 2430 νομιζομένων
569 2344 606 2412 ἓν
626 2343 772 2429 ἔσχισται
792 2349 848 2412 καί
871 2349 1088 2414 διακέκοπται
1109 2348 1166 2412 καί
1187 2339 1342 2430 διῄρηται
1364 2342 1410 2422 είς
1430 2346 1520 2410 πλεί-

217 2469 280 2511 ονα
303 2438 367 2529 τὴν
388 2440 511 2512 ἕνωσιν
532 2437 764 2524 άπολωλεκός·
786 2443 823 2512 ἓν
844 2439 907 2531 γάρ
929 2438 970 2512 τό
993 2437 1125 2530 α’γαθὸν
1146 2438 1259 2512 πολλά
1281 2445 1316 2511 δὲ
1335 2439 1378 2511 τά
1393 2440 1520 2530 αἰσχρά,

164 2545 199 2600 20
216 2545 271 2609 καί
297 2541 334 2610 δν
360 2533 382 2627 ἦ
408 2535 552 2629 άλήθεια
577 2539 689 2612 πολλὰ
715 2545 751 2610 δὲ
772 2539 815 2612 τά
837 2546 958 2630 ψευδῆ,
984 2548 1041 2611 καὶ
1063 2543 1099 2610 ἓν
1121 2535 1142 2629 ἡ
1164 2535 1297 2629 άληθὴς
1319 2539 1520 2630 δικαιοσύνη,

216 2645 342 2710 πολλαὶ
374 2642 409 2710 δὲ
440 2640 521 2724 ἕξεις
551 2638 679 2729 ταύτην
708 2636 968 2729 ῦποκρίνονται,
999 2646 1054 2710 καὶ
1085 2641 1120 2710 έν
1151 2635 1171 2729 ἡ
1202 2646 1265 2711 τοῦ
1296 2645 1379 2710 θεοῦ
1408 2645 1520 2726 σοφία,

216 2745 340 2810 πολλαὶ
367 2743 403 2808 δὲ
430 2742 464 2812 αἱ
489 2738 757 2830 καταργοῦμεναι
784 2746 869 2824 ,τοῦ
896 2744 1021 2823 αίῶνος
1043 2737 1191 2810 τοῦτον(
1210 2746 1266 2809 καὶ
1287 2747 1383 2822 ,τῶν
1403 2735 1521 2829 άρχόν-

215 2865 288 2910 των
316 2845 379 2910 τοῦ
404 2843 531 2921 αἰῶνος
558 2838 716 2924 τούτου,“
736 2847 792 2912 καὶ
818 2839 865 2923 είς
890 2843 952 2928 μὲν
973 2835 992 2910 ό
1015 2845 1077 2910 τοῦ
1098 2843 1183 2910 θεοῦ
1205 2834 1319 2927 λόγος,
1341 2847 1464 2910 πολλοὶ
1486 2845 1522 2910 δὲ

215 2941 248 3010 οί
276 2934 454 3024 άλλότριοι
485 2945 548 3008 τοῦ
577 2944 671 3010 θεοῦ.
718 2937 798 3024 διάΙ
824 2944 929 3010 τοῦτο
958 2935 1067 3021 οὐδεὶς
1097 2935 1294 3026 ἐκφεύξεται
1314 2933 1521 3027 ,,άμαρτίαν“
1539 2957 1588 3012 231

163 3046 196 3101 25
214 3041 272 3122 ,ἐκ
294 3044 535 3123 πολυλογίας,“
557 3043 613 3108 καὶ
635 3033 744 3121 οὐδεὶς
758 3043 873 3109 δοκῶν
888 3043 946 3123 ,ἐκ
959 3045 1185 3125 πολυλογίας(
1201 3035 1522 3128 είσακουσθήσεσθαι

299 3226 318 3281 3
341 3224 404 3294 Vgl.
422 3225 522 3278 Matth.
540 3225 570 3290 6,
589 3226 612 3279 7.
634 3255 667 3264 -
690 3225 707 3280 8
730 3226 792 3296 Vgl.
811 3225 884 3280 oben
905 3225 969 3298 Cap.
987 3225 1037 3280 XX
1055 3229 1079 3282 1.
1103 3257 1136 3266 -
1158 3227 1178 3282 θ
1200 3225 1265 3296 Vgl.
1282 3225 1382 3280 Matth.
1400 3227 1424 3294 6,
1442 3229 1465 3282 5.
1488 3255 1521 3266 —

215 3311 252 3367 11
276 3309 339 3379 Vgl.
357 3309 457 3363 matth.
475 3309 499 3376 6,
521 3311 544 3364 7.
563 3338 596 3347 -
615 3308 654 3364 14
676 3307 739 3377 Vgl.
758 3309 871 3376 σεεσσ,
890 3313 913 3365 1.
940 3341 973 3350 -
1000 3311 1038 3368 21
1058 3311 1121 3380 Vgl.
1144 3311 1238 3364 IKor.
1256 3311 1280 3374 2,
1298 3310 1321 3365 6.
1339 3340 1370 3348 -
1395 3309 1436 3366 24
1458 3310 1522 3380 Vgl.

216 3395 295 3450 Prov.
314 3396 354 3459 10,
373 3395 414 3450 19.
442 3423 474 3432 -
501 3393 541 3450 25
565 3393 628 3463 vgl.
646 3392 745 3447 Matth.
763 3395 788 3462 6,
806 3397 829 3448 7.

298 3547 315 3602 5
332 3542 457 3615 λέγομεν
472 3543 532 3600 Del.
544 3541 672 3614 λέγωμεν
683 3544 850 3600 ΤΟτᾸιοοά
866 3546 870 3613 Ι
886 3545 905 3602 8
923 3544 955 3600 έν
971 3549 1006 3615 τῇ
1022 3545 1133 3615 χείρονι
1150 3552 1210 3602 τῶν
1226 3544 1444 3618 προειρημένων
1455 3539 1523 3616 ημῖν

216 3635 397 3701 σνναγωγικῇ
415 3624 476 3683 ἐστι
493 3623 670 3684 καταστάσει
687 3629 810 3684 ιοίιεείίιε
827 3629 872 3683 ich
890 3631 962 3684 uach
980 3630 1039 3685 Del.
1058 3631 1080 3696 (l
1098 3631 1150 3686 230
1161 3634 1242 3686 Anm.
1254 3633 1291 3700 ο),
1311 3626 1342 3685 έν
1357 3636 1398 3704 τῷ
1414 3631 1522 3703 χείρονι

213 3721 255 3772 τα·
258 3735 273 3770 ν
289 3710 510 3786 προειρημένων
526 3705 594 3782 ἡμῖν
611 3719 819 3784 συναγωγικολν
837 3709 1044 3785 [σουαγοιγικός
1055 3713 1114 3786 Ox.]
1133 3711 1201 3780 έυτι,
1218 3709 1394 3772 καταπόσει
1411 3718 1522 3785 Ausgg„

213 3799 245 3856 ἒν
260 3805 304 3873 τῷ
319 3798 429 3869 χείρονι
445 3801 505 3852 τῶν
515 3794 735 3868 προειρημένων
746 3789 815 3867 ἡμῖν
826 3805 1030 3870 σοναγοιγικολς
1041 3795 1102 3856 ἐστι
1115 3795 1292 3856 καταστάσει
1304 3799 1327 3854 Τ
1342 3802 1347 3869 Ι
1362 3801 1381 3856 0
1399 3819 1430 3856 τε
1443 3803 1521 3870 (καί)

211 3881 401 3957 χαλεπωτέρᾳ
418 3881 531 3946 Lomm.‚
554 3873 571 3950 ἢ
590 3881 666 3950 (oder
683 3883 743 3951 καί)
758 3881 948 3959 χαλεπωτέρᾳ
969 3885 1048 3938 Βεαί.
1058 3884 1116 3940 Del.
1135 3885 1226 3953 (1230
1243 3888 1324 3940 Anm.
1344 3889 1367 3956 ο)
1388 3888 1392 3954 Ι
1411 3891 1471 3942 τῶν
1492 3882 1523 3942 έν

213 3974 275 4033 ταῖς
299 3965 448 4030 πλατείαις
472 3971 583 4036 γωνιῶν
609 3959 675 4042 ὁδῷ]
700 3970 760 4022 τῶν
782 3963 813 4022 ἐν
834 3975 896 4032 ταῖς
917 3970 1060 4023 πλατειῶν
1082 3971 1200 4038 γωνίαις
1226 3964 1360 4028 ἑστώτων
1388 3974 1524 4026 vermutet

214 4051 296 4122 AngL
314 4049 369 4118 (bei
388 4050 447 4104 Del.
465 4052 477 4104 I
495 4051 575 4118 920⁸)
593 4051 664 4104 nach
682 4052 781 4106 Matth.
798 4055 822 4118 6,
840 4056 856 4109 5
874 4070 907 4106 zu
924 4052 1086 4121 gewaltsam
1106 4055 1110 4121 Ι
1128 4054 1164 4110 11
1189 4048 1276 4122 μόνοι
1294 4055 1345 4110 Ox.
1355 4055 1415 4112 Del.
1433 4056 1455 4124 (1
1473 4055 1524 4110 230

212 4142 294 4192 Anm.
313 4137 338 4204 ε)
361 4129 455 4203 μόνον
472 4135 553 4204 Angl.
572 4139 606 4201 (ε.
624 4153 648 4189 ε.
666 4134 708 4204 Ο.)
726 4131 819 4206 μόνην
841 4135 958 4190 TLond.
967 4135 1027 4191 Del.
1050 4137 1055 4204 1
1081 4137 1118 4192 12
1143 4131 1256 4208 ἔχοντες
1279 4141 1378 4209 Αυεςς.
1399 4134 1525 4209 ἐχόντων

213 4223 235 4276 T
249 4225 254 4292 Ι
270 4219 365 4293 (περί)
383 4221 420 4275 ist
438 4219 490 4275 mit
507 4221 655 4276 Βεοί.1)ε1.
673 4221 758 4289 (1230
775 4224 854 4276 Anm.
868 4221 892 4290 f)
910 4221 992 4291 Angl.
1011 4223 1045 4290 (ιι.
1058 4239 1083 4276 ο.
1097 4221 1138 4290 Ο.)
1157 4223 1321 4293 einzufflgen
1336 4225 1340 4291 Ι
1358 4224 1396 4280 15
1413 4223 1522 4295 κυρίου]

212 4309 286 4364 θεοῦ
315 4307 378 4362 liest
403 4306 481 4360 Βεοτ.
507 4305 562 4375 (bei
583 4304 740 4360 De1.1230
762 4307 841 4360 Anm.
859 4307 887 4374 g)
910 4307 981 4362 ohne
1008 4307 1104 4362 Grund
1128 4309 1132 4375 Ι
1155 4309 1266 4365 12-21
1290 4325 1336 4362 τοι
1359 4308 1451 4364 Rand:
1481 4302 1523 4383 ἐκ]

213 4391 343 4446 δαεαυίετ
362 4409 398 4462 ση
416 4407 469 4446 von
487 4391 507 4445 1.
524 4390 558 4445 Η.
564 4430 571 4456 ,
591 4389 820 4446 wahrscheinlioh
837 4415 871 4434 =
888 4385 979 4446 ἐκεῖνο
999 4391 1183 4462 σημειωτέον,
1204 4393 1227 4446 Τ
1250 4395 1254 4460 Ι
1280 4393 1318 4449 10
1337 4387 1525 4458 α’πολωλεκός

214 4475 338 4532 εσίιτεὶοε
354 4477 400 4530 ioh
417 4475 468 4530 mih
485 4475 570 4530 Lond.
584 4493 610 4530 υ.
623 4473 697 4530 Wot.
717 4476 772 4540 (am
785 4475 882 4542 Rand),
902 4469 1111 4532 ἀπολωλεκότα
1129 4477 1189 4531 Del.
1208 4477 1230 4545 (I
1243 4478 1294 4534 230
1305 4481 1385 4532 Anm.
1397 4477 1434 4545 h),
1454 4471 1524 4532 τίπο·

212 4555 361 4616 λελοικότα
379 4560 428 4615 Ox.
439 4559 511 4617 Wet.
519 4559 579 4616 Del.
596 4559 643 4618 .im
669 4558 750 4622 Text;
783 4553 978 4624 είπολελιοκιος
1000 4560 1048 4630 [so]
1075 4559 1098 4614 Τ
1122 4563 1126 4629 Ι
1149 4561 1187 4618 21
1215 4557 1430 4632 ῦποκρίνονται]
1457 4555 1524 4617 ίιτιο-

211 4639 379 4716 κρινόμεναι
398 4648 533 4700 vermutet
550 4645 627 4700 Βοιιί.
646 4643 700 4712 (bei
716 4642 776 4700 Del.
793 4644 806 4697 Ι
823 4645 874 4699 230
890 4645 971 4698 Anm.
987 4644 1016 4712 i),
1035 4636 1232 4716 ἰατοκρίνουσα
1250 4646 1332 4715 Angl.
1351 4647 1385 4715 (a.
1398 4663 1423 4703 α.
1435 4645 1485 4715 0.).
