3780 5538
368 464 429 528 346
909 457 1135 513 αντεοιιονε

367 619 599 692 είσακοόεσθαι
624 617 772 690 δόναται.
815 615 931 708 διόπερ
958 617 1018 709 οόχ
1049 615 1240 710 όμσιωτέον
1266 626 1335 692 ἐστὶ
1362 618 1424 704 τὰς
1451 615 1548 704 εῦχὰς
1575 613 1672 709 ἡμῶν

368 737 440 802 τοῖς
479 723 628 802 έθνικοῑς
667 715 991 810 βαττολογοῦσιν“
972 748 992 810 η
1032 728 1281 810 πολυλογοῦσιν
1320 715 1341 810 ἢ
1378 715 1397 793 6
1438 749 1472 791 τι
1508 716 1549 808 δή
1585 745 1673 789 ποτε

366 817 599 909 πράττουσι,
601 819 698 904 ,κατὰ
710 819 794 955 την
829 815 992 910 όμοίωσιν
1027 827 1091 891 τοῦ
1125 815 1273 907 όφεωςψ
1309 822 1400 904 „olda
1430 818 1514 908 γὰρ“
1546 813 1565 889 6
1599 823 1672 888 τῶν

366 915 474 1009 όγίων
494 917 588 1004 θεὸς,
610 918 765 1010 ,πατὴρ“
793 914 858 1002 ὢν,
881 911 954 1004 ,ὧν
979 925 1114 1008 χρείαν“
1141 923 1272 1008 ἔχουσιν
1302 878 1334 991 όί
1364 920 1432 990 υἱοὶ
1459 914 1579 1004 αῦτοῦ,
1602 919 1673 988 ἐπεὶ

332 1015 443 1106 οᾶξια
473 1017 628 1108 τυγχάνει
657 1024 719 1108 τῆς
747 1024 915 1108 πατρικῆς
940 1019 1106 1108 γνώσεως.
1149 1023 1177 1089 εἰ
1201 1024 1240 1090 δέ
1265 1048 1317 1103 τις
1348 1016 1465 1108 ἀγνοεῖ
1489 1015 1553 1088 τὸν
1579 1013 1672 1100 θεὸν,

366 1118 492 1190 καὶτὰ
518 1125 582 1191 τοῦ
607 1125 691 1191 θεοῦ
717 1116 844 1208 όγνοεί,
871 1118 990 1207 ιὶγνοείΙ
1012 1123 1048 1189 δὲ
1070 1116 1144 1202 τὰ,
1146 1109 1208 1202 ,οῦν
1228 1127 1362 1209 χρείανΗ
1384 1119 1461 1206 ἔχει
1492 1123 1673 1237 διημαρτη-

366 1224 448 1306 μένα
473 1215 536 1309 γάρ
563 1223 633 1289 ἐστι
661 1217 738 1302 τὰ,
740 1209 803 1302 ,οῦν
827 1220 1000 1307 χρείαν“”
984 1246 1071 1306 εχειν
1092 1223 1234 1306 νομίζει·
1264 1213 1345 1289 όδὲ
1373 1217 1599 1338 τεθεωρηκὼς
1622 1243 1673 1284 ων

367 1323 459 1390 ἐστιν
489 1317 603 1408 ἐνδεὴς
633 1315 845 1407 κρειττόνων
874 1323 929 1388 καὶ
959 1323 1163 1407 θειοτέρων,
1198 1311 1513 1407 γινωσκομένωνι
1491 1313 1559 1387 υπὸ
1590 1321 1674 1386 θεοῦ

366 1415 519 1504 τεύξεται
546 1409 597 1490 οῦν
623 1417 817 1505 τεθεώρηκε
842 1421 899 1486 καί
925 1421 1148 1505 ἐγνωσμένων
1175 1424 1226 1508 τῷ
1249 1425 1354 1506 πατρὶ
1374 1424 1431 1486 καί
1452 1413 1521 1503 πρὸ
1544 1419 1606 1503 τῆς
1627 1419 1673 1484 az-

317 1530 350 1584 10
368 1516 504 1606 τὴσεως.
546 1516 684 1589 τούτων
713 1516 754 1606 δὴ
785 1521 831 1599 είς
861 1513 903 1586 τὰ
931 1513 998 1608 πρὸ
1029 1523 1091 1606 τῆς
1116 1520 1154 1587 έν
1178 1525 1230 1607 τῷ
1256 1515 1344 1587 κατὰ
1366 1523 1551 1585 Ματθαῑον
1578 1509 1675 1602 εῦχῆς

368 1621 563 1705 εἰρημένων,
586 1611 651 1704 ἤδη
672 1614 879 1704 θεασώμεθα
900 1613 1021 1685 καὶτὰ
1043 1615 1231 1705 δηλούμενα
1252 1611 1320 1687 όπό
1343 1620 1405 1704 τῆς
1428 1610 1535 1704 εόχῆς.

449 1719 539 1786 XXII
563 1727 589 1785 1.
625 1712 781 1802 ,Πότερ
811 1711 921 1804 ἡμῶν
952 1710 972 1786 6
1001 1719 1042 1785 ὲν
1072 1734 1156 1797 τοῖς
1182 1713 1401 1804 οῦρανοῑς.“
1439 1709 1536 1800 ἄξιον
1565 1717 1675 1802 έπιμε-

369 1820 528 1902 λέστερον
554 1819 754 1905 έπιτηρῆοαι
781 1814 845 1904 τὴν
875 1821 1059 1905 λεγομένην
1085 1813 1234 1886 παλαιὰν
1259 1811 1436 1904 διαθήκην,
1459 1816 1487 1884 εί
1516 1817 1586 1884 ἔστι
1607 1839 1675 1884 που

301 1910 476 2002 181εῦρεῑν
507 1917 543 1984 έν
573 1911 659 2004 αὐτῇ
691 1911 792 2005 εῦχήν
823 1941 917 1996 τινος
944 1920 1104 2004 λέγοντος
1129 1911 1192 1986 τὸν
1218 1911 1304 1984 θεὸν
1329 1920 1493 2002 πατέρα·
1512 1921 1516 1998 Ι
1536 1917 1591 1984 ἐπὶ
1613 1911 1675 2002 γὰρ

317 2027 351 2080 15
368 2019 431 2084 τοῦ
456 2010 630 2100 παρόντος
655 2015 743 2086 κατὰ
770 2011 910 2102 δύναμιν
931 2011 1148 2099 ἐξετάσαντες
1175 2010 1235 2101 οῦχ
1257 2007 1408 2104 εῦρομεν.
1451 2009 1492 2084 οῦ
1513 2017 1621 2084 τοῦτο
1639 2018 1677 2082 δέ

369 2141 488 2198 φαμεν,
516 2106 570 2183 ότι
597 2109 616 2184 6
642 2111 724 2196 θεὸς
749 2112 882 2202 πατὴρ
908 2109 970 2184 οῦκ
996 2117 1137 2202 ε’ίρηται,
1161 2107 1182 2200 ἢ
1210 2115 1242 2184 οί
1262 2118 1521 2185 πεπιστευκέναι
1543 2108 1675 2202 νομιζό-

367 2239 463 2300 μενοι
488 2219 561 2301 θεῷ
587 2216 654 2283 υίοὶ
680 2208 745 2282 οῦκ
770 2209 1021 2301 ω’νομόσθησαν
1046 2219 1145 2297 θεοῦ,
1175 2209 1249 2284 ἀλλ’
1272 2208 1327 2285 ότι
1353 2218 1390 2284 έν
1415 2218 1584 2300 προσευχῇ
1611 2210 1675 2300 τὴν

369 2306 437 2382 όπό
463 2317 527 2382 τοῦ
553 2317 708 2400 σωτῆρος
732 2315 1005 2401 κατηγγελμένην
1030 2313 1221 2401 παῤῥηοίαν
1247 2319 1323 2400 περὶ
1345 2318 1408 2384 τοῦ
1426 2307 1591 2401 ὀνομάσαι
1613 2310 1676 2382 τὸν

368 2409 453 2482 θεὸν
478 2415 632 2498 πατέρα
658 2406 721 2498 οῦχ
748 2403 889 2500 εῦρομέν
915 2439 982 2481 πω.
1025 2403 1080 2484 ότι
1107 2417 1142 2482 δὲ
1164 2416 1294 2501 εἴρηται
1320 2410 1452 2502 πατὴρ
1475 2406 1494 2482 6
1517 2408 1599 2492 θεὸς
1620 2417 1675 2479 καὶ

317 2519 352 2577 20
368 2511 434 2581 οίοί
465 2513 498 2581 οί
528 2518 581 2600 τῷ
613 2506 707 2599 λόγῳ
737 2517 801 2580 τοῦ
826 2517 911 2581 θεοῦ
935 2507 1246 2600 προσεληλυθότες,
1273 2517 1448 2599 πολλαχοῦ
1475 2513 1567 2580 ἔστιν
1593 2515 1676 2580 ίδείν

369 2602 484 2697 ὥσπερ
509 2581 566 2681 καί
591 2613 628 2680 έν
650 2616 953 2699 Δευτερονομίῳῃ
955 2607 1051 2696 ,θεὸν
1075 2609 1140 2682 τὸν
1160 2607 1371 2732 γεννησαντό
1392 2632 1429 2681 οε
1450 2615 1675 2730 ἐγκατέλιπες,

367 2715 424 2780 καὶ
446 2706 618 2781 ἐπελάθου
638 2714 723 2779 θεοῦ
744 2715 808 2779 τοῦ
830 2667 1021 2797 τρέφοῦτός
1044 2720 1097 2792 σεξ
1101 2717 1185 2781 καί
1207 2708 1325 2782 πόλιν·
1348 2706 1433 2797 ,οῦκ
1453 2707 1558 2792 αῦτός
1573 2699 1676 2791 οῦτός

369 2828 431 2878 σου
456 2807 588 2897 πατὴρ
612 2805 780 2936 έκτησατό
810 2831 846 2879 σε
871 2816 926 2880 καί
948 2813 1086 2896 ἐποίησέ
1106 2835 1142 2880 σε
1162 2816 1219 2880 καὶ
1241 2812 1351 2882 εκτισέ
1372 2819 1450 2893 σε,·“
1481 2817 1537 2881 καὶ
1559 2804 1675 2880 πόλιν·

368 2911 469 2992 ,,υίοί,
499 2907 550 2990 οῖς
580 2903 644 2979 οῦκ
675 2911 745 2979 ἔστι
775 2915 889 2991 πίστις
917 2913 954 2979 έν
987 2903 1124 2992 αὐτοῖς(
1130 2934 1137 2948 ·
1167 2916 1222 2980 καὶ
1253 2913 1290 2980 ἐν
1320 2917 1372 3000 τῷ
1402 2905 1529 3000 Ἠσαίᾳ·
1562 2906 1676 2993 ,σίοῦς

317 3018 351 3073 25
368 3010 527 3096 ἐγέννησα
552 3015 606 3078 καὶ
632 3000 770 3095 ῦηωσα,
794 3003 892 3078 αῦτοὶ
918 3013 956 3077 δέ
978 3037 1018 3097 με
1040 3004 1246 3098 ἡθέτησανίί·
1279 3015 1334 3080 καί
1361 3013 1398 3078 ἐν
1427 3015 1479 3100 τῷ
1504 3013 1673 3099 Μαλαχίᾳ·

367 3105 460 3190 ,υίὸς
479 3105 612 3194 δοξάσει
634 3111 801 3196 πατέρα,
823 3114 879 3178 καὶ
902 3113 1022 3190 δοῦλος
1043 3105 1107 3178 τόν
1128 3107 1246 3195 κόριον
1268 3104 1384 3179 αότοῦ.
1412 3115 1467 3178 καί
1491 3113 1520 3178 εί
1540 3103 1672 3196 πατήρ

367 3209 432 3295 είμι
459 3208 541 3296 έγιῦ,
567 3215 636 3280 ποῦ
662 3211 753 3278 ἐστιν
780 3201 904 3295 ἦδόξα
925 3233 1004 3292 μου;
1031 3215 1087 3278 καί
1115 3213 1144 3279 εί
1168 3204 1282 3297 κῦριός
1304 3213 1368 3297 είμι
1391 3209 1467 3297 ἐγὼ,
1489 3213 1560 3280 ποῦ
1582 3211 1673 3278 ἐστιν

368 3300 387 3376 6
410 3302 517 3394 φόβος
537 3316 643 3398 μοο;“

452 3417 480 3478 2.
515 3415 570 3478 καί
597 3414 625 3479 εἰ
651 3413 784 3496 λέγεται
810 3413 928 3479 τοίνυν
953 3405 1083 3497 πατὴρ
1111 3401 1130 3477 6
1155 3406 1253 3491 θεὸς,
1279 3413 1335 3478 καί
1361 3410 1428 3478 νίοὶ
1451 3410 1484 3478 οί
1507 3413 1557 3496 τῷ
1581 3401 1672 3495 λόγῳ

317 3516 351 3572 30
368 3510 429 3594 τῆς
451 3511 497 3588 είς
519 3503 625 3578 αῦτόν
646 3514 794 3589 πίστεως
815 3513 1058 3596 γεγεννημένοι,
1074 3505 1116 3579 τὸ
1132 3504 1267 3594 βέβαιόν
1280 3535 1316 3595 γε
1334 3514 1389 3578 καὶ
1410 3505 1452 3578 τὸ
1470 3502 1673 3594 ἀμετάπτω-

454 3693 469 3748 l
490 3691 553 3762 vgl.
565 3692 665 3746 Matth.
677 3695 701 3756 6,
714 3694 738 3748 8.
757 3694 780 3745 7.
798 3719 832 3732 -
850 3693 868 3748 3
886 3693 949 3761 Vgl.
961 3693 1034 3748 Ρεοί.
1047 3697 1088 3761 57,
1100 3697 1124 3750 5.
1143 3725 1176 3735 -
1195 3695 1255 3764 Vgl.
1274 3695 1372 3749 Matth.
1386 3697 1410 3762 6,
1422 3695 1446 3748 8.
1464 3723 1498 3732 —
1517 3692 1556 3748 12
1574 3693 1673 3748 Matth.

367 3777 391 3840 6,
409 3777 434 3831 9.
451 3805 485 3815 -
503 3775 543 3832 14
560 3776 623 3846 Vgl.
641 3776 782 3846 Origenes,
800 3775 903 3832 Comm.
921 3777 950 3831 in
968 3777 1029 3833 Joh.
1048 3778 1110 3833 XIX
1129 3784 1143 3834 1
1162 3780 1198 3848 (5)
1217 3782 1292 3849 (tom.
1305 3781 1330 3833 Π
1348 3797 1373 3850 p.
1387 3781 1438 3835 146
1447 3795 1485 3847 sq.
1505 3778 1548 3832 εδ.
1561 3778 1672 3839 Lomm..

367 3861 393 3915 11
411 3863 435 3924 7,
448 3863 480 3917 16
489 3877 548 3930 sqq.
561 3861 603 3916 ed.
616 3861 741 3930 Brooke).
759 3890 792 3900 —
810 3861 848 3916 21
869 3861 1002 3924 Deut.32.
1017 3864 1057 3919 18.
1075 3894 1108 3903 -
1129 3863 1168 3919 22
1187 3863 1266 3918 Deut.
1278 3866 1319 3926 32,
1332 3866 1356 3919 6.
1376 3894 1408 3904 -
1426 3862 1468 3918 24
1487 3863 1565 3916 veut.
1578 3863 1621 3928 32,
1632 3861 1673 3916 20.

367 3974 401 3984 -
418 3945 471 4000 δεε.
490 3949 513 4010 1,
532 3947 555 4000 2.
582 3975 615 3985 -
641 3945 681 4002 23
707 3945 772 3999 Μελ.
792 3948 815 4010 1,
833 3947 857 4001 6.
883 3977 917 3985 -
944 3947 983 4002 29
1010 3947 1073 4016 Vgl.
1092 3947 1235 4017 Origenes,
1259 3947 1362 4003 Comm.
1380 3949 1408 4002 in
1427 3947 1526 4003 Matth
1547 3945 1623 4000 XVII
1640 3947 1674 4001 36

367 4029 444 4098 (tom.
461 4029 499 4084 1v
516 4047 544 4100 p.
563 4031 661 4098 1702q.
680 4029 722 4084 εδ.
740 4029 864 4099 Lomm.).

451 4197 468 4252 3
491 4188 507 4252 6
526 4203 585 4252 τῶν
602 4187 691 4266 ἁγίων
707 4193 786 4267 θεὸς]
805 4189 822 4253 6
839 4201 899 4253 τῶν
916 4187 995 4253 όλων
1006 4191 1077 4264 θεός
1089 4202 1225 4254 τετιιιιιθεί
1237 4199 1312 4254 Bont.
1325 4199 1381 4267 (bei
1394 4199 1453 4255 Del.
1465 4201 1478 4253 I
1491 4199 1539 4253 231
1554 4201 1634 4252 Anm.
1648 4197 1674 4264 a)

366 4283 438 4337 ohne
450 4283 545 4337 (λιστεδ
560 4283 564 4351 l
580 4285 599 4339 θ
618 4276 723 4352 οἷγνοεῖ,
743 4279 845 4352 δγνοεῑ
858 4279 888 4337 δέ
901 4277 945 4353 τὰ]
964 4275 1107 4352 δγνοεῖδη
1119 4278 1155 4338 τὰ
1168 4287 1305 4339 τετωεθεε
1315 4283 1397 4353 ΑιιςΙ.
1410 4284 1465 4354 (bei
1478 4283 1537 4337 Del.
1549 4285 1561 4336 Ι
1574 4283 1654 4349 9201»)
1668 4283 1671 4349 ί

367 4368 407 4424 16
419 4361 460 4438 δὴ]
474 4363 504 4422 δὲ
515 4368 597 4437 Angl.
611 4367 723 4436 (ποθ.)
739 4369 743 4434 Ι
761 4368 798 4424 12
816 4385 862 4422 am
873 4367 954 4422 Band
967 4361 1040 4440 ἀργὴ
1053 4386 1107 4424 von
1119 4371 1139 4423 Ι.
1149 4369 1182 4424 Η.
1194 4369 1217 4424 Τ
1233 4373 1236 4438 Ι
1254 4369 1292 4426 18
1306 4363 1374 4439 α’πδ]
1387 4361 1443 4425 ῦπδ
1457 4367 1539 4438 Angl.
1553 4367 1673 4437 (ποθ-λ.

366 4453 421 4522 vgl.
439 4451 509 4507 oben
528 4452 591 4524 Cap.
610 4453 675 4506 XIX
694 4457 718 4520 1,
736 4453 762 4506 S.
781 4455 830 4508 341
849 4451 875 4505 Ζ.
895 4455 946 4520 151
971 4451 1011 4509 20
1037 4447 1116 4508 ἔστιν
1132 4453 1255 4508 schreibe
1272 4454 1329 4514 ich,
1353 4451 1432 4510 έστιν
1449 4454 1580 4522 TAusgg.
1605 4457 1609 4521 Ι
1633 4452 1674 4508 26

366 4531 491 4607 δοξάσει]
510 4533 621 4606 δοξάζει
639 4537 720 4606 Angl.
739 4537 773 4604 (a.
786 4555 810 4592 ε.
823 4537 863 4606 Ο.)
875 4538 948 4592 nach
959 4537 985 4591 d.
998 4537 1071 4592 Lxx
1086 4541 1090 4607 Ι
1106 4531 1204 4608 αὐτοῦ]
1219 4531 1308 4594 αῦτοῦ
1325 4537 1411 4593 Lond.
1426 4537 1432 4609 Ι
1448 4537 1488 4594 60
1505 4533 1626 4610 βέβαιόν
1641 4553 1675 4607 γε

366 4621 489 4676 schreibe
506 4621 551 4675 ioh
567 4622 620 4677 mit
636 4623 715 4677 Βεαί.
725 4621 785 4676 Del.
803 4624 825 4690 (I
843 4625 890 4677 231
911 4625 990 4678 Anm.
1009 4623 1034 4692 ε)
1051 4624 1133 4692 Angl.
1152 4625 1186 4694 (a.
1198 4641 1223 4680 ε.
1235 4622 1285 4692 0.),
1303 4617 1421 4696 βέβαιόν
1437 4639 1469 4679 τε
1486 4621 1617 4695 TAusgg.
