3790 5526
648 503 748 559 ΚΑΤΑ
769 504 928 560 ΚΕΛΣΟΥ
950 505 992 564 vl
1016 505 1058 560 42.
1075 507 1117 560 43.
1479 514 1536 578 113

235 693 334 740 οταν
355 692 416 748 τις
438 667 648 755 έξυβρίση.“
692 675 773 739 τῶν
795 666 996 738 τοιούτων
1019 673 1061 738 δέ
1081 689 1184 758 φησιν
1209 670 1367 757 έχεσθαι
1389 666 1536 760 νοημά-

235 793 320 839 των
348 771 411 836 καί
442 764 515 837 τόν
544 773 634 856 περὶ
664 773 733 856 τῆς
761 765 925 857 Ἀθηνᾶς
954 773 1109 840 πέπλον
1139 769 1181 837 έν
1213 774 1259 856 τῇ
1289 775 1425 857 πομπῇ
1455 777 1538 842 τῶν

234 872 537 954 Παναθηναίων
573 863 648 938 ύπό
684 864 849 939 πάντων
884 866 1175 956 θεωρούμενον.
1222 871 1419 957 δηλοῦται
1451 868 1537 959 γάρ,

235 973 345 1056 φησίν,
369 960 429 1036 ἀπ’
454 961 578 1038 αύτού
599 961 665 1038 ότι
687 963 850 1058 άμήτωρ
872 995 933 1051 τις
960 974 1025 1038 καὶ
1046 963 1247 1055 ἄχραντος
1279 972 1429 1057 δαίμων
1455 971 1537 1040 ἐπι·

200 1082 377 1155 5κρατεῑ
396 1073 714 1156 θρασυνομένων
735 1075 819 1139 τῶν
840 1073 1027 1156 γηγενῶν.

317 1161 566 1254 ἀποδεξάμενος
586 1171 621 1238 δὲ
640 1164 682 1237 τὰ
703 1160 871 1256 Ἑλλήνων
890 1162 1070 1253 πλάσματα
1088 1167 1231 1254 ἐπιλέγει
1249 1174 1450 1257 κατηγορῶν
1465 1175 1538 1240 τῶν

236 1263 409 1356 ἡμετέρων
437 1272 588 1350 τοιαῦτα,
616 1259 671 1338 ότι
706 1271 801 1337 θεοῦ
836 1263 924 1336 υἱόν
959 1261 1035 1336 ύπό
1071 1261 1261 1350 διαβόλου
1295 1263 1538 1354 κολάζεσθαι

233 1373 298 1436 καὶ
327 1361 425 1454 ήμᾶς
447 1362 638 1451 διδάσκει,
661 1363 714 1450 εἰς
736 1359 784 1436 ‹Ia›
805 1361 881 1436 ύπό
903 1370 976 1436 τού
1003 1361 1128 1436 αύτοῦ
1149 1362 1418 1455 κολαζόμενοι
1446 1397 1538 1458 καρ-

236 1483 431 1554 τεροῑμεν.
480 1471 543 1534 καί
580 1471 704 1536 ταῦτα
739 1463 786 1536 τὰ
822 1460 954 1552 πάντη
988 1469 1277 1553 καταγέλαστα·
1319 1470 1439 1557 ἐχρῆν
1467 1467 1537 1559 γάρ

185 1577 218 1632 10
236 1567 347 1653 οίμαι
377 1561 547 1635 κολάσαι
574 1562 645 1635 τὸν
663 1562 861 1648 διάβολον
887 1559 972 1634 ἀλλ’
995 1561 1041 1634 ού
1067 1581 1152 1646 τοῖς
1177 1559 1242 1634 ὑπ’
1265 1563 1387 1638 αύτοῦ
1414 1572 1538 1654 διαβε-

235 1669 446 1754 βλημένοις
468 1660 703 1751 ἀνθρώποις
726 1660 913 1735 άπειλεῑν.

319 1758 429 1832 XLIII.
459 1755 541 1851 Ὅρα
571 1754 635 1833 οὖν
663 1766 691 1834 εἰ
716 1761 760 1852 μή
793 1757 812 1833 ό
843 1767 994 1850 ἐγκαλῶν
1025 1757 1102 1850 ἡμῖν
1135 1759 1215 1852 <αἰς>
1246 1773 1538 1856 σφαλλομένοις

236 1859 479 1947 ἀσεβέστατα
499 1871 564 1933 καί
590 1858 995 1952 άποπεπλανημένοις
1017 1867 1140 1933 θείων
1166 1861 1415 1952 αἰνιγμάτων
1436 1863 1539 1952 αύτὸς

237 1968 355 2050 σαφῶς
377 1958 615 2048 σφάλλεται,
637 1959 681 2050 μή
703 1959 917 2050 κατανοήσας
939 1954 994 2033 ότι
1016 1959 1059 2031 τὰ
1080 1968 1218 2051 πολλῷ
1241 1959 1282 2033 ού
1307 1959 1414 2052 μόνον
1434 1959 1538 2056 Ἡρα-

189 2078 220 2134 15
236 2069 401 2132 κλείτου
421 2067 476 2132 καί
501 2059 726 2150 Φερεκύδου
747 2056 989 2150 ἀρχαιότερα
1011 2057 1098 2133 άλλά
1113 2068 1169 2132 καὶ
1189 2057 1351 2152 Ὁμήρου
1366 2072 1538 2151 Μωύσέως

237 2159 414 2250 γράμματα
436 2158 586 2250 εἰσήγαγε
608 2158 671 2232 τόν
692 2167 768 2248 περὶ
789 2166 852 2230 τοῦ
866 2165 1019 2250 πονηροῦ
1033 2159 1160 2233 τούτου
1177 2167 1232 2231 καί
1248 2160 1451 2248 ἐκπεσόντος
1466 2172 1539 2237 τῶν

238 2258 408 2350 ούρανίων
430 2255 542 2348 λόγον.
590 2254 609 2331 ό
639 2258 702 2348 γάρ
732 2255 875 2347 ,,όφις“,
906 2255 985 2346 παρ’
1015 2253 1057 2331 όν
1086 2255 1105 2330 0‘
1136 2259 1227 2350 παρά
1260 2268 1312 2350 τῷ
1337 2263 1538 2354 Φερεκύδῃ

238 2366 376 2450 γέγονεν
411 2355 627 2447 Ὀφιονεὺς,
664 2363 772 2442 αἴτιος
807 2353 985 2447 γενόμενος
1020 2365 1083 2429 τοῦ
1117 2363 1320 2451 ἐκβληθῆναι
1350 2369 1415 2434 τοῦ
1446 2372 1544 2437 θείου

238 2465 443 2548 παραδείσου
478 2456 542 2529 τόν
578 2453 779 2546 άνθρωπον,
811 2454 952 2529 τοιαύτά
988 2487 1066 2529 τινα
1100 2465 1332 2544 αἰνίσσεται,
1364 2465 1542 2557 ἐπαγγελίᾳ

186 2577 220 2632 20
237 2555 405 2648 θεότητος
428 2564 483 2630 καί
505 2551 672 2647 μειζόνων
695 2553 869 2646 άπατήσας
891 2555 933 2629 τό
949 2557 1142 2648 θηλύτερον
1159 2557 1266 2648 γένος·
1290 2550 1319 2650 ᾧ
1341 2575 1543 2652 συνηκολου-

238 2663 385 2748 θηκέναι
403 2663 534 2745 λέγεται
555 2664 610 2727 καὶ
633 2651 651 2728 ό
674 2652 768 2746 άνήρ.
809 2650 905 2726 καὶὸ
928 2660 965 2727 έν
990 2664 1033 2746 τῇ
1060 2663 1234 2742 Μωύσέως
1261 2664 1296 2730 δὲ
1321 2653 1443 2750 Ἐξόδφ
1471 2658 1543 2736 όλε-

153 2771 221 2826 153r
239 2757 387 2848 θρευτής
405 2762 409 2845 I
430 2763 480 2840 τίς
502 2751 605 2840 άλλος
627 2761 676 2846 εἰη
697 2750 718 2845 ἢ
741 2751 760 2826 ό
784 2762 847 2828 τού
869 2751 1017 2844 ὀλέθρου
1038 2774 1111 2838 τοῖς
1131 2764 1349 2848 πειθομένοις
1371 2757 1465 2852 αύτῷ
1487 2771 1543 2834 καὶ

237 2856 282 2948 μή
306 2854 566 2945 άνθισταμένοις
592 2851 699 2926 αύτοῦ
725 2863 768 2944 τῇ
793 2859 892 2946 κακίᾳ
917 2863 974 2926 καὶ
999 2854 1044 2945 μή
1069 2851 1397 2946 άνταγωνιςομένοις
1422 2865 1543 2947 αἰτιος,·

240 2960 290 3029 ἔτι
313 2963 348 3029 δὲ
371 2951 423 3046 <ό>
446 2957 483 3027 έν
505 2961 557 3044 τῷ
581 2961 748 3044 Λευϊτικῴ
771 2951 1021 3044 άποπομπαιος,
1045 2950 1086 3026 δν
1108 2950 1128 3044 ή
1149 2952 1300 3048 Ἐβραϊκή
1322 2957 1434 3049 γραφή
1458 2958 1543 3032 ω’νό·

187 3075 221 3130 25
238 3080 341 3146 μασεν
370 3052 515 3143 Ἀζαζήλ,
546 3051 655 3137 ούδείς
687 3055 802 3144 ἕτερος
832 3046 885 3144 ήν·
917 3051 989 3145 (fv)
1020 3051 1280 3145 ἀποπέμπεσθαι
1311 3064 1367 3128 καὶ
1397 3055 1543 3150 άποτρο-

238 3153 420 3242 πιόζεσθαι
441 3156 506 3224 ἔδει
527 3152 590 3225 τόν
612 3159 740 3243 κλήρου
763 3158 884 3243 ’έχοντα
906 3159 943 3226 έν
964 3151 1090 3245 ἐρήμῳ·
1121 3152 1248 3237 πάντες
1269 3153 1332 3244 γάρ
1355 3158 1387 3228 οἰ
1406 3163 1467 3248 τῆς
1481 3167 1544 3231 τοῦ

238 3262 390 3344 χείρονος
427 3251 480 3325 διά
517 3251 581 3342 τήν
608 3261 730 3325 κακίαν
760 3260 894 3344 μερίδος
929 3258 1108 3326 ἐναντίοι
1148 3250 1245 3336 ὄντες
1281 3273 1353 3338 τοῖς
1383 3253 1451 3328 άπὸ
1480 3265 1544 3331 τού

238 3353 366 3445 κλήρου
398 3359 461 3425 τού
493 3359 577 3424 θεοῦ
608 3355 724 3442 έρημοί
753 3359 815 3424 εἰσι
842 3361 933 3426 θεοῦ.
976 3349 1062 3424 άλλὰ
1091 3361 1147 3422 καί
1177 3357 1211 3424 σί
1239 3358 1276 3424 έν
1307 3373 1380 3439 τοϊς
1406 3363 1544 3446 Κριταίς

239 3459 306 3526 υἰοὶ
329 3461 454 3542 Βελίαρ
477 3459 571 3535 τίνος
593 3447 700 3524 άλλου
725 3447 746 3540 ή
774 3451 900 3523 τούτου
926 3458 1082 3541 λέγονται
1108 3453 1193 3522 εἰναι
1219 3457 1285 3523 υίοὶ
1314 3453 1368 3526 διὰ
1395 3455 1459 3546 τήν
1483 3486 1544 3528 πο·

325 3607 342 3664 2
361 3607 424 3676 VgI.
442 3607 540 3661 Suidas
557 3625 579 3661 ε.
598 3625 623 3660 v.
643 3604 753 3670 πέπλος
770 3623 795 3660 u.
814 3605 902 3660 Schol.
922 3623 955 3660 zu
973 3605 1060 3670 Plato,
1079 3605 1130 3660 Res
1148 3607 1222 3678 publ.
1242 3607 1251 3660 I
1267 3611 1319 3678 lp.
1334 3609 1384 3664 327
1397 3611 1428 3664 A.
1455 3610 1543 3666 Schol.

240 3711 273 3747 zu
291 3693 472 3763 Aristophan„
492 3691 583 3760 nquit.
597 3689 629 3745 V.
648 3692 699 3746 570
711 3689 789 3759 (563).
813 3689 903 3744 Schol.
922 3709 955 3744 zu
973 3689 1105 3761 Euripid.,
1123 3691 1235 3746 Hecuba
1248 3691 1280 3746 V.
1298 3693 1357 3748 468.
1371 3723 1404 3732 -
1423 3694 1459 3752 l?
1481 3695 1543 3766 vgl.

240 3777 306 3833 Gen.
318 3781 342 3834 3.
360 3809 393 3817 -
412 3777 450 3833 21
475 3775 538 3846 vgl.
557 3775 643 3830 Exod.
662 3777 702 3839 12,
721 3775 761 3830 23.
789 3805 821 3814 -
849 3773 889 3830 24
910 3773 973 3844 Vgl.
991 3775 1053 3828 Lev.
1074 3776 1118 3840 16,
1136 3777 1160 3832 8.
1181 3778 1220 3832 10.
1247 3806 1280 3816 -
1308 3776 1346 3832 28
1370 3776 1433 3848 Vgl.
1452 3779 1542 3834 Richh

240 3864 280 3931 19,
298 3863 339 3917 22.
363 3864 404 3928 20,
425 3863 509 3931 1301
528 3861 590 3916 Kor.
608 3861 631 3926 6,
652 3860 702 3929 15).

325 4001 342 4055 5
360 3997 626 4072 θρασυνονομένων
637 4000 661 4052 Α
677 3999 681 4067 Ι
696 3999 713 4052 θ
730 4015 765 4051 zu
777 3991 813 4053 τά
825 3949 966 4066 (Εῗλὴνιον
977 4014 1022 4050 am
1034 3995 1122 4063 Rand,
1135 3996 1268 4060 unsicher‚
1281 3997 1316 4051 ob
1329 4015 1383 4053 von
1395 4001 1415 4053 I.
1425 4000 1467 4064 Η.,
1478 4007 1542 4074 '479

240 4081 275 4138 .τᾶ
294 4079 428 4154 ἑλληνικά
449 4085 473 4137 Α
493 4085 497 4152 Ι
517 4083 532 4137 λ
554 4077 847 4150 υἱόν-κολάζεσθαι]
871 4075 1128 4148 υίὸς-κολάζεται
1150 4084 1286 4136 vermutet
1307 4081 1390 4138 Guiet
1412 4084 1468 4152 (bei
1485 4085 1544 4141 Del.

239 4169 252 4222 I
271 4170 319 4224 565
338 4171 417 4222 Anm.
430 4167 454 4236 ο)
472 4167 543 4221 ohne
562 4165 676 4232 Grundl
697 4167 716 4222 2
734 4161 769 4221 τά
787 4161 889 4235 πάντη]
907 4160 1000 4235 πάντη
1016 4165 1046 4232 Ρ,
1065 4159 1091 4234 y'
1101 4155 1213 4235 ἁπάντη
1231 4165 1437 4232 θυοδεεωουο;
1456 4169 1491 4222 ob
1509 4163 1544 4224 τά

238 4247 353 4310 πάνταθ
371 4253 442 4307 doeh
460 4252 515 4322 vgl.
534 4253 618 4305 unten
636 4249 687 4304 VII
705 4253 738 4307 36
756 4269 780 4306 ε.
794 4251 850 4320 A!
879 4250 916 4306 12
940 4241 956 4305 ὃ
976 4267 1023 4304 aus
1042 4243 1058 4305 α’
1078 4267 1146 4305 corr.
1163 4254 1189 4305 A
1216 4251 1220 4319 Ι
1249 4242 1316 4322 (ὡς)
1340 4251 1404 4320 stige
1426 4252 1471 4308 ich
1493 4255 1544 4309 mit

239 4339 333 4392 Mwffi
354 4357 379 4392 u.
392 4339 446 4392 den
458 4337 561 4405 Ausgg.
574 4335 619 4389 ein
634 4336 638 4402 Ι
656 4335 693 4391 15
711 4333 833 4404 μωοέως
849 4339 874 4390 A
888 4337 893 4404 Ι
909 4336 947 4391 21
968 4330 1141 4406 δλεθρευτής
1152 4336 1179 4389 A
1196 4327 1373 4406 δλοθρευτής
1389 4337 1540 4409 MAusgg.l

240 4424 278 4479 22
298 4419 340 4492 εἰη
359 4417 384 4492 ἢ]
403 4416 485 4490 εἰμὴ
505 4421 536 4475 Κ.
551 4419 657 4487 hincho,
677 4413 740 4488 (ἂν)
755 4415 799 4490 εἰη
817 4413 835 4490 ἢ
853 4410 1544 4491 τετωοίε1011124<ό>1ῖὶμοίο1ιωίίθε1αυεΡ

239 4508 284 4563 ein
302 4508 307 4576 Ι
328 4506 441 4562 24-25
460 4523 506 4558 am
524 4505 604 4559 Rand
622 4523 676 4559 von
695 4506 714 4558 1.
731 4504 797 4558 oder
815 4505 893 4559 1111
913 4523 949 4575 οη
967 4507 990 4558 A
1006 4508 1009 4573 Ι
1025 4505 1064 4561 25
1086 4494 1148 4574 (όν)
1166 4503 1231 4574 fuge
1248 4504 1294 4558 ich
1311 4504 1363 4560 mih
1376 4505 1428 4561 den
1442 4509 1543 4578 Ausgg.

239 4591 284 4646 ein
303 4593 308 4660 Ι
331 4591 372 4646 20
394 4584 448 4645 ἔδει
465 4590 588 4644 schreibe
606 4589 651 4643 ich
668 4589 719 4643 mit
736 4589 783 4643 Bo.
802 4589 899 4658 (Notae
910 4607 938 4659 p.
949 4591 1023 4658 396),
1043 4592 1086 4645 δεῖ
1105 4591 1235 4658 AAusgg.
1255 4590 1258 4657 Ι
1278 4588 1370 4644 λιίαίετ
1392 4585 1420 4646 οί
1433 4597 1465 4656 -1-
1478 4586 1543 4658 οἰπο,

240 4675 310 4729 doeh
328 4673 496 4745 expungiork,
515 4677 540 4728 A
554 4677 559 4744 Ι
574 4679 623 4744 τῆς
640 4673 775 4742 MAusgg.
794 4681 855 4738 τοῖς
871 4675 903 4728 A.

292 4757 408 4814 origenes
422 4759 452 4805 11.
1316 4759 1334 4814 8
