3790 5526
334 483 374 546 98
881 481 1104 538 ΩΡίΡΚΝΟΥΣ

334 645 481 722 τιανοὶ,
508 647 564 710 καὶ
596 647 658 710 νῦν
690 644 772 711 δὲ”
757 670 807 712 ετι
838 638 953 735 ἀπατᾷ
985 673 1081 727 τινας
1108 639 1404 731 ἀποτρεπομένους
1431 640 1484 713 διὰ
1509 642 1552 713 τὰ
1574 670 1644 712 τοι-

334 744 420 810 αῦτα
455 732 519 808 κᾶν
548 742 593 822 είς
625 746 809 812 κοινωνίαν
838 715 1071 831 ἁπλουστέραν
1101 739 1215 832 λόγων
1244 735 1337 831 ἥκειν
1366 739 1452 828 πρὸς
1481 747 1642 828 Χριστι-

335 836 464 920 ανούς.

416 959 562 1026 XXVIII.
588 952 751 1026 Τοιοῦτόν
774 985 808 1026 τι
830 955 871 1046 δή
892 985 949 1045 μοι
972 966 1127 1044 φαίνεται
1150 953 1168 1029 ό
1189 964 1315 1038 Κέλσος
1337 961 1532 1044 οἰκονομῶν
1554 961 1642 1028 ἐκτε-

298 1064 479 1138 5θεῑσθαι,
509 1052 557 1136 οῦς
584 1050 649 1142 ἄρα
676 1061 912 1142 Χριστιανοὶ
940 1062 1098 1145 λέγουσι
1130 1061 1410 1146 κατηραμένον
1441 1055 1541 1126 θεὸν
1569 1054 1642 1127 τὸν

333 1153 590 1243 δημιουργὸν,
623 1149 664 1223 I'v'
697 1149 716 1225 6
746 1154 917 1226 πιστεύων
948 1153 1043 1245 αύτῷ
1075 1162 1182 1226 ταῦτα
1209 1153 1289 1226 καθ’
1321 1151 1418 1244 ἡμων
1449 1161 1583 1244 λέγοντι
1613 1161 1643 1226 εί

333 1252 480 1325 δυνατὸν
506 1259 561 1323 καὶ
588 1259 643 1324 ἐπὶ
665 1252 706 1324 τὸ
729 1258 835 1344 αἱρεῖν
861 1249 1003 1343 ὁρμήσαι
1026 1255 1297 1342 Χριστιανούς
1324 1253 1372 1337 οῦς
1397 1251 1543 1326 πάντων
1570 1250 1642 1326 οἶσε-

330 1353 522 1438 βεοτύτους.
565 1351 686 1442 φύρων
717 1359 752 1423 δὲ
783 1351 826 1424 τὰ
857 1351 1036 1443 πράγματα
1062 1360 1117 1423 καὶ
1144 1352 1208 1442 τὴν
1234 1359 1346 1426 αἰτίαν
1374 1359 1549 1424 ἐκτίθεται
1579 1361 1643 1424 τοῦ

332 1456 611 1542 κατηραμένον
638 1457 827 1540 λέγεσθαι
853 1451 924 1523 τὸν
951 1459 1021 1542 τῆς
1048 1452 1148 1524 κατὰ
1176 1459 1346 1524 Μωῦσέα
1373 1456 1641 1540 κοσμοποιῖας

280 1561 314 1616 10
332 1549 430 1622 θεὸν
459 1549 602 1638 φάσκων
630 1547 685 1623 ότι
712 1547 903 1633 τοιοῦτός
929 1555 1038 1622 ἐστιν
1064 1559 1128 1623 καὶ
1155 1549 1251 1643 ἇρᾶς
1282 1549 1391 1638 ἄξιος
1419 1555 1520 1623 κατὰ
1547 1551 1641 1634 τοῦς

332 1656 457 1720 ταῦτα
493 1656 581 1737 περὶ
618 1647 742 1721 αύτοῦ
771 1651 1028 1736 δοξάζοντας,
1066 1656 1227 1739 ἐπείπερ
1264 1658 1319 1741 τῷ
1351 1647 1454 1739 ὄφει,
1492 1657 1641 1740 γνῶσιν

330 1755 454 1822 καλοῦ
489 1756 554 1820 καὶ
589 1756 715 1820 κακοῦ
751 1769 836 1833 τοῖς
872 1751 1051 1839 πρώτοις
1086 1748 1325 1840 ἀνθρώποις
1356 1757 1640 1840 είσηγουμένω,

330 1848 595 1937 κατηράσατο

413 1950 535 2018 εἰδέναι
551 1943 580 2018 δ’
596 1944 703 2018 αύτὸν
724 1951 825 2037 ἐχρῆν
848 1941 903 2019 ὅτι
923 1951 953 2019 σί
977 1948 1019 2020 ui
1043 1957 1106 2021 τοῦ
1129 1945 1261 2037 ὄφεως
1283 1947 1437 2040 ἑλόμενοι
1459 1947 1507 2032 ως
1526 1954 1640 2030 καλῶς

279 2067 311 2120 15
330 2066 419 2129 τοῖς
447 2047 628 2133 προύτοις
658 2045 895 2136 ἀνθρώποις
926 2047 1235 2137 συμβουλεύσαντος
1264 2056 1319 2120 καὶ
1352 2056 1518 2131 Τιτᾶνας
1544 2057 1548 2134 1
1575 2055 1638 2118 καὶ
1657 2057 1711 2112 652

331 2155 531 2235 Γίγαντας
557 2147 637 2230 τούς
665 2147 831 2237 μυθικοὺς
858 2145 1105 2236 ὑπερβαλόντες
1131 2157 1186 2219 καὶ
1208 2145 1358 2236 Ὀφιανοὶ
1381 2148 1433 2220 διὰ
1456 2155 1560 2219 τοῦτο
1583 2177 1640 2218 κα-

330 2245 489 2334 λούμενοι
511 2253 682 2318 τοσοῦτον
704 2242 884 2318 ἀποδέουσι
908 2255 970 2318 τοῦ
991 2249 1075 2319 εἶναι
1091 2255 1345 2337 Χριστιανοὶ,
1369 2243 1451 2319 ὥστ’
1471 2244 1532 2318 οῦκ
1548 2251 1640 2316 έλατ-

332 2372 395 2415 τον
420 2351 549 2415 Κέλσου
570 2364 772 2434 κατηγορεῖν
794 2343 917 2428 αύτούς
940 2352 1002 2417 τοῦ
1024 2343 1130 2434 Ἰησοῦ
1152 2354 1206 2418 καὶ
1229 2346 1274 2436 μὴ
1296 2345 1467 2437 πρότερον
1488 2355 1638 2434 προσίεσ

329 2452 390 2514 θαί
419 2473 497 2514 τινα
523 2449 576 2514 ἐπὶ
605 2443 646 2515 τὸ
674 2450 848 2531 συνέδριον
874 2447 1016 2528 έαυτοῦν,
1043 2445 1103 2516 ἑόν
1129 2447 1175 2536 μὴ
1201 2444 1298 2536 ύρὰς
1325 2453 1431 2535 θῆται
1460 2446 1547 2518 κατὰ
1574 2453 1638 2518 τοῦ

277 2560 311 2615 20
329 2539 442 2630 Ἰησοῦ.
472 2537 535 2632 ὅρα
557 2550 643 2629 γοῦν
663 2549 739 2625 πῶς
760 2541 986 2632 ἀλογώτατον
1007 2553 1191 2634 πεποίηκεν
1213 2542 1231 2618 ὁ
1256 2553 1383 2629 Κέλσος
1404 2552 1442 2618 ἐν
1462 2566 1535 2630 τοῖς
1550 2546 1637 2617 κατὰ

328 2647 585 2728 Χριστιανων
607 2639 718 2730 λόγοις
739 2644 946 2730 παραλαβὼν
968 2674 1015 2724 ως
1031 2645 1300 2732 Χριστιανούς
1316 2645 1396 2728 τούς
1411 2642 1522 2734 μηδΗ
1501 2644 1637 2716 ακούειν

330 2745 498 2822 θέλοντας
521 2739 561 2811 τό
585 2738 692 2830 ὄνομα
715 2749 779 2813 τοῦ
801 2740 916 2870 Ἰησοῦ,
939 2737 1003 2811 κόν
1027 2736 1081 2813 ότι
1102 2741 1209 2830 σοφός
1232 2775 1283 2827 τις
1305 2739 1325 2834 ἢ
1346 2751 1482 2834 μέτριος
1504 2745 1548 2815 τὰ
1565 2741 1635 2834 ἤθη

327 2834 347 2927 ἢ
363 2834 574 2961 ἄνθρωπός.
581 2869 698 2929 τιςην.
736 2849 775 2913 τί
797 2843 861 2911 οῦν
883 2845 933 2930 είη
955 2835 1002 2911 οἶν
1024 2839 1296 2964 ἧλιθιοόητερον
1317 2838 1337 2934 ἢ
1359 2843 1636 2933 μανικώτερον

329 2935 371 3008 ού
391 2935 499 3027 μόνον
522 2968 596 3010 των
618 2937 686 3012 ἀπὸ
715 2947 778 3011 τοῦ
805 2935 934 3028 ὄφεως
961 2971 1009 3024 ως
1030 2938 1179 3031 ἀρχηγοῦ
1203 2973 1276 3014 των
1297 2950 1416 3016 καλων
1436 2951 1636 3032 χρηματίσαι

275 3054 308 3109 25
327 3044 572 3126 βουληθέντων
593 3034 678 3110 ἀλλὰ
700 3049 756 3111 καὶ
779 3045 918 3124 Κέλσου,
942 3069 1005 3128 νομ
1007 3049 1144 3124 ίοαντος
1165 3044 1252 3114 κατὰ
1271 3049 1530 3132 Χριστιανῶν
1552 3045 1637 3114 εἶναι

325 3145 529 3225 κατηγορίας
556 3138 616 3221 τὰς
642 3138 728 3211 κατὰ
750 3144 824 3210 τιῦν
845 3136 1027 3226 Ὀφιανων;
1047 3142 1150 3212 πάλαι
1173 3171 1234 3231 μεν
1254 3135 1318 3215 οὖν
1340 3140 1359 3215 6
1382 3143 1446 3233 τὴν
1468 3139 1637 3214 εὐτέλειαν

242 3253 309 3306 1481
327 3231 371 3322 Ι’
351 3259 523 3358 αγαπηοας
542 3235 743 3359 φιλόσοφος
771 3235 942 3328 Ελλήνων
968 3247 1024 3310 καὶ
1058 3239 1265 3361 παράδειγμα
1294 3247 1405 3325 ἐκθεὶς
1441 3240 1636 3332 εύδαίμονος

324 3341 408 3418 βίου,
435 3334 482 3418 ως
509 3333 550 3407 ού
576 3333 790 3424 κωλυόμενος
817 3334 1069 3427 εύδαιμονεῑν’
1049 3340 1118 3412 απδ
1146 3347 1206 3430 τῆς
1232 3350 1425 3426 παντελοῦς
1451 3339 1634 3432 ἇκτημοσύ-

325 3463 394 3524 νης,
418 3435 600 3507 Κυνικόν
589 3435 713 3506 εαυτόν
734 3433 969 3526 διηγόρευσεν·
996 3429 1094 3510 οῦτοι
1117 3445 1152 3510 δὲ
1174 3436 1248 3510 οί’
1228 3439 1359 3513 ανὸσιοι
1375 3439 1442 3513 ἀπὸ
1458 3471 1523 3513 του
1507 3448 1636 3513 ’πο-λε

272 3545 307 3601 30
323 3562 502 3622 μιωτατου
532 3531 731 3624 ἀνθρώποις
762 3531 897 3623 ὄφεως
926 3545 981 3606 καὶ
1013 3537 1247 3626 φρικτοτότου
1277 3572 1325 3623 ως
1353 3538 1414 3612 ούκ
1445 3537 1635 3630 ἄνθρωποι,

325 3661 376 3703 ων
406 3631 527 3722 ἐχθρός
558 3630 702 3706 ἔστιν
683 3664 786 3722 οφις,
819 3632 894 3707 ἀλλ’
921 3667 968 3718 ως
996 3632 1111 3724 όφεις
1141 3638 1364 3728 σεμνύνονται
1390 3645 1443 3712 ἐπὶ
1471 3649 1522 3731 τῷ
1549 3638 1634 3728 Ὀφι

409 3803 445 3859 11
468 3803 528 3872 vgl.
542 3805 609 3858 Gen.
622 3805 646 3871 2,
662 3806 702 3859 17.
731 3806 897 3871 3,-5.14.
916 3805 952 3863 16
972 3807 1033 3876 Vgl.
1048 3807 1184 3862 untenV
1171 3809 1238 3872 42,
1258 3809 1344 3864 s.111
1363 3810 1496 3866 620.
1514 3811 1552 3866 18
1572 3811 1635 3880 vgl.

322 3886 614 3952 Ρεεοδο-Τεεὶοίίὶοο,
639 3888 710 3943 Adv.
733 3905 806 3944 omn.
829 3891 902 3944 haer.
927 3891 990 3961 Cap.
1015 3893 1047 3946 ΙΙ.
1081 3891 1225 3963 Epiphan.‚
1248 3894 1377 3949 Panar.I
1399 3898 1440 3960 37,
1459 3897 1483 3950 2.
1502 3898 1525 3950 7.
1544 3925 1576 3936 -
1595 3895 1635 3950 28

324 3970 386 4040 vgl.
407 3977 491 4026 unten
510 3972 547 4024 VI
566 3974 607 4035 29,
626 3971 651 4026 S.
670 3975 703 4028 99
720 3973 746 4026 Ζ.
765 3975 895 4030 6.-31
916 3975 978 4044 vgl.
997 3977 1064 4030 Gen.
1082 3978 1107 4041 3,
1126 3979 1166 4031 15.

408 4123 423 4176 l
444 4117 708 4194 ἀποτρεπομένους]
727 4123 980 4181 καταπεσεῖσθαι
999 4130 1090 4180 ersten
1109 4145 1125 4180 ο
1145 4131 1169 4181 A
1185 4129 1221 4196 14
1239 4125 1423 4185 έκτεθεῖσθαι
1442 4129 1572 4200 ΔΗδ.8φ.
1593 4125 1635 4184 ἐκ·

321 4206 454 4260 τίθεσθαι
472 4206 558 4262 PDel.
578 4210 582 4277 Ι
602 4209 616 4263 7
639 4205 732 4277 αὶρεῖν
750 4213 774 4262 Δ
793 4203 922 4279 ἀναιρεῖν
939 4212 981 4266 M²
1003 4229 1029 4265 u.
1048 4211 1100 4265 Ηδ.
1117 4229 1162 4265 am
1181 4214 1269 4280 Rand,
1288 4214 1396 4284 Sp.Del.
1416 4214 1454 4267 im
1472 4213 1541 4267 Text
1560 4219 1564 4278 Ι
1586 4207 1636 4284 ὁρ·

319 4285 408 4358 μὴοαι
426 4292 474 4345 Βο.
493 4291 591 4360 (Notae
608 4311 634 4363 p.
652 4294 712 4360 395)
731 4293 790 4348 Del.
810 4285 933 4365 ὁρμήσει
952 4295 1082 4364 ΑΗ5.8ρ.
1098 4297 1102 4363 Ι
1120 4295 1159 4350 10
1178 4287 1230 4351 όέἳ
1245 4299 1450 4367 naehgeIragen
1468 4297 1579 4367 6¹115
1597 4317 1634 4353 τι·

320 4379 410 4438 τιῖνας
426 4379 451 4428 A
472 4371 593 4441 Τιτοίνας
614 4377 765 4446 VAusgg.!
782 4379 980 4477 16‘61610610,
1003 4383 1095 4450 ερίὶίετ
1112 4381 1166 4434 mit
1184 4381 1271 4436 heller
1290 4381 1370 4436 Tinte
1388 4382 1432 4436 ein
1451 4383 1548 4436 Gravis
1566 4382 1635 4436 fiber

320 4477 338 4512 α
357 4459 498 4528 hmzuge
490 4463 548 4529 ug
567 4464 592 4514 A
611 4463 615 4530 Ι
635 4453 710 4516 17(
693 4454 762 4517 ὥστ’
778 4454 839 4516 A‘
821 4454 896 4518 ωὀτε
914 4467 1015 4533 Ausgg.
1035 4465 1097 4532 121
1118 4459 1301 4537 παραλαβών
1319 4466 1364 4520 Jol
1375 4467 1432 4520 Del
1454 4461 1634 4539 παραβαλὼν

318 4543 449 4681 ΑΗΚὲρ.
465 4540 559 4612 {w
542 4567 559 4614 η
577 4547 636 4614 (τοι
653 4539 819 4618 ἄνθρωπός)
838 4546 902 4616 tilgt
919 4549 966 4602 Bo.
979 4549 1115 4618 (Notaep.
1129 4550 1307 4618 395)<De1.
1323 4552 1382 4619 181
1404 4547 1633 4623 ὄφειςΜΑοεςς.

319 4621 386 4696 ὄφις
