3758 5564
349 492 410 555 394
887 485 1112 544 ΩΡΙΓΕΝΟΥΣ

349 653 449 736 ροῦ.“
477 647 672 738 ἐρῥόοατο
695 643 714 720 ό
736 647 817 734 θεὸς
833 649 912 739 <τὸν
926 645 1012 740 Ἰῶβ)
1034 647 1107 738 οόχὶ
1129 654 1181 740 τῶ
1196 649 1241 740 μή
1258 653 1431 740 εἰληφέναι
1446 647 1526 738 (τόν
1540 646 1649 738 διόβο

348 755 426 837 λον)
448 753 603 835 ἐξουσίαν
624 754 738 820 τοῖσδέ
757 775 825 822 τισι
847 769 920 833 τοῖς
940 768 1174 840 πειρασμοῖς
1189 747 1296 822 αὐτόν
1309 757 1502 838 περιβαλεῖν
1522 754 1650 840 (εἴληφε

349 847 433 938 γὰρ),
460 845 546 920 ἄλλα
574 853 658 938 <τῴ>
685 853 742 934 ,ἐν
767 856 849 922 πᾶσι
875 869 948 934 τοῖς
974 845 1211 940 συμβεβηκόσιίί
1232 857 1336 941 μηδέν
1357 845 1521 938 ἁμαρτεῖν
1542 843 1677 938 αὐτόνΙ

348 947 497 1019 ένῶπιον
517 953 603 1034 ,τοῦ
624 957 762 1036 κυρίουί(
783 946 869 1022 όλλίι
896 947 1112 1040 ἀναφανῆναι
1137 955 1280 1021 δίκαιον·
1307 955 1371 1021 τοῦ
1392 945 1562 1032 εἰπόντος·
1584 947 1649 1037 ,μή

313 1046 480 1138 ἐδωρεὰν
509 1054 639 1132 σέβεται
662 1045 737 1133 Ἰῶβ
761 1048 824 1121 τὸν
849 1048 982 1140 κόριον;
1008 1047 1049 1121 οό
1074 1050 1114 1120 οὐ
1139 1052 1365 1138 περιέφραξας
1390 1047 1433 1120 τὰ
1456 1053 1520 1134 ἔξω
1543 1044 1649 1121 αὐτοῦ

347 1146 467 1219 καὶτὰ
490 1149 556 1218 έσω
577 1155 638 1238 τῆς
660 1152 766 1233 οἰκίας
788 1146 895 1220 αὐτοῦ
916 1156 971 1221 καὶ
997 1149 1041 1222 τὰ
1067 1152 1132 1234 ἔξω
1154 1146 1299 1221 πάντων
1320 1152 1395 1218 τῶν
1416 1144 1532 1220 όντων
1553 1143 1649 1236 αότῶ

346 1245 476 1336 κύκλῳ,
504 1245 563 1338 (τὰ
590 1251 684 1336 δὲ)”
648 1275 752 1368 εργα
777 1246 885 1322 αὐτοῦ
913 1245 1094 1339 εόλόγησας
1119 1254 1173 1320 καί
1200 1246 1242 1318 τὰ
1269 1244 1378 1337 κτήνη
1406 1242 1513 1318 αὐτοῦ
1535 1244 1650 1318 πολλα

348 1351 504 1436 ἐποίησας
536 1351 591 1418 ἐπὶ
622 1353 683 1437 τῆς
712 1354 786 1438 γῆς
819 1345 906 1420 ἀλλὰ
937 1343 1142 1420 ἀπόστειλον
1172 1348 1237 1436 τήν
1266 1343 1358 1434 χεῖρά
1392 1369 1453 1416 σου
1482 1353 1538 1417 καί
1566 1368 1651 1434 αψαι

346 1441 491 1518 πάντων
513 1437 564 1518 ῶν
586 1451 663 1536 ἔχει,
685 1439 706 1536 ή
728 1475 795 1537 μην
810 1453 856 1530 εἰς
870 1444 1058 1536 πρόσωπόν
1076 1472 1113 1520 σε
1126 1443 1318 1538 εόλογήσει“
1332 1451 1649 1534 καταισχυνθέντος,

298 1557 331 1613 10
348 1542 395 1626 ῶς
420 1553 477 1616 καὶ
504 1543 585 1618 τότε
611 1553 911 1637 καταψευσαμένου
935 1545 1022 1619 κατὰ
1048 1554 1111 1620 τοῦ
1131 1543 1216 1634 Ἰῶβ
1239 1541 1332 1628 ὅστις
1353 1551 1503 1618 τοσαῦτα
1523 1545 1651 1616 παθῶν

348 1641 420 1732 οόχ,
448 1642 496 1728 ῶς
522 1641 680 1737 ἔλεγεν“
661 1676 680 1718 ο
711 1642 956 1736 ἀντικείμενος,
981 1649 1049 1730 ,,εἰς
1075 1643 1283 1736 πρόσωπον“
1314 1642 1446 1735 εόλογεῖ
1475 1642 1651 1716 τὸνθεόν

347 1741 434 1816 ἀλλὰ
464 1753 520 1817 καί
550 1753 757 1835 παραδοθεὶς
783 1751 836 1835 τῶ
862 1743 1057 1834 πειρόζοντι
1083 1751 1229 1836 ἐπιμένει
1255 1741 1406 1834 εὐλογῶν
1433 1742 1496 1816 τὸν
1521 1742 1649 1832 κόριον,

347 1847 513 1932 ἐπιτιμῶν
535 1852 578 1934 τῇ
600 1852 729 1933 γυναικὶ
751 1843 903 1934 λεγούσῃ·
926 1841 1044 1929 ,εἰπόν
1059 1875 1093 1916 τι
1113 1847 1201 1935 ῥῆμα
1214 1842 1301 1934 πρὸς
1314 1843 1442 1934 κόριον,
1462 1852 1520 1916 καὶ
1540 1841 1651 1915 τελεό-

348 1953 412 2014 τα“
442 1951 496 2014 καὶ
516 1953 521 2032 Ι
544 1943 764 2035 ἐπιπλήσσων
793 1949 830 2016 ἐν
860 1953 911 2036 τῷ
943 1942 1096 2032 φάσκειν·
1128 1939 1265 2034 ,ῶσπερ
1292 1953 1351 2032 μία
1381 1951 1454 2017 τῶν
1485 1939 1650 2032 ἀφρόνων
1670 1957 1722 2012 266

298 2055 330 2110 15
348 2052 518 2132 γυναικῶν
550 2042 726 2133 ἐλόλησας·
758 2049 787 2116 εἰ
811 2043 859 2116 ’τὰ
889 2039 1002 2133 ἀγαθὰ
1033 2041 1216 2134 ἐδεξάμεθα
1246 2047 1283 2114 ἐκ
1312 2042 1422 2133 χειρὸς
1442 2052 1574 2132 κυρίου,
1606 2041 1649 2114 τὰ

347 2141 434 2213 κακὰ
465 2139 526 2231 οόχ
555 2139 773 2233 όποίσομεν,·“
801 2151 856 2216 καί
886 2141 1045 2233 δεύτερον
1076 2151 1111 2216 δέ
1140 2152 1217 2232 περὶ
1248 2151 1311 2214 τοῦ
1335 2140 1440 2232 Ἰῶβ,
1442 2138 1649 2228 ,όδιόβολος

348 2241 420 2312 εἰπε
451 2247 502 2331 τῶ
537 2249 655 2332 κυρίῳ·
686 2249 788 2333 δέρμα
817 2239 901 2330 όπέρ
930 2247 1106 2332 δέρματος,
1139 2237 1202 2314 όσα
1223 2238 1368 2366 υμιίρχει
1393 2249 1446 2332 τῷ
1468 2239 1648 2332 ανθρῶπῳ

346 2337 431 2430 όπέρ
463 2347 525 2431 τῆς
550 2349 657 2433 φυχῆς
683 2340 789 2416 αότοῦ
819 2347 950 2414 ἐκτίσει.
993 2338 1034 2413 οό
1038 2341 1130 2464 μήν
1161 2347 1197 2412 δε
1227 2339 1315 2414 ἀλλὰ
1348 2338 1554 2415 ἀπόστειλον
1585 2339 1649 2430 τήν

346 2437 439 2529 χεῖρά
469 2465 530 2512 σου
557 2449 611 2512 καί
643 2436 726 2529 όφαι
756 2450 830 2514 τῶν
859 2437 975 2514 όστῶν
1004 2437 1111 2512 αὐτοῦ
1140 2448 1195 2512 καὶ
1227 2449 1300 2513 τῶν
1321 2450 1458 2532 σαρκῶν
1481 2438 1596 2524 αὐτοῦ,
1614 2432 1646 2560 ,ἦ

296 2550 331 2607 20
348 2539 414 2629 μήν
453 2543 499 2623 εἰς
527 2537 715 2629 πρόσωπόν
753 2565 789 2613 σε
828 2537 1028 2631 ου’λογήσει.α
1069 2548 1284 2631 νενικημένος
1320 2539 1410 2612 δέ(
1388 2539 1456 2613 υπὸ
1490 2547 1553 2612 τοῦ
1588 2546 1649 2630 τῆς

348 2634 470 2729 ἇρετής
507 2635 664 2729 ἀθλητοῦ
701 2639 826 2730 ψευδὴς
865 2636 1122 2711 ἀποδείκνυται·
1160 2649 1274 2712 καίτοι
1310 2639 1373 2730 γὰρ
1412 2639 1454 2711 τὰ
1496 2640 1649 2729 χαλεπῶ-

347 2766 435 2810 τατα
475 2741 663 2822 πεπονθῶς
696 2743 861 2828 ἐπέμεινε,
900 2744 1005 2830 μηδὲν
1039 2735 1200 2829 όμαρτῶν
1234 2759 1329 2826 ,τοῖς
1366 2747 1529 2830 χείλεσιν·
1569 2740 1650 2812 ἐνῶ-

346 2865 427 2908 πιον
451 2844 537 2923 ,τοῦ
562 2845 676 2911 θεοῦ.“
721 2838 781 2912 δύο
809 2845 845 2910 δέ
865 2846 1081 2928 παλαίσματα
1104 2846 1269 2922 παλαίσας
1297 2835 1411 2924 δ’ἰῶβ
1436 2847 1492 2912 καὶ
1513 2837 1652 2929 νικήσας

347 2944 466 3025 τρίτον
495 2933 557 3009 οόκ
586 2934 786 3026 ἀγωνίζεται
811 2944 1015 3028 τηλικοῦτον
1044 2935 1174 3028 όγῶνα·
1204 2940 1270 3010 ἐδει
1296 2938 1359 3028 γὰρ
1385 2938 1450 3028 τήν
1475 2945 1650 3029 περὶτῶν

295 3046 328 3101 25
347 3043 454 3126 τριῶν
474 3033 589 3126 πάλην
609 3045 804 3128 τηρηθῆναι
826 3043 877 3128 τῷ
900 3044 1043 3128 σωτῆρι,
1064 3033 1140 3127 ἥτις
1162 3041 1199 3108 ἐν
1221 3055 1294 3121 τοῖς
1315 3045 1425 3126 τρισίν
1446 3035 1650 3128 εὐαγγελίοις

345 3131 604 3226 ἀναγέγραπται,
629 3137 671 3210 τὰ
694 3146 771 3227 τρία
794 3135 994 3227 νικήσαντος
1015 3143 1078 3210 τοῦ
1098 3136 1186 3209 κατὰ
1210 3135 1274 3208 τὸν
1289 3131 1479 3227 ἄνθρωπον
1494 3145 1650 3228 σωτῆρος

347 3232 444 3324 ἡμῶν
464 3242 651 3326 νοουμένου
672 3236 735 3309 τὸν
756 3235 890 3327 ἐχθρόν.

429 3345 457 3406 3.
493 3331 534 3405 ἵν’
565 3327 629 3408 οὖν
658 3343 819 3422 νοοῦντες
849 3343 997 3426 αἰτῶμεν
1028 3333 1090 3408 τόν
1120 3334 1204 3408 θεὸν
1235 3335 1276 3408 τὸ
1306 3334 1355 3425 μή
1386 3341 1548 3408 εἰσελθεῖν
1575 3341 1649 3422 ,εἰς

346 3433 583 3524 πειρασμὸνα
598 3443 653 3507 καὶ
674 3434 714 3508 τό
737 3438 937 3527 ῥυσθήναι
951 3433 1049 3522 ,ἀπὸ
1071 3441 1144 3508 τοῦ
1165 3443 1380 3526 πονηροῦ,“
1393 3439 1650 3526 ἐπιμελέστερον

432 3629 725 3699 113111101112.
754 3661 785 3670 -
813 3629 917 3700 ³ng
942 3629 1014 3685 Hiob
1033 3635 1056 3694 1,
1074 3631 1116 3686 22.
1134 3661 1167 3671 -
1190 3631 1210 3686 4
1233 3629 1306 3684 Hiob
1325 3633 1348 3693 1,
1365 3631 1458 3686 9-11.
1475 3661 1508 3670 -
1528 3630 1564 3686 11
1585 3629 1648 3700 Vgl.

345 3714 459 3780 Hiob1‚
478 3717 519 3770 11.
545 3745 579 3754 -
606 3715 644 3770 12
668 3715 731 3784 Vgl.
749 3715 821 3770 Hiob
841 3717 864 3782 1,
882 3717 922 3770 21.
949 3745 983 3755 —
1009 3713 1048 3770 1³
1069 3713 1143 3768 Hiob
1160 3715 1184 3779 2,
1202 3716 1227 3772 9.
1249 3745 1282 3755 -—
1306 3713 1345 3770 14
1367 3713 1479 3777 Hi0b2,
1499 3715 1538 3770 10.
1557 3745 1591 3756 -
1610 3716 1648 3773 10

345 3797 418 3854 Hiob
435 3799 464 3866 2,
482 3801 507 3854 4.
525 3801 549 3855 5.
575 3828 609 3838 -
635 3799 679 3855 22
701 3798 820 3866 Hiob2,
839 3802 880 3856 10.
907 3830 940 3839 -
966 3799 1006 3856 25
1034 3797 1259 3868 vg1.1iatth.4,
1278 3803 1369 3854 1-11.
1398 3799 1485 3854 Mark.
1506 3803 1528 3864 1,
1548 3801 1646 3856 1213.

345 3883 414 3938 Luk.
431 3887 456 3949 4,
474 3883 566 3938 1-13.
584 3913 617 3922 -
635 3883 675 3939 28
694 3883 757 3953 Vgl.
775 3883 872 3939 Matth.
890 3885 913 3947 6,
933 3885 973 3940 13.

431 4058 448 4114 l
470 4057 562 4112 hinber
579 4054 726 4130 ἐρρύσατο
745 4067 777 4124 ÷
794 4053 851 4131 γίιρ
870 4059 951 4128 Angl.
969 4057 1222 4128 (beiD01.1928=)
1243 4059 1315 4113 ohne
1338 4057 1433 4112 Grund
1456 4060 1461 4126 Ι
1485 4053 1553 4127 (τὸν
1570 4052 1645 4130 Ἰῶβ)

345 4142 429 4212 rugen
446 4141 505 4210 Ox„
522 4143 603 4212 Angl.
615 4143 650 4212 (ε
663 4160 687 4198 α
701 4141 742 4211 0.)
759 4161 785 4198 ο
799 4143 903 4198 Lomm.
915 4143 1016 4212 richtig
1033 4145 1077 4198 ein
1092 4148 1096 4212 Ι
1112 4139 1181 4216 (τὸν
1199 4139 1349 4215 διάβολον)
1368 4143 1433 4212 fugo
1444 4143 1490 4196 ich
1501 4143 1554 4197 mit
1565 4143 1646 4213 Angl.

345 4229 380 4296 (α.
392 4245 416 4282 ε.
429 4226 471 4298 Ο.)
488 4245 515 4283 u.
528 4229 632 4284 Lomm.
651 4227 704 4294 ein,
722 4227 759 4282 da
776 4231 851 4283 sonat
867 4229 916 4282 δεε
933 4227 1046 4297 subject
1062 4247 1096 4284 zu
1114 4227 1259 4300 εἰληφέναι
1278 4227 1371 4282 fohlen
1388 4227 1483 4280 wtirde
1497 4229 1501 4296 Ι
1516 4227 1534 4282 2
1550 4225 1647 4283 τοῖσδέ

344 4315 412 4380 τισι]
429 4310 555 4368 τοιοῖσδέ
572 4329 631 4368 τισι
648 4311 730 4382 Angl.
748 4315 784 4382 (ε
796 4331 821 4370 ει
833 4313 874 4382 Ο.)
890 4315 894 4381 Ι
908 4314 926 4368 2
945 4310 1016 4384 (τῷ)
1034 4317 1106 4370 εεετε
1124 4315 1170 4368 ioh
1187 4314 1240 4367 mit
1256 4312 1337 4382 Angl.
1356 4315 1390 4381 (ο,
1403 4329 1427 4368 ε
1439 4311 1481 4381 0.)
1497 4329 1524 4366 u.
1542 4312 1647 4366 Lomm.

344 4397 403 4464 ein,
425 4397 463 4452 δε,
484 4413 513 4452 οε
534 4397 612 4451 οἱοίιε
626 4399 679 4467 'gut
695 4413 744 4452 εοε
762 4398 788 4452 Z.
807 4401 821 4453 1
840 4400 954 4468 ergstnzt
977 4399 1084 4454 werden
1101 4399 1177 4453 kann
1201 4399 1206 4467 1
1234 4397 1249 4454 2
1279 4394 1330 4470 (τὰ
1349 4395 1391 4467 δέ)
1410 4399 1475 4469 fflge
1492 4399 1536 4452 ich
1555 4415 1603 4452 aun
1621 4397 1647 4452 d.

344 4481 417 4536 Lxx
434 4481 475 4536 εἰε
492 4481 651 4552 notwondig
668 4482 712 4537 ein
735 4485 740 4551 Ι
765 4483 802 4539 11
826 4477 942 4555 εὐλογεῖ
960 4483 1083 4540 εοίιτεὶοε
1104 4484 1149 4538 ioh
1171 4499 1268 4552 vogen
1291 4481 1338 4537 δεε
1355 4483 1503 4553 folgenden
1524 4477 1648 4549 έπιμένει

344 4567 381 4635 (Ζ.
397 4567 452 4635 12),
470 4559 582 4637 είλέγει
603 4567 732 4636 TAusgg.
756 4569 761 4636 1
785 4568 824 4624 12
851 4566 985 4638 ἐπιμένει]
1008 4563 1155 4638 ἐπέμεινεν
1172 4567 1253 4638 AngL
1271 4569 1342 4636 (αα
1356 4567 1396 4637 0.)
1421 4572 1425 4638 Ι
1451 4567 1489 4624 18
1516 4562 1599 4624 εἰπόν
1621 4583 1647 4622 τι

343 4651 447 4706 Lomm.
466 4642 548 4706 εἰπόν
565 4670 592 4707 τι
609 4653 738 4722 ΤΔοεςς.
753 4655 758 4720 Ι
774 4653 812 4710 15
830 4647 866 4708 τὰ
885 4653 984 4720 (οἱοίετ
1000 4655 1110 4726 κυρίου)
1128 4663 1162 4714 <
1179 4653 1239 4709 Del.
