3772 5526
379 497 419 558 66
924 487 1147 544 ΩΡΙΡΕΝΟΥΣ

378 646 742 739 Ἆρποκρατιανούς
773 644 849 720 άπὸ
872 649 1068 740 Σαλώμης
1096 657 1159 722 καὶ
1182 642 1328 731 ἄλλους
1351 643 1429 720 άπό
1451 645 1689 738 Μαριάμμης

378 757 445 821 καὶ
474 745 621 831 ἄλλους
649 744 727 820 άπὸ
758 745 944 838 Μάρθας·
972 745 1064 840 ἡμεῖς
1092 755 1127 822 δέ
1149 753 1182 822 οἱ
1204 748 1258 821 διά
1280 747 1345 838 τήν
1366 747 1453 820 κατά
1476 748 1518 820 τὸ
1540 747 1689 819 δυνατὸν

379 844 459 938 ήμτν
488 844 716 936 φιλομάθειαν
745 843 786 918 ού
813 844 902 937 μόνα
931 847 974 920 τά
1003 854 1040 921 έν
1069 855 1122 939 τῷ
1150 845 1243 939 λόγῳ
1265 857 1322 920 καὶ
1344 847 1405 931 τὰς
1427 845 1594 936 διαφοράς
1614 855 1689 920 τῶν

378 953 416 1021 έν
439 943 533 1038 αύτῷ
555 943 782 1033 ἐξετάσαντες,
805 943 878 1019 ἀλλ’
902 941 963 1037 όση
985 947 1123 1038 δύναμις
1144 955 1200 1019 καὶ
1222 946 1266 1019 τά
1287 955 1361 1020 τῶν
1381 943 1690 1036 φιλοσοφησάντων

344 1045 582 1138 σφιλαλήθως
611 1044 852 1136 ἐρευνήσαντες
882 1043 962 1118 ούδέ
989 1075 1074 1120 ποτε
1104 1045 1244 1130 τούτοις
1270 1042 1493 1136 οῦμιλήσαμεν.
1537 1042 1688 1136 έμνήσθη

379 1143 413 1218 δ’
436 1141 455 1218 ὁ
478 1153 607 1230 Κέλσος
627 1155 693 1218 καὶ
716 1154 1056 1234 Μαρκιωνιστοῦν,
1079 1151 1387 1236 προϊσταμένων
1407 1151 1636 1235 Μαρκέωνα.

461 1267 570 1356 LXIII.
606 1259 684 1334 Εἶθ’
706 1267 761 1334 ἵνα
791 1269 875 1351 δοκῇ
905 1269 960 1334 καὶ
990 1259 1135 1347 ἄλλους
1163 1267 1313 1334 εἰδέναι
1339 1258 1419 1351 παρ’
1442 1257 1503 1344 οῦς
1524 1257 1687 1350 όνόμασε,

380 1370 483 1453 φησὶν
506 1365 617 1452 ἑαυτῷ
639 1360 797 1452 συνήθως
820 1357 873 1434 ὅτι
900 1357 1018 1434 άλλοι
1043 1359 1168 1435 ἄλλον
1189 1358 1436 1434 διδάσκαλόν
1457 1367 1585 1431 τεκαὶ
1608 1366 1688 1430 δαέ-

379 1491 498 1552 μονα,
528 1469 662 1544 κακῶς
688 1463 936 1552 πλαζόμενοι
969 1468 1034 1532 καλ
1063 1460 1374 1550 καλινδούμενοι
1403 1460 1507 1532 κατὰ
1541 1456 1688 1531 σκότον

329 1579 363 1634 10
380 1561 510 1634 πολύν
531 1568 613 1632 τῶν
635 1557 815 1632 Ἀντίνου
836 1567 909 1633 τοῦ
928 1557 1014 1632 κατ’
1030 1565 1242 1650 Αἴγυπτον
1266 1571 1271 1646 Ι
1294 1565 1516 1632 θιασωττῦν
1537 1555 1689 1648 άνομά·
1705 1575 1757 1632 627

381 1659 501 1750 τερόν
522 1688 566 1732 τε
586 1667 651 1730 καὶ
671 1659 934 1750 μιαρώτερον.
976 1667 1032 1731 καὶ
1055 1667 1149 1732 δοκεῖ
1166 1689 1224 1750 μοι
1246 1660 1470 1750 ἐπαφώμενος
1491 1665 1567 1731 τῶν
1585 1685 1689 1748 πραγ-

380 1757 501 1850 μάτων
522 1756 647 1848 άληθές
662 1788 696 1830 τι
711 1763 886 1850 εἰρηκέναι,
902 1752 957 1832 ότι
972 1765 1062 1842 τινες
1084 1755 1200 1830 άλλοι
1221 1755 1348 1831 άλλον
1370 1765 1538 1849 δαίμονα
1559 1763 1689 1840 κακῶς

380 1853 627 1948 πλαζόμενοι
664 1866 728 1933 καὶ
765 1856 1073 1948 καλινδούμενοι
1108 1853 1280 1948 εὕραντο
1319 1855 1556 1948 προστάτην
1589 1859 1690 1928 κατὰ

271 1973 276 1982 “
380 1958 511 2031 πολύν
533 1957 596 2030 τόν
617 1964 679 2050 τῆς
700 1955 837 2049 άγνολας
858 1957 1018 2031 σκότον.
1059 1965 1136 2047 περὶ
1162 1963 1197 2028 δὲ
1227 1963 1312 2029 τῶν
1341 1957 1443 2030 κατὰ
1468 1959 1542 2030 τὸν
1567 1953 1690 2028 Ἀντί-

330 2082 363 2136 15
381 2087 490 2144 νοον,
512 2057 815 2149 παραβαλλόμενον
837 2054 935 2150 ήμῶν
957 2063 1009 2148 τῷ
1030 2051 1151 2148 Ἰησοῦ,
1173 2061 1211 2130 έν
1233 2076 1305 2142 τοῖς
1327 2059 1395 2146 πρὸ
1418 2055 1556 2129 τούτων
1577 2057 1690 2130 εἰπόν·

382 2187 437 2243 τες
459 2155 500 2230 ού
520 2156 820 2248 παλιλλογήσομεν.

462 2263 527 2328 καὶ
562 2263 841 2348 βλασφημοῦσι
875 2261 931 2342 δέ,
963 2262 1079 2344 φησὶν,
1117 2261 1172 2340 εἰς
1204 2251 1403 2347 ἀλλήλους
1436 2245 1555 2327 οῦτοι
1589 2252 1862 2338 πάν-Ρ1.88,31

382 2362 492 2428 δεινα
522 2356 622 2446 ῥητά
652 2364 718 2427 καὶ
749 2351 915 2445 άῤῥητα·
943 2363 1008 2426 καὶ
1036 2351 1107 2426 οῦκ
1133 2349 1180 2425 lv
1207 2361 1356 2442 ελξαιεν
1377 2353 1470 2428 ούδὲ
1491 2350 1582 2427 καθ’
1605 2351 1689 2428 ότι-

383 2462 456 2529 οῦν
492 2461 549 2539 εἰς
584 2449 795 2543 ὁμόνοιαν,
830 2451 965 2543 πάντη
1000 2450 1200 2544 ἀλλήλους
1236 2450 1577 2544 άποστυγοῦντες.
1634 2464 1690 2526 καὶ

330 2577 364 2632 20
382 2555 469 2644 πρὸς
500 2559 610 2626 ταῦτα
646 2549 678 2624 δ’
702 2549 781 2644 ήμτν
812 2557 943 2646 εἴρηται
974 2546 1029 2627 ότι
1054 2561 1110 2627 καὶ
1132 2559 1169 2626 έν
1192 2563 1377 2647 φιλοσοφίᾳ
1400 2557 1492 2626 ἔστιν
1516 2552 1624 2644 εῦρελν
1646 2559 1690 2626 αἱ·

382 2661 486 2742 ρέσεις
517 2656 656 2742 αἱρέσεσι
683 2651 894 2744 πολεμούσας
922 2661 979 2725 καὶ
1000 2657 1037 2724 έν
1057 2655 1200 2742 ἰατρική.
1242 2657 1275 2726 οἱ
1297 2660 1414 2742 μέντοι
1436 2655 1604 2745 τῷλόγῳ
1626 2661 1690 2726 τοῦ

380 2749 483 2843 Ἰησοῦ
499 2747 774 2835 ἀκολουθοῦντες
788 2761 844 2825 καὶ
858 2753 1118 2844 μεμελετηκότες
1130 2749 1238 2826 αύτοῦ
1251 2753 1331 2837 τούς
1346 2751 1468 2842 λόγους
1482 2772 1622 2844 φρονεῖν
1635 2760 1690 2824 καὶ

381 2858 490 2942 λέγειν
517 2857 572 2922 καὶ
595 2869 706 2924 ποιεῖν
727 2853 1004 2942 ,λοιδορούμενοι
1025 2849 1238 2943 εὐλογοῦμεν,
1266 2850 1468 2941 διωκόμενοι
1489 2849 1689 2944 ἀνεχόμεθα,

298 2966 365 3022 137ν
383 2950 654 3041 δυσφημούμενοι
673 2960 973 3042 παρακαλοῦμεν·“
992 2962 997 3040 Ι
1016 2960 1072 3024 καὶ
1094 2951 1156 3024 ούκ
1178 2947 1221 3024 lv
1246 2951 1349 3043 ῥητά
1373 2958 1438 3022 καὶ
1464 2948 1616 3044 άρὁτα
1638 2960 1690 3026 λέ-

331 3066 365 3120 25
383 3079 498 3142 γοιμεν
520 3050 601 3132 τοῦς
623 3045 708 3122 άλλα
731 3048 937 3138 δοξάζοντας
957 3047 1074 3141 παρ’όῖ
1096 3049 1340 3141 ύπειλήφαμεν·
1363 3047 1447 3136 ἀλλ’,
1470 3055 1498 3122 εἰ
1514 3057 1575 3142 μὲν
1593 3051 1691 3126 δυνά-

382 3162 484 3241 μεθα,
520 3147 635 3222 πάντα
664 3144 706 3222 άν
732 3148 945 3242 πράττοιμεν
973 3149 1058 3242 ῦπὲρ
1088 3157 1151 3224 τοῦ
1180 3147 1304 3235 αύτούς
1331 3156 1536 3240 μεταστῆσαι
1564 3157 1619 3222 ἐπὶ
1649 3151 1691 3224 τὸ

468 3357 483 3409 1
506 3353 568 3423 Vgl.
587 3358 619 3410 A.
638 3353 806 3424 Hilgenfeld,
826 3354 878 3410 Die
901 3355 1090 3426 Kelzergesch.
1109 3356 1156 3410 des
1173 3354 1305 3410 Umbrisl„
1323 3353 1350 3408 S.
1368 3355 1512 3410 397-408
1528 3355 1580 3410 548
1597 3353 1690 3408 11.Νο-

383 3457 449 3494 vum
470 3442 532 3494 lest.
554 3443 633 3494 extra
655 3456 714 3494 σου,
736 3456 789 3496 roo.
811 3439 877 3494 fasc.
900 3439 938 3493 IV
960 3456 987 3510 p.
1010 3442 1052 3505 45,
1070 3441 1174 3509 26sqq.
1201 3470 1234 3480 -
1260 3439 1324 3510 Vgl.
1342 3437 1486 3509 Hippolyl,
1503 3437 1605 3494 Philon.
1623 3439 1648 3492 V
1667 3441 1691 3493 7.

384 3523 409 3578 X
426 3525 450 3579 9.
477 3553 510 3563 —
535 3523 553 3580 δ
578 3523 641 3592 Vgl.
659 3527 692 3578 A.
710 3523 884 3593 Hilgenfeld,
902 3523 954 3578 Die
971 3523 1161 3594 Ketzergesch.
1179 3525 1226 3580 des
1242 3524 1375 3579 Urohriel.
1394 3525 1419 3578 S.
1438 3523 1632 3578 316—341.-
1652 3523 1691 3580 15

384 3607 447 3678 Vgl.
466 3606 537 3661 oben
555 3607 594 3660 111
613 3607 723 3664 36-38.
741 3638 775 3647 -
793 3608 834 3664 2⁰
851 3607 915 3678 Vgl.
933 3607 1005 3664 oben
1022 3609 1062 3662 III
1079 3609 1142 3665 12f.
1160 3609 1185 3662 V
1203 3611 1244 3665 61.
1263 3640 1297 3649 -
1315 3609 1355 3666 28
1373 3609 1385 3662 l
1403 3608 1467 3663 Kor.
1484 3609 1510 3672 4,
1528 3608 1569 3662 12.
1588 3609 1629 3662 13.

470 3799 484 3855 l
501 3792 774 3872 Ἂριιοκρατιανούς]
793 3793 1073 3870 Καρποκρατισνοῦς
1091 3803 1227 3856 vermutel
1243 3801 1288 3872 Sp.
1301 3801 1440 3868 (Annotat,
1452 3815 1479 3869 p.
1492 3799 1548 3867 71);
1567 3799 1692 3870 dagegen

384 3881 533 3952 verleidigl
557 3884 589 3938 R.
607 3885 639 3938 l„
657 3883 764 3956 Lipsius
792 3884 855 3954 (Die
877 3883 993 3951 Quellen
1015 3885 1063 3939 der
1085 3885 1175 3940 albech
1197 3885 1387 3955 Kelzergesch.
1410 3884 1478 3939 1875
1500 3883 1526 3938 S.
1544 3885 1578 3939 86
1600 3883 1692 3952 Αοω.)

384 3968 437 4023 mit
461 3967 548 4022 θεοῦ]
572 3968 618 4024 die
644 3969 818 4025 llberlieserle
841 3967 938 4024 heaut
962 3969 967 4040 Ι
989 3964 1159 4041 μαριόμμης
1182 3970 1207 4023 Α
1227 3965 1393 4043 μαριάμνης
1413 3968 1620 4038 M⁰⁰“·Ausgg.
1643 3969 1649 4037 Ι
1673 3967 1691 4024 ὅ

385 4047 598 4123 ἐρευνήσαντες]
616 4072 634 4108 υ
650 4054 822 4124 llbergesehr.
840 4057 878 4108 Αἱ
893 4055 897 4122 Ι
914 4053 952 4109 13
970 4043 1094 4124 εῦραντο
1112 4057 1137 4108 A
1154 4045 1277 4125 εύροντο
1296 4054 1525 4123 M⁰⁰¹²Ausgg.l
1547 4051 1585 4108 14
1601 4043 1694 4107 πολύν

384 4141 488 4208 Ausgg.
506 4129 588 4202 πολὺ,
607 4137 734 4194 dahinter
751 4138 843 4194 kleine
860 4138 956 4202 Rasur,
973 4139 1017 4206 ΑΙ
1041 4137 1078 4192 16
1099 4133 1352 4208 παλλιλογήσομεν
1368 4142 1393 4193 A
1412 4141 1417 4207 Ι
1438 4139 1474 4194 17
1499 4140 1548 4193 καὶ
1565 4139 1692 4210 βλασφη

384 4227 473 4291 μοῦσι
490 4222 533 4276 bis
550 4221 576 4277 S.
594 4224 627 4279 67
645 4223 672 4278 Ζ.
691 4225 706 4278 7
722 4226 946 4294 χριστιανισμοῦ
962 4248 997 4266 =
1014 4221 1185 4286 Philokalia,
1203 4223 1269 4293 Cap.
1286 4223 1350 4277 XVI
1371 4227 1388 4278 4
1410 4225 1446 4294 (ρ.
1463 4224 1506 4291 88,
1523 4223 1642 4286 31-89,
1660 4221 1694 4276 18

386 4307 429 4361 οδ.
445 4305 524 4374 Rob.)
548 4309 553 4370 Ι
578 4307 617 4364 18
637 4301 748 4378 trgum]
768 4299 865 4378 ἥξαιεν
882 4307 932 4361 OD
956 4307 961 4376 Ι
984 4307 1021 4363 lo
1038 4301 1282 4378 όποστοιγοῦντες
1299 4307 1353 4363 Pal
1372 4309 1430 4376 120
1447 4302 1471 4362 δ’
1487 4305 1692 4376 AAusgg.llob.

386 4388 416 4446 ll
433 4392 460 4444 Φ
483 4393 488 4459 Ι
512 4385 599 4461 ἔστιν]
623 4388 702 4447 έστλν
718 4391 853 4446 Delllob.
878 4393 883 4458 Ι
906 4391 945 4446 22
966 4384 1034 4455 τούς
1051 4385 1157 4460 λόγους
1173 4391 1305 4446 ΑΦΒοΙ).
1324 4385 1435 4468 συνῳδὰ
1454 4397 1516 4456 τοῖς
1533 4386 1634 4460 λύγοις
1650 4389 1694 4443 M²

385 4475 563 4545 Ausgg.128
580 4471 807 4548 λοιδορούμενοι
825 4475 878 4529 Pal
892 4477 896 4542 Ι
912 4473 952 4530 24
971 4470 1213 4545 δυσφημούμενοι]
1230 4473 1488 4548 βλασφημούμενοι
1507 4477 1534 4530 Φ
1549 4477 1553 4544 Ι
1568 4476 1618 4530 καλ
1636 4475 1695 4544 (vor

388 4552 449 4627 οὐκ)
467 4570 499 4618 <
518 4561 545 4614 Φ
564 4562 569 4630 Ι
588 4560 629 4616 25
652 4554 722 4632 παρ’
739 4550 767 4629 ά]
785 4553 866 4628 παρά
884 4559 938 4613 Pal
954 4553 1033 4632 παρά
1054 4559 1104 4614 cl>
1120 4562 1124 4627 Ι
1140 4560 1179 4615 26
1196 4556 1383 4632 πράττοιμεν]
1402 4557 1575 4634 πράττωμεν
1598 4557 1694 4614 ΡελΒ1

387 4643 437 4697 OD
453 4645 457 4712 Ι
472 4641 543 4713 luzo
562 4645 625 4714 τοῦ]
644 4641 690 4700 ἐπὶ
708 4637 741 4700 τό
760 4643 923 4700 ΡεΙΒἛΗ
940 4641 988 4700 ἐπὶ
1005 4649 1046 4699 τῶ
1064 4643 1222 4700 B⁰⁰“·GD.
