3790 5526
631 421 732 477 ιιιυι
758 421 915 477 κεπεοε
936 421 979 480 τι
1000 422 1040 476 13.
1059 421 1099 475 ιι
1117 422 1157 476 15.
1508 425 1549 490 85

244 584 379 675 Μισαήλ
399 591 480 658 πᾶσι
502 604 575 668 τοις
594 581 775 674 Ἀσσυρίων
796 581 990 674 γράμμασιν,
1018 576 1100 654 ὥστ’
1122 578 1246 665 αύτούς
1266 577 1444 672 εύρεθήναι
1465 579 1549 653 πόν-

244 714 316 758 των
339 692 412 755 τῶν
435 688 504 756 ἐκεῖ
522 692 644 772 σοφῶν
666 689 915 764 δεκαπλασίους.
956 690 1012 753 καὶ
1038 687 1100 754 νῦν
1126 688 1161 753 δὲ
1187 686 1221 754 αί
1247 684 1417 772 ἐκκλησίαι
1439 683 1549 770 ἐχουσι

243 790 305 875 μὲν
325 781 495 873 όνόλογον
517 802 589 867 τοῖς
610 781 779 874 πλήθεσιν
805 777 938 871 ὀλίγους
965 781 1091 869 σοφούς
1116 778 1374 870 προσελθόντας
1398 788 1454 852 καὶ
1481 777 1549 852 όπό

243 890 304 974 τῆς
325 887 532 973 καλουμένης
554 879 633 974 παρ’
656 878 735 972 ἡμῖν
755 881 864 968 ,,κατό
886 879 1012 971 σόρκαίί
1034 888 1190 969 σοφίας,
1213 882 1323 969 ἔχουσι
1345 886 1381 952 δὲ
1399 881 1551 963 καὶτοὺς

208 999 225 1053 5
244 979 485 1072 διαβεβηκότας
506 978 563 1054 ἄπ’
587 987 715 1072 ἐκείνης
735 986 791 1053 ἐπὶ
813 980 877 1070 τήν
899 988 1016 1054 θείαν
1037 987 1192 1068 σοφίαν.

325 1103 394 1170 XV.
425 1100 510 1170 Εἶτα
540 1097 624 1188 μετὰ
650 1105 760 1170 ταῦτα
788 1093 807 1170 ό
835 1103 962 1181 Κέλσος
990 1093 1038 1180 αός
1064 1102 1279 1186 περιηχηθείς
1305 1095 1348 1168 τόι
1375 1102 1452 1186 περὶ
1484 1125 1549 1166 τα-

243 1195 568 1288 πεινοφροσύνης
593 1203 647 1268 καί
674 1197 719 1288 μή
746 1202 913 1286 ἐπιμελῶς
937 1194 1046 1286 αύτὴν
1071 1193 1195 1286 νοήσας
1221 1194 1377 1280 βούλεται
1398 1202 1460 1286 μέν
1484 1195 1550 1286 τήν

243 1293 322 1388 παρ’
352 1293 430 1387 ἡμῖν
458 1309 673 1384 κακολογεῖν,
707 1301 814 1371 α’ίεται
843 1293 873 1366 δ’
905 1293 1013 1387 αύτήν
1043 1293 1304 1384 παρόκουσμα
1335 1295 1437 1367 είναι
1468 1303 1550 1368 τῶν

243 1395 460 1480 Πλάτωνος
486 1392 633 1486 λόγων,
666 1390 709 1480 ός
736 1419 830 1486 φησι
856 1397 933 1468 πού
957 1402 1000 1467 ἐν
1026 1415 1113 1479 τοῖς
1142 1391 1308 1484 Νόμοις·
1340 1389 1381 1480 ,,ό
1407 1403 1477 1482 μέν
1503 1395 1549 1484 δὴ

193 1516 226 1572 10
243 1496 350 1580 θεὸς,
367 1491 501 1585 ὥσπερ
523 1503 587 1566 καί
609 1491 628 1567 ό
649 1495 819 1579 παλαιός
840 1492 972 1584 λόγος,
989 1492 1112 1585 σἰρχήν
1131 1521 1172 1566 τε
1189 1501 1253 1565 καὶ
1269 1493 1464 1584 τελευτήν
1485 1503 1550 1565 καὶ

244 1603 339 1685 μέσα
362 1604 445 1668 τεόν
468 1590 601 1668 ὄντων
623 1591 811 1667 όπάντων
833 1597 933 1684 ἔχων
954 1591 1091 1686 εύθείηι
1112 1601 1292 1683 περαίνει
1313 1593 1413 1666 κατὰ
1429 1593 1550 1682 φύσιν

244 1691 628 1786 περιπορευόμενος·
666 1703 723 1786 τῷ
759 1691 791 1766 δ’
823 1690 883 1765 όεὶ
914 1701 1126 1782 ξυνέπεται
1162 1698 1250 1820 δίκη
1285 1701 1370 1764 τῶν
1405 1690 1550 1765 όπολε-

245 1800 472 1884 λειμμένων
498 1800 570 1865 τοῦ
596 1767 712 1865 θείού
738 1790 861 1886 νόμου
886 1792 1075 1882 τιμωρός,
1097 1783 1142 1880 ἧς
1164 1788 1183 1864 ὁ
1204 1799 1274 1882 μὲν
1293 1801 1297 1880 Ι
1317 1791 1549 1885 εύδαιμονή-
1569 1806 1620 1862 641

244 1919 327 1966 σειν
353 1900 513 1984 μέλλων
539 1890 727 1983 ἐχόμενος
753 1898 967 2013 ξρνέπετοι
994 1890 1184 1974 ταπεινός
1214 1901 1279 1964 καὶ
1309 1901 1549 1984 κεκοσμημέ-

193 2013 226 2067 15
244 2004 323 2078 νος
325 2005 347 2032 ‘⁸
395 1990 455 2081 ούχ
490 1987 584 2081 δρῶν
619 1986 673 2065 ότι
706 1991 799 2078 παρὰ
834 2009 907 2075 τοῖς
940 1992 1030 2063 πολὺ
1065 1990 1283 2075 Πλάτωνος
1318 1989 1548 2082 όρχαιοτέροις

245 2099 399 2165 λέλεκται
420 2096 457 2164 ἐν
479 2087 557 2180 εύχή
580 2088 634 2162 τό·
654 2091 777 2181 ,,κύριε,
799 2087 860 2179 ούχ
880 2088 1008 2181 ύφοόθη
1030 2119 1095 2181 μου
1116 2087 1137 2181 ή
1158 2098 1286 2182 καρδία,
1310 2090 1387 2164 ούδέ
1409 2097 1548 2182 ἐμετεω-

244 2199 409 2281 ρίσθησαν
439 2194 471 2262 οί
507 2185 683 2281 όφθαλμοί
714 2218 792 2280 μου,
826 2188 903 2262 ούδέ
933 2188 1126 2280 ἐπορεύθην
1155 2196 1192 2262 ἐν
1223 2192 1379 2282 μεγάλοις
1409 2188 1486 2263 ούδε
1513 2197 1549 2263 ἐν

243 2299 442 2381 θαυμασίοις
463 2287 526 2362 ύπέ
528 2295 628 2379 ρέμε,
651 2289 732 2362 εί
692 2318 737 2379 μη
755 2286 1160 2378 ἐταπεινοφρονουν
1187 2319 1253 2380 αμα
1268 2295 1304 2362 δε
1320 2297 1480 2380 δηλαυται
1496 2291 1549 2363 δια

244 2389 382 2462 τούτων
411 2384 465 2463 ότι
493 2387 535 2462 σύ
562 2390 701 2474 πάντως
723 2385 742 2462 ό
765 2397 1105 2478 ταπεινοφρονῶν
1134 2386 1371 2480 ασχημόνως
1391 2387 1499 2460 καὶ’
1479 2420 1550 2462 απ-

192 2509 227 2567 20
245 2496 384 2572 αισίως
419 2496 697 2574 ταπεινοῦται,
741 2488 989 2579 χαμαιπετὴς
1029 2494 1093 2560 ἐπὶ
1134 2497 1215 2560 τῶν
1256 2487 1443 2580 γονάτων
1485 2497 1549 2562 καὶ

243 2589 400 2680 πρηνής
434 2591 686 2680 ἐρριμμένος,
718 2593 868 2679 ἐσθῆτα
907 2585 1118 2678 δυστήνων
1155 2584 1453 2680 ύμφισκόμενος
1483 2597 1549 2662 καὶ

242 2686 357 2760 κόνιν
379 2689 646 2779 ἐπαμοόμενος.
683 2683 702 2759 ό
726 2687 788 2779 γὰρ
806 2687 893 2759 κατὰ
909 2687 973 2760 τόν
987 2685 1172 2778 προφήτην
1192 2698 1548 2778 ταπεινοφρονῶν,

242 2785 470 2878 πορευόμενος
503 2794 560 2874 ,,ἐν
591 2786 747 2879 μεγάλοις
781 2795 837 2858 καὶ
863 2794 1081 2877 θαυμασίοις(
1112 2807 1184 2870 τοῖς
1215 2785 1299 2876 ύπέρ
1331 2785 1446 2873 αύτόν,
1477 2807 1550 2872 τοις

244 2885 385 2978 ἀληθῶς
409 2887 605 2978 ,,μεγύλοις“
633 2885 771 2978 δόγμασι
795 2893 851 2957 καί
878 2906 949 2970 τοῖς
970 2895 1208 2976 ,,θαυμασίοιςίί
1234 2886 1389 2978 νοήμασι,
1412 2917 1548 2960 ταπει-

192 3006 226 3060 25
244 3005 309 3058 νοτ
328 2986 451 3060 ἑαυτόν
472 2986 559 3071 ,,ύπό
583 2988 647 3078 τήν
667 2986 832 3075 κραταιὰν
850 3007 943 3076 χεῖρα
962 2993 1025 3058 τοῦ
1046 2992 1157 3058 θεού.“

158 3105 224 3160 143ν
328 3090 356 3157 εί
386 3093 423 3158 δε’
452 3116 542 3170 τινες
572 3087 626 3158 διὰ
657 3086 721 3175 τὴν
751 3092 923 3158 ίδιωτείαν
946 3097 951 3173 Ι
973 3085 1018 3176 μή
1049 3084 1285 3174 τραναόσαντες
1315 3085 1356 3157 τό
1386 3094 1462 3175 περὶ
1489 3095 1549 3178 τῆς

244 3185 619 3276 ταπεινοφροσύνης
641 3182 747 3276 δόγμα
762 3192 903 3257 τοιαῦτα
917 3191 1082 3270 ποιοῦσιν,
1105 3181 1146 3256 ού
1167 3183 1230 3256 τόν
1249 3182 1353 3275 λόγον
1368 3192 1550 3273 αἰτιατέον,

246 3283 332 3358 ἀλλὰ
360 3293 403 3374 τῇ
433 3290 584 3377 ἰδιωτείᾳ
614 3293 689 3357 τῶν
717 3291 944 3374 προθεμένων
972 3291 1033 3374 μὲν
1065 3283 1107 3355 τὰ
1136 3291 1317 3372 κρείττονα
1344 3285 1398 3356 διὰ
1425 3293 1461 3358 δὲ
1487 3285 1551 3358 τόν

247 3383 445 3476 ίδιωτισμδν
480 3380 794 3474 ἀποτυγχανόντων
829 3390 1071 3472 συγγνωστέον.
1114 3389 1244 3472 μᾶλλον
1278 3384 1340 3471 γὰρ
1371 3391 1433 3456 τοῦ
1461 3385 1549 3456 κατὰ

194 3501 228 3557 30
245 3484 443 3558 Πλάτωνα
466 3490 659 3556 ταπεινοῦ
680 3490 744 3554 καὶ
766 3491 1068 3574 κεκοσμημένον
1090 3483 1300 3566 ,,ταπεινός
1325 3492 1388 3555 καὶ
1414 3511 1549 3557 κεκοσ-

245 3592 443 3677 μημένοςίί
469 3589 562 3657 ἐστὶν
590 3579 609 3656 ό
637 3589 930 3672 κεκοσμημένος
958 3590 1019 3673 μέν
1046 3583 1099 3654 διὰ
1127 3581 1167 3655 τό
1194 3583 1398 3674 πορεύεσθαι
1420 3590 1478 3671 ,,ἐν
1499 3613 1551 3674 με·

329 3789 538 3859 1118111101.
558 3793 580 3856 1,
599 3789 640 3846 26.
666 3818 699 3827 -
726 3789 745 3844 θ
767 3786 1338 3858 Ρ1ειυ,1εςεε1111ρ.11511-1161.
1365 3789 1456 3844 -16
1478 3789 1550 3844 Psal.

246 3873 745 3944 130,1.2.-1σ11ς1.Ρα1.130,
767 3876 789 3927 1.
807 3903 840 3912 -
858 3872 897 3927 24
914 3871 1086 3940 vgl.1P0tr.
1099 3873 1122 3939 5,
1136 3874 1160 3928 6.
1178 3903 1211 3912 -
1230 3873 1270 3928 80
1288 3874 1351 3944 Vgl.
1363 3873 1452 3939 Plato,
1464 3873 1551 3943 Leges

245 3961 283 4016 IV
302 3963 360 4031 7p.
380 3962 474 4015 716A.
493 3989 526 3998 -
544 3957 582 4014 31
601 3957 665 4026 Vgl.
684 3957 756 4012 Ρεελ.
775 3959 832 4021 130,
851 3961 874 4014 1.

314 4147 328 4199 1
351 4139 480 4218 οίουρίιον
496 4147 521 4198 Α
536 4144 540 4212 Ι
558 4144 594 4199 ll
614 4128 694 4199 εύθεί
716 4141 764 4212 [so]
783 4144 819 4194 A¹
835 4145 839 4210 Ι
857 4141 894 4197 12
913 4135 1176 4240 περιπορευόμενος
1194 4141 1275 4196 Plato
1285 4143 1356 4212 Sp
1347 4161 1385 4198 1m
1402 4143 1478 4208 Text,
1497 4141 1549 4198 Ηὸ.

246 4247 291 4282 am
309 4228 401 4293 Rand3
428 4222 707 4299 παραπορευόμενος
722 4225 816 4280 ADel.
832 4220 1111 4294 ΙοῖπολελειμμένοινΙ
1129 4217 1369 4326 ἀπολειπομένων
1390 4227 1478 4291 Plato,
1497 4226 1549 4282 Ηὸ.

246 4331 291 4367 am
309 4311 398 4378 Rand,
416 4313 486 4383 Sps
478 4331 517 4368 lm
539 4311 608 4366 'l'ext
596 4312 682 4380 1116
708 4303 814 4381 ύψιύθη
836 4329 894 4378 μου
915 4307 932 4380 ή
954 4309 1057 4381 καρδία
1080 4312 1105 4363 A
1128 4300 1272 4380 ύφιόθη“
1259 4329 1275 4365 ο
1297 4313 1401 4384 καρδία
1422 4330 1480 4380 μου
1497 4310 1549 4368 Hb.

246 4398 290 4468 Sp.
312 4390 454 4468 υφοίθηι
441 4417 457 4468 η
480 4397 582 4468 καρδία
604 4414 663 4464 μου
683 4395 776 4450 MDel.
802 4397 806 4464 Ι
830 4389 895 4450 οδίέ
921 4397 946 4450 A
970 4389 1032 4450 οὐδ’
1053 4394 1190 4463 MAusgg.
1214 4395 1220 4462 Ι
1243 4391 1498 4468 ἐμετεωρίσθησαν
1519 4397 1549 4450 Μ

246 4487 347 4553 Ausgg.
360 4482 600 4552 μετεωρίσθησαν
611 4485 637 4536 A
651 4482 655 4550 Ι
671 4480 709 4537 21
729 4475 848 4549 ἐσθῆτα]
861 4473 934 4550 ἐσθη
945 4472 981 4534 τό
994 4483 1019 4534 A
1034 4482 1039 4548 Ι
1058 4473 1286 4550 α’μφισκόμενσς]
1304 4481 1359 4552 vgl.
1372 4481 1443 4536 oben
1456 4482 1550 4550 11141,

246 4585 321 4640 1237
334 4584 360 4640 Z.
375 4586 407 4639 13
423 4585 427 4653 Ι
443 4583 482 4640 26
506 4581 647 4639 ίδιαιτείαν
669 4581 793 4636 PVDel.
813 4579 938 4651 ἰδιότητα
956 4580 1091 4652 ΜΗδ.θμ.
1110 4563 1171 4638 ἰδιιό
1189 4581 1236 4652 [ευ]
1255 4583 1352 4652 11128
1370 4581 1476 4640 ίδιιυτία
1492 4586 1527 4638 A.
