3780 5538
642 509 735 564 σοιν
754 509 889 563 muz
914 508 944 578 ε,
960 512 986 564 4.
1014 509 1042 580 ι,
1061 512 1084 562 1.
1103 509 1127 563 2.
1477 515 1537 579 307

234 671 278 760 μή
305 666 467 756 εὔξασθαι
489 698 510 759 η
537 679 542 756 1
569 669 611 743 τὸ
636 668 798 758 εὔξασθαι
818 679 874 742 καὶ
896 671 940 762 μή
962 668 1182 743 άποδοῦναιίί·
1211 681 1267 743 καὶ
1292 674 1329 741 ἐν
1355 691 1429 755 ταις
1452 668 1538 760 Πρά-
1559 686 1611 744 203

235 783 302 858 ξεσι
322 776 396 842 τῶν
418 767 634 843 άποστόλων·
655 775 759 857 ,εἰσὶν
773 769 893 860 άνδρες
907 765 988 859 παρ’
1001 766 1080 860 ήμῑν
1102 777 1265 858 τέσσαρες,
1289 767 1388 860 εύχήν
1403 773 1538 860 ἔχοντες

234 867 294 958 ἀφ’
316 871 478 942 ἐαυτων.“

317 991 364 1058 lv
387 1000 413 1058 1.
452 983 520 1059 Ούκ
545 983 672 1077 άλσχον
699 985 740 1076 δή
766 1015 823 1076 μοι
849 983 957 1076 ἐφάνη
980 985 1021 1059 τό
1043 985 1130 1058 κατὰ
1153 986 1215 1070 τὰς
1235 985 1366 1076 γραφάς
1387 984 1540 1076 σημαινό-

202 1104 339 1176 5μενσν
360 1092 504 1175 πρῶτον
527 1093 781 1159 διαστείλασθαι
808 1093 868 1176 τής
890 1083 989 1176 εύχής
1010 1084 1070 1158 δύο
1092 1085 1328 1175 σημαινούσης,
1356 1080 1483 1174 δμοίως
1505 1093 1540 1157 δὲ

235 1192 290 1258 καὶ
320 1191 382 1275 τῆς
411 1192 610 1277 προσευχῆς·
645 1195 701 1256 καὶ
732 1185 794 1276 γάρ
825 1191 932 1258 τοῦτο
960 1184 1000 1256 τό
1028 1181 1135 1276 ὄνομα
1161 1185 1248 1273 πρὸς
1272 1192 1325 1275 τῷ
1351 1192 1457 1275 κοινῷ
1484 1194 1541 1257 καί

236 1283 375 1375 συνήθει
403 1293 578 1375 πολλαχοῦ
607 1291 749 1376 κειμένῳ
781 1291 942 1357 τέτακται
967 1294 1023 1357 καί
1049 1291 1104 1357 ἐπὶ
1130 1291 1191 1374 τῆς
1216 1283 1303 1356 κατά
1329 1283 1370 1356 τό
1397 1284 1541 1374 σύνηθες

237 1381 315 1475 ήμῑν
337 1383 584 1476 σημαινόμενον
606 1392 687 1476 [τῆς]
712 1381 806 1476 α’χής
828 1389 865 1458 ἐν
886 1405 959 1468 τοῖς
980 1391 1056 1475 περὶ
1077 1391 1139 1474 τῆς
1155 1379 1274 1474 Ἆννης
1296 1390 1489 1474 λεγομένοις
1504 1389 1541 1456 ἐν

237 1492 281 1573 τῇ
307 1485 429 1574 πρώτη
458 1495 531 1557 τῶν
554 1492 755 1556 Βασιλειοδν·
782 1491 859 1570 ,καὶ
880 1481 965 1556 Ἠλεί
992 1479 1139 1573 δίερεύς
1160 1481 1310 1574 ἐκάθητο
1333 1486 1387 1555 ἐπὶ
1410 1480 1543 1573 θρόνου

187 1597 221 1652 10
237 1589 293 1655 ἐπὶ
315 1592 430 1671 φλιοόν
451 1591 537 1656 ναοῦ
557 1592 685 1672 κυρίου.
720 1589 776 1656 καί
797 1580 885 1674 αύτή
906 1590 996 1672 ψυχή
1018 1589 1122 1676 πικρή
1143 1589 1199 1653 καὶ
1220 1582 1434 1672 προσηύξατο
1456 1583 1542 1672 πρὸς

238 1682 356 1772 κύριον
376 1690 430 1753 καὶ
451 1690 617 1774 κλαυθμῷ
639 1685 785 1754 ἐκλαυσε.
827 1692 884 1754 καὶ
905 1679 1033 1772 ηὔξατο
1056 1678 1157 1772 εύχήν
1177 1689 1233 1752 καί
1251 1684 1334 1754 είπε·
1355 1681 1448 1770 κύριε
1468 1691 1543 1754 τῶν

240 1780 425 1870 δυνάμεων,
452 1783 511 1854 ἐάν
537 1781 696 1871 ἐφοράοει
722 1787 837 1870 ἐπίδης
863 1787 918 1854 ἐπὶ
946 1781 1009 1872 τήν
1030 1789 1236 1853 ταπείνωσιν
1257 1787 1317 1870 τῆς
1340 1781 1463 1872 δούλης
1483 1807 1544 1852 σου

239 1891 295 1952 καὶ
320 1890 473 1972 μνησθῇς
499 1910 564 1972 μου
584 1891 640 1953 καὶ
660 1882 705 1972 μή
727 1879 875 1970 ἐπιλάθη
898 1889 959 1972 τής
982 1880 1103 1972 δούλης
1124 1903 1185 1952 σου
1205 1889 1261 1951 καὶ
1283 1887 1352 1971 δῷς
1373 1889 1417 1970 τή
1439 1880 1543 1970 δούλη

241 2004 302 2052 σου
334 1989 464 2070 σπέρμα
493 1978 625 2070 ἀνδρὸς,
656 1989 712 2052 καὶ
743 1981 844 2053 δεύσω
876 1977 985 2052 αύτὸν
1014 1986 1065 2070 τῷ
1091 1987 1197 2070 κυρίῳ
1225 1978 1329 2052 δστόν
1351 1977 1460 2064 πάσας
1482 1981 1543 2065 τάς

191 2093 222 2146 15
241 2075 364 2170 ἡμέρας
391 2087 451 2169 τῆς
477 2087 565 2170 ζωῆς
591 2078 712 2166 αύτοῦ,
735 2087 789 2152 καὶ
816 2087 951 2170 σίδηρος
973 2076 1035 2152 σύκ
1055 2076 1258 2169 ἀναβήσεται
1280 2084 1335 2150 ἐπί
1357 2079 1421 2169 τήν
1442 2109 1544 2168 κεφα-

241 2178 305 2268 λήν
326 2177 461 2251 αύτσῦ.“

324 2291 351 2350 2.
389 2279 529 2350 δύναται
553 2285 671 2369 μέντοι
693 2307 730 2370 χε
752 2287 803 2361 τὶς
826 2276 886 2350 ούκ
909 2275 1089 2361 ἀπιθάνως
1107 2281 1267 2362 ἐνταῦθα,
1290 2275 1471 2368 ἐπιστήσας
1493 2287 1544 2370 τῷ

241 2377 476 2468 ,προσηύξατο
506 2377 593 2468 πρὸς
623 2377 766 2466 κόρισνίί
792 2385 867 2463 ,καί
892 2373 1020 2467 ηὔξατο
1047 2373 1179 2466 εύχήν,“
1209 2381 1314 2448 εἰπεῖν
1345 2370 1412 2462 ότι,
1444 2384 1473 2449 εί
1502 2378 1545 2450 τά

242 2475 302 2549 δύο
339 2485 517 2568 πεποίηκε,
555 2485 714 2551 τουτέστι
749 2475 984 2566 ,προσηύξατο
1021 2474 1107 2565 πρὸς
1142 2474 1277 2564 κύριονίί
1308 2485 1384 2560 ,καί
1419 2473 1545 2568 ηύξατο

190 2585 224 2641 20
241 2575 372 2667 εύχήν,“
392 2574 437 2668 μή
466 2607 552 2650 ποτε
583 2575 624 2650 τό
654 2584 716 2668 μὲν
737 2575 993 2667 ,,προσηύξατο“
1015 2581 1070 2648 ἐπὶ
1091 2581 1153 2666 τῆς
1179 2571 1340 2666 συνήθως
1365 2572 1444 2666 ἡμῖν
1470 2572 1546 2648 δνο-

241 2683 429 2771 μαςσμένης
459 2685 622 2750 τέτακται
652 2674 747 2768 εύχής
777 2674 818 2747 τό
846 2682 882 2747 δὲ
908 2671 1057 2766 ,ηὔξατο
1084 2672 1203 2765 εύχήνί(
1229 2680 1284 2747 ἐπὶ
1309 2681 1373 2746 τοῦ
1394 2679 1430 2748 ἐν
1452 2685 1545 2748 Λευί-

242 2784 327 2867 τικῷ
354 2785 410 2848 καί
431 2775 599 2868 Ἀριθμοῑς
622 2783 829 2866 τεταχμένου
840 2782 1107 2866 σημαινομένου.
1149 2773 1191 2845 τὸ
1212 2774 1275 2864 γὰρ
1295 2774 1417 2860 ,,δω’σω
1440 2775 1547 2848 αύτὸν

240 2885 347 2966 κυρίῳ
377 2874 482 2949 δστὸν
510 2875 618 2960 πάσας
646 2875 707 2959 τάς
736 2873 858 2966 ἡμέρας
887 2881 948 2964 τῆς
977 2881 1065 2963 ςωής
1092 2870 1211 2959 αὐτοῦ,
1240 2882 1296 2945 καὶ
1324 2881 1459 2965 σίδηρος
1485 2873 1547 2948 οὐκ

242 2972 445 3066 ἀναβήσεται
471 2982 526 3047 ἐπὶ
553 2975 617 3066 τήν
637 2975 790 3064 κεφαλήν
811 2971 941 3045 αύτοῦίέ
962 2982 1087 3062 κυρίως
1108 2970 1170 3045 ούκ
1192 2975 1262 3044 ἐστι
1283 2975 1449 3065 προσευχὴ
1472 2973 1545 3048 ἀλλ’

191 3089 225 3144 25
242 3079 352 3164 ἐκείνη
380 3072 400 3164 ή
426 3071 514 3164 εύχή,
540 3070 663 3163 ήντινα
690 3083 746 3144 καὶ
766 3070 897 3162 Ἰεφθάε
923 3071 1051 3162 ηὔξατο
1079 3077 1116 3144 ἐν
1141 3071 1289 3156 τούτοις·
1316 3082 1392 3158 ,καὶ
1419 3070 1546 3166 ηὔξατο

242 3171 372 3261 Ἰεφθάε
394 3171 494 3263 εύχήν
516 3181 567 3264 τῷ
590 3181 697 3264 κυρίῳ
720 3181 776 3244 καὶ
798 3175 901 3245 εἶπεν·
924 3173 983 3244 ἐάν
1002 3170 1194 3261 παραδώσει
1211 3178 1373 3264 παραδῷς
1389 3204 1448 3264 μοι
1465 3175 1548 3260 τούς

243 3273 334 3356 υἱούς
357 3269 489 3362 Ἀμμσόν
516 3277 552 3343 ἐν
577 3281 661 3362 χειρί
685 3302 766 3363 μου,
793 3280 849 3344 καὶ
873 3275 967 3344 ἐσται
990 3265 1026 3354 ὃς
1048 3269 1107 3342 ἐὰν
1129 3275 1250 3359 ἐξέλθη
1272 3275 1309 3342 ἐκ
1331 3283 1404 3346 τῶν
1424 3283 1548 3364 θυρῶν

244 3379 309 3445 τοῦ
339 3377 435 3445 οίκου
464 3402 530 3460 μου
563 3379 609 3456 είς
640 3370 830 3462 άπάντησίν
857 3401 923 3461 μου
953 3375 990 3442 ἐν
1016 3377 1067 3459 τῳ
1095 3376 1295 3459 ἐπιστρέψαι
1314 3401 1353 3460 με
1375 3379 1412 3445 ἐν
1432 3372 1547 3465 είρήνη

330 3561 427 3617 Met.
445 3562 486 3624 21,
505 3562 545 3616 23.
564 3559 753 3616 -θΙθαια,
773 3564 796 3626 1,
815 3562 907 3616 9-11.
926 3590 959 3599 -
978 3560 1016 3617 18
1036 3558 1304 3628 vgl.ISam.1,10.
1318 3563 1357 3614 11.
1375 3591 1408 3600 —
1426 3563 1465 3618 21
1485 3563 1548 3632 Vgl.

245 3645 308 3699 Lev.
327 3647 373 3711 21,
392 3647 416 3700 2.
449 3645 529 3699 Num.
547 3647 576 3712 6,
595 3646 619 3700 2.
641 3649 665 3700 4.
689 3647 713 3700 6.
737 3647 760 3698 7.
783 3646 807 3700 9.
826 3647 867 3700 12.
886 3646 927 3698 13.
946 3645 986 3699 18.
1005 3645 1045 3699 19.
1064 3645 1104 3698 21.
1134 3643 1180 3707 30,
1198 3646 1290 3699 3-15.
1316 3675 1349 3684 -
1376 3645 1415 3701 22
1446 3646 1549 3703 ISam.

246 3733 269 3793 1,
289 3732 328 3784 11.
346 3761 379 3769 -
398 3729 437 3786 ει
457 3729 545 3784 κιαι.
564 3733 604 3798 11,
623 3732 664 3786 ου.
682 3732 724 3785 31.

330 3898 349 3954 8
368 3891 418 3966 ἄρ’
436 3897 512 3952 TOx.
532 3892 576 3967 ἐφ’
593 3897 744 3953 Lond.Del.
759 3898 799 3966 14
818 3893 858 3967 δή]
879 3895 907 3952 δέ
927 3895 989 3951 Ιὶεείι
1007 3895 1088 3965 Angl.
1107 3895 1163 3963 (bei
1179 3894 1238 3950 Del.
1257 3896 1366 3966 191311)
1385 3897 1524 3968 unrichtig
1544 3901 1546 3963 ζ

248 3985 261 4039 1
291 3980 338 4039 ἐπί
359 3985 468 4054 τῆς-8
487 3978 700 4053 σημαινόμενον
722 3983 791 4052 [τῆς]
810 3975 891 4051 εὐχῆς
913 3981 1037 4036 schreibe
1057 3980 1116 4042 ich,
1138 3980 1193 4048 vgl.
1211 3982 1295 4034 unten
1318 3980 1344 4036 Z.
1362 3984 1476 4048 20-22;
1503 3979 1549 4038 ἐπί

250 4071 303 4124 τοῦ
320 4062 618 4139 μή-σημαινομένου
634 4073 685 4138 τῆς
701 4062 784 4138 εύχῆς
800 4066 882 4136 Angl.
895 4065 930 4135 (α.
943 4083 967 4120 α.
980 4065 1020 4134 Ο.)
1039 4064 1189 4150 ftherhaft
1206 4081 1302 4134 wegen
1319 4066 1478 4136 Einfiigung
1496 4085 1548 4122 von

244 4147 284 4224 μή
312 4157 317 4223 Ι
345 4155 363 4210 8
386 4149 501 4216 ἐντοῖς
523 4153 600 4208 Βεο1.
619 4153 674 4221 (bei
691 4152 751 4207 Del.
769 4153 782 4205 1
800 4153 850 4208 203
865 4155 944 4205 Anm.
963 4149 991 4219 b)
1014 4143 1045 4204 ἔν
1066 4167 1099 4219 γε
1119 4156 1181 4214 τοῖς
1206 4150 1442 4220 Ang1.(a„a.0.)
1466 4146 1497 4208 ἐν
1517 4171 1550 4208 τε

246 4244 348 4310 Ausgg.
371 4235 402 4294 ἐν
423 4236 455 4293 τέ
476 4237 509 4300 Τ;
537 4237 676 4292 vielleicht
697 4237 733 4290 ist
755 4237 804 4290 δαε
827 4252 881 4290 von
901 4235 955 4289 mir
972 4234 1216 4305 eingeklammerte
1242 4241 1292 4304 τῆς
1309 4236 1431 4290 dadurch
1449 4237 1479 4292 in
1496 4239 1549 4292 den

246 4326 317 4381 Text
343 4325 519 4394 gekommen‚
547 4323 609 4376 dass
634 4327 696 4387 τοῖς
722 4339 769 4375 zur
795 4319 998 4388 Verbesserung
1019 4334 1073 4373 von
1094 4316 1127 4374 τέ
1146 4317 1185 4371 im
1207 4319 1378 4390 Archetypus
1403 4340 1449 4376 am
1472 4323 1550 4376 Rand

247 4411 339 4474 stand,
362 4409 428 4463 aber
445 4425 508 4460 vom
527 4407 670 4462 Schreiber
688 4406 809 4461 verlesen
826 4405 883 4459 und
901 4405 942 4458 als
963 4409 1014 4472 τῆς
1035 4419 1084 4457 vor
1100 4395 1182 4472 εὐχῆς
1198 4403 1347 4472 eingesetzt
1364 4407 1457 4461 wurde
1481 4409 1486 4476 Ι
1511 4409 1551 4464 10

248 4498 320 4551 ναοῦ
337 4495 410 4549 Lxx
422 4491 506 4547 Lond.
525 4497 603 4547 ναῶν
619 4491 700 4546 TOx.
710 4490 771 4545 Del.
795 4491 799 4558 Ι
824 4491 860 4546 17
885 4483 1034 4553 άπιθανῶς
1051 4487 1180 4556 TAusgg.
1197 4490 1201 4556 Ι
1224 4487 1263 4544 26
1289 4487 1455 4562 παραδώσει
1477 4493 1550 4547 LXX

248 4579 332 4634 Codd.
350 4582 374 4632 A
392 4579 418 4632 X
435 4577 473 4630 XI
491 4595 517 4630 u.
535 4577 627 4644 8111111,
650 4575 752 4630 Libror.
772 4578 824 4630 vet.
843 4577 903 4628 test.
922 4590 1018 4639 canon.
1040 4591 1102 4643 pars
1123 4572 1196 4641 prior
1217 4590 1314 4642 graece
1336 4575 1378 4630 ed.
1396 4578 1426 4632 P.
1445 4577 1479 4632 de
1501 4579 1550 4632 La·

248 4664 340 4734 garde,
358 4661 438 4716 TOx.
457 4657 617 4734 παραδόσει
635 4663 707 4716 LXX
725 4661 809 4715 Oodd.
828 4659 906 4714 ssmin.
925 4658 1078 4741 Lond.Del.
1137 4691 1155 4726 ,ν
1182 4685 1183 4695 ¹

1289 4747 1341 4802 20*
