3780 5532
605 473 705 528 ΚΑΤΑ
728 471 890 528 Amol(
908 473 984 530 vm
1006 472 1165 528 16.17.18.
1473 475 1533 540 235

229 641 397 726 δείγματα.
434 639 472 705 ἐν
492 639 595 706 πᾶσιν
617 625 680 704 οῦν
704 639 783 718 ἐστι,
807 649 879 716 τοῖς
894 632 982 705 κατὰ
997 633 1060 706 τὸν
1075 643 1173 706 θεῖον
1188 629 1293 722 λόγον
1308 630 1534 722 σωφροσύνην

229 736 360 818 ἑαυτοῖς
386 731 650 806 κατασκευάσασι
674 741 730 804 καὶ
758 732 973 822 δικαιοσύνην
1000 741 1054 804 καί
1077 729 1234 819 ἀνδρείαν
1254 739 1309 803 καί
1331 737 1457 818 σοφίαν
1477 737 1533 802 καὶ

229 833 396 920 εύσέβειαν
420 841 477 905 καί
504 841 578 905 τῶν
599 840 733 904 λοιπῶν
756 829 889 921 άρετῶν
912 831 954 903 τά
975 829 1289 922 κατασκευάσματα,
1312 829 1532 920 ἀγάλματα·

229 934 279 1017 οίς
314 940 448 1022 πρέπον
484 935 569 1004 εἰναι
604 939 815 1020 πεπείσμεθα
851 937 1013 1020 τιμᾶσθαι
1051 931 1092 1003 τό
1125 928 1360 1018 πρωτότυπον
1388 929 1534 1003 πάντων

194 1030 482 1122 σάγαλμάτων,
514 1031 578 1122 τὴν
609 1029 723 1103 εἰκόνα
754 1037 839 1116 ,τοῦ
865 1037 951 1102 θεοῦ
977 1036 1041 1101 τοῦ
1064 1027 1245 1120 άοράτου,“
1272 1029 1336 1101 τὸν
1363 1037 1532 1120 μονογενῆ

227 1129 322 1204 θεόν.
364 1130 451 1204 ἀλλὰ
481 1139 537 1203 καί
567 1136 600 1204 οὶ
630 1129 825 1220 ἐκθυόμενοι
855 1132 941 1216 ,τὸν
969 1129 1116 1202 παλαιόν
1146 1125 1336 1218 ἄνθρωπον
1367 1131 1428 1200 σῦν
1459 1149 1533 1214 ταις

227 1228 389 1318 πράξεσιν
419 1229 527 1304 αὐτοῦ
557 1239 613 1302 καὶ
642 1227 839 1318 ἐνδυόμενοι
869 1229 932 1300 τὸν
960 1235 1052 1312 νέον,
1084 1227 1147 1302 τόν
1172 1226 1460 1320 ἀνακαινούμενον
1487 1235 1533 1314 εἰς

228 1334 411 1417 ἐπίγνωσιν
442 1326 517 1402 κατ’
539 1327 654 1402 εἰκόνα
682 1331 748 1401 ’τοῦ
779 1335 958 1412 κτίσαντος
989 1325 1125 1412 αῦτὸν,“
1147 1331 1189 1401 τὸ
1219 1325 1311 1412 ,κατ’
1335 1325 1449 1402 εἰκόνα
1471 1337 1534 1402 τοῦ

228 1437 428 1512 κτίσαντος(
458 1433 544 1501 εἰναι
574 1427 881 1520 ἀναλαμβάνοντες,
913 1425 1120 1518 ἀγάλματα
1147 1431 1184 1498 ἐν
1211 1430 1342 1511 έαυτοῐς
1364 1436 1532 1514 ποιοῦσιν,

178 1541 211 1596 10
230 1523 333 1599 όποῑα
353 1530 514 1618 βούλεται
537 1525 556 1600 ό
578 1535 633 1601 ἐπὶ
654 1536 736 1601 πᾶσι
759 1529 850 1612 θεὸς,
873 1531 1012 1599 ἐκείνου.

314 1622 428 1716 ῶσπερ
459 1635 495 1699 δὲ
524 1637 580 1699 καί
610 1632 665 1698 ἐπὶ
696 1635 770 1700 τῶν
802 1623 1090 1716 ἀγαλματοποιῶν
1115 1629 1146 1698 οί
1172 1632 1233 1716 μέν
1255 1655 1346 1710 τινες
1367 1633 1428 1698 εἰσὶ
1450 1641 1533 1700 θαυ-

228 1735 364 1816 μαστῶς
394 1733 650 1815 κατορθοῦντες
680 1727 722 1799 τό
750 1731 858 1816 ἔργον,
882 1722 996 1816 ῶσπερ
1024 1732 1129 1798 εἰπεῖν
1154 1733 1287 1810 Φειδίας
1309 1721 1329 1816 ἢ
1352 1726 1532 1800 Πολύκλει-

230 1855 289 1909 τος
319 1821 339 1915 ἢ
370 1824 545 1918 ζωγράφοι
577 1833 693 1914 Ζεῦξις
722 1834 779 1896 καί
808 1822 981 1916 Ἀπελλῆς,
999 1821 1121 1914 Ιέτεροι
1153 1831 1187 1896 δὲ
1220 1827 1365 1897 ἔλαττον
1396 1827 1534 1899 τούτων

228 1921 551 2016 άγαλματοποιοῦοι,
586 1934 643 1996 καί
678 1921 776 1998 ἄλλοι
813 1929 862 1997 ἔτι
897 1933 953 1996 καὶ
989 1933 1062 1996 τῶν
1097 1931 1265 2012 δευτέρων
1291 1927 1449 2010 ἔλαττον,
1478 1935 1533 1997 καὶ

178 2040 210 2093 15
231 2038 233 2113 Ι
258 2021 468 2110 άπαξαπλῶς
489 2025 602 2115 πολλὴ
625 2023 774 2114 διαφορά
796 2030 868 2096 ἐστι
882 2032 944 2114 τῆς
959 2032 1032 2096 τῶν
1054 2021 1295 2113 ἀγαλμάτων
1316 2033 1373 2096 καὶ
1388 2022 1533 2097 εἰκόνων
1552 2042 1580 2094 ῖ·

228 2131 449 2214 κατασκευης·
479 2123 544 2197 τὸν
569 2121 675 2196 αύτὸν
702 2123 834 2212 τρόπον
861 2128 893 2196 οἰ
919 2130 981 2212 μέν
1007 2152 1097 2206 τινες
1124 2127 1185 2196 εἰσί
1210 2130 1394 2208 ποιοῦντες
1415 2121 1532 2215 άγάλ-

228 2253 331 2312 ματα
362 2231 427 2295 τοῦ
456 2229 511 2295 ἐπὶ
541 2231 623 2296 πᾶσι
649 2230 734 2296 θεοῦ
761 2230 897 2310 βέλτιον
923 2229 978 2295 καὶ
999 2223 1086 2295 κατὰ
1108 2232 1241 2294 τελείαν
1262 2221 1458 2314 ἐπιστήμην,
1480 2223 1533 2309 ’ῶς

228 2331 389 2414 μηδεμίαν
414 2325 499 2394 εἶναι
526 2324 699 2414 σύγκρισιν
726 2330 788 2394 τοῦ
813 2319 880 2395 ύπὸ
906 2329 1042 2396 Φειδίου
1068 2330 1403 2408 κατασκευασθέντος
1423 2321 1532 2413 Ὀλυμ-

229 2432 310 2494 πίου
332 2423 410 2505 Διὸς
439 2424 526 2511 πρὸς
556 2423 620 2494 τόν
646 2428 965 2494 κατασκευασθέντα
995 2418 1089 2507 ,κατ’
1112 2419 1227 2494 εἰκόνα
1249 2429 1312 2495 τοῦ
1333 2431 1533 2508 κτίσαντος“

178 2543 211 2596 20
229 2529 330 2595 θεοῦ·
361 2521 506 2594 πάντων
532 2528 568 2594 δὲ
595 2531 668 2594 τῶν
693 2527 731 2592 ἐν
757 2516 820 2608 όλη
846 2529 889 2610 τῇ
915 2529 1021 2592 κτίσει
1041 2530 1162 2614 πολλῷ
1184 2529 1322 2607 βέλτιον
1341 2530 1397 2593 καί
1417 2521 1532 2610 ῦπερέ-

228 2651 290 2710 χον
312 2625 404 2693 ἐστὶν
425 2626 462 2692 ἐν
484 2629 537 2714 τῶ
560 2628 689 2712 σωτῆρι
711 2617 818 2711 ἡμῶν,
842 2625 894 2712 τῶ
916 2627 1064 2710 λέγοντι·
1093 2617 1134 2706 ,ό
1155 2622 1269 2713 πατὴρ
1291 2627 1328 2694 ἐν
1349 2627 1452 2713 ἐμοί.“

311 2744 425 2810 XVIII.
464 2746 528 2810 Καὶ
559 2743 596 2810 ἐν
630 2735 761 2827 ἑκάστῳ
793 2742 828 2808 δὲ
861 2743 935 2809 τῶν
965 2735 1053 2809 κατὰ
1088 2736 1230 2827 δύναμιν
1260 2743 1389 2811 ἐκεῖνον
1414 2748 1470 2811 καὶ
1496 2745 1534 2811 ἐν

229 2837 347 2930 τούτῳ
369 2843 608 2930 μιμησαμένων
631 2842 723 2909 ἐστίν
747 2833 902 2928 άγαλμα
924 2835 965 2910 τὸ
985 2833 1079 2922 ,κατ’
1102 2836 1215 2909 εἰκόνα
1238 2845 1301 2909 τοῦ
1323 2845 1532 2924 κτίσαντος,“

230 2932 313 3027 ὅπερ
339 2934 623 3024 κατασκευάζουσι
650 2944 701 3026 τῶ
725 2943 847 3026 ἐνορᾶν
868 2942 942 3026 θεῷ
963 2943 1099 3030 καθαρᾷ
1119 2945 1252 3030 καρδίᾳ,
1280 2945 1458 3030 ,,μιμηταί“
1479 2967 1532 3028 γε·

178 3056 211 3111 25
230 3037 365 3127 νόμενοι
396 3042 481 3122 ,τοῦ
514 3042 630 3107 θεοῦ.“
669 3043 725 3107 καί
760 3033 971 3124 ἁπαξαπλῶς
1005 3037 1132 3119 πάντες
1164 3043 1363 3124 Χριστιανοὶ
1394 3034 1535 3122 όποίους

229 3144 368 3228 εἴπομεν
403 3135 558 3224 βωμούς
592 3141 647 3206 καὶ
686 3131 789 3207 ὁποῖα
819 3135 1076 3226 παρεστήοαμεν
1110 3131 1317 3224 άγάλματα
1346 3145 1534 3225 πειρῶνται

228 3239 452 3326 ἱδρύεσθαι,
481 3233 543 3308 οῦκ
565 3231 677 3322 ἄψυχα
698 3241 752 3305 καὶ
775 3232 967 3324 άναίσθητα
990 3232 1067 3306 ούδέ
1089 3231 1291 3324 δαιμόνων
1313 3243 1441 3326 λίχνων
1461 3241 1535 3324 ἐφε-

230 3335 423 3425 δρευόντων
453 3353 525 3419 τοῖς
556 3331 699 3422 ἀψύχοις
727 3333 862 3406 δεκτικά
893 3333 979 3406 ἀλλὰ
1005 3334 1199 3422 πνεύματος
1230 3341 1327 3418 θεοῦ,
1356 3354 1427 3418 τοῖς
1454 3342 1534 3427 εἰρη-

228 3443 340 3526 μένοις
371 3433 566 3525 άγάλμασι
598 3440 659 3522 τῆς
680 3429 801 3523 ἀρετῆς
825 3441 882 3504 καὶ
904 3439 956 3522 τῶ
983 3428 1078 3516 ,κατ’
1100 3434 1215 3506 εἰκόνα
1241 3440 1304 3506 τοῦ
1331 3443 1534 3518 κτίσαντοςίί

145 3535 276 3618 1951ῶς
307 3540 465 3619 οἰκείοιςΙ
491 3537 750 3624 ἐπιδημοῦντος·
779 3525 874 3604 ούτω
906 3539 941 3604 δὲ
972 3539 1027 3602 καὶ
1057 3533 1098 3604 τὸ
1128 3540 1260 3623 πνεῦμα
1290 3540 1354 3605 τοῦ
1383 3541 1533 3622 Χριστοῦ

312 3705 1533 3793 5Vgl.ssol.1,15.ssvgl.J0h.1‚14.18.3.16.18.1J0h.4‚9.—6vg1.

227 3807 289 3863 Kol.
308 3810 332 3872 3,
349 3809 374 3863 9.
393 3809 434 3864 10.
455 3837 489 3847 -
516 3807 554 3862 19
573 3803 818 3875 Vgl.Kol.3,10.
838 3833 869 3844 ·-
887 3805 925 3860 21
945 3804 1007 3858 Joh.
1026 3805 1177 3868 14,10.-
1196 3805 1235 3861 28
1256 3803 1426 3874 23111013,
1441 3809 1481 3862 10.
1499 3837 1533 3846 -

228 3892 269 3949 24
286 3893 349 3962 Vgl.
362 3892 461 3947 Matth.
479 3894 505 3958 5,
522 3891 546 3946 8.
564 3919 597 3930 -
615 3889 678 3960 Vgl.
696 3887 794 3960 Ephe«.
812 3891 837 3955 5,
855 3892 879 3943 1.
897 3919 930 3928 -
950 3889 990 3944 29
1010 3888 1071 3958 Vgl.
1090 3889 1150 3944 Καὶ.
1168 3891 1192 3954 3,
1211 3890 1252 3944 10.

313 4043 333 4100 4
355 4034 399 4108 οίς
415 4042 466 4097 Ηδ.
485 4059 530 4096 am
548 4041 640 4104 Rand.
658 4039 767 4111 Sp.Del.
785 4039 824 4092 im
840 4039 922 4104 Text3
950 4035 978 4095 δί
996 4041 1019 4093 A
1039 4040 1044 4109 Ι
1065 4039 1104 4095 10
1122 4035 1232 4095 ἐκείνου
1249 4043 1274 4094 A
1292 4035 1401 4107 ἐκεῖνος
1418 4042 1468 4098 Ηδ.
1487 4061 1533 4097 am

227 4127 320 4194 Βεαδ,
343 4127 386 4198 Sp.
398 4127 458 4182 Del.
477 4127 516 4180 im
533 4127 603 4181 Text
625 4127 630 4194 Ι
655 4125 693 4182 12
721 4119 923 4193 Πολύκλειτος]
946 4142 973 4179 ει
994 4141 1042 4178 aus
1065 4143 1082 4194 η
1104 4140 1158 4178 von
1176 4125 1196 4178 Ι.
1214 4123 1247 4178 Η.
1266 4141 1342 4184 corr..
1360 4125 1427 4181 [Iber
1444 4145 1468 4183 ει
1487 4127 1531 4181 ein

227 4215 332 4268 Δουεαίι
349 4211 450 4282 ςεέἰὶρθ
466 4214 491 4265 A
509 4212 514 4280 Ι
535 4211 574 4267 12
597 4203 685 4278 ζεύξις
704 4213 728 4262 A
747 4210 752 4276 Ι
774 4207 812 4264 18
829 4201 900 4276 μὴδέ
915 4209 994 4276 μίαν,
1016 4208 1060 4263 εἰν
1078 4211 1150 4263 Aout
1166 4207 1236 4262 fiber
1253 4227 1272 4264 α
1290 4209 1396 4279 getilgt,
1415 4215 1440 4264 A
1464 4212 1467 4278 Ι
1491 4209 1532 4267 20

153 4297 155 4302 ’
229 4314 278 4352 vor
295 4299 368 4353 θεοῦ
385 4301 419 4360 -Ι-
437 4301 490 4352 τοῦ
508 4299 611 4365 Ausgg.
635 4296 639 4364 Ι
664 4293 703 4350 23
730 4286 847 4363 ἄγαλμα
870 4292 1005 4362 MAusgg.
1024 4286 1177 4363 ἀγάλματα
1196 4296 1220 4345 A
1245 4294 1249 4360 Ι
1273 4292 1313 4348 24
1337 4294 1465 4363 μιμηταί]
1485 4293 1534 4348 dae

228 4385 299 4438 εεείε
318 4403 327 4435 ι
345 4381 374 4434 in
392 4381 535 4435 Correetur
553 4383 577 4435 A
592 4381 597 4449 Ι
613 4373 763 4450 γενόμενοι
781 4379 806 4431 A
824 4372 971 4445 γινόμενοι
989 4379 1089 4447 Ausgg.
1105 4377 1110 4446 Ι
1126 4376 1162 4432 27
1183 4372 1331 4448 ἱδρύεσθαι
1349 4378 1472 4432 schreibe
1489 4378 1534 4434 ioh

227 4468 281 4522 mit
297 4465 380 4520 Guiet
405 4465 460 4534 (bei
478 4465 536 4520 Del.
555 4465 567 4518 I
586 4467 635 4520 756
653 4467 733 4517 Anm.
752 4463 791 4530 ο),
818 4461 873 4530 vgl.
894 4460 965 4515 oben
983 4461 1047 4516 VIII
1067 4463 1106 4528 17,
1129 4462 1156 4516 S.
1173 4462 1224 4517 234
1241 4461 1267 4516 Ζ.
1287 4463 1330 4526 16;
1358 4459 1492 4534 ίδρύσθαι
1509 4467 1535 4518 A

228 4553 331 4621 Ausgg.
354 4551 359 4620 Ι
383 4544 456 4620 οίδέ]
475 4567 489 4604 ε
506 4549 573 4603 halb
590 4546 803 4618 ausgebroehen,
822 4543 919 4600 Gravis
936 4546 1062 4601 erhalten
1080 4548 1104 4600 A
1123 4551 1129 4612 Ι
1149 4541 1302 4616 δαιμόνων]
1320 4565 1339 4602 α
1357 4547 1424 4601 halb
1442 4564 1534 4618 ausgo-

228 4636 348 4691 broohen
365 4637 397 4689 A.
