3692 5508
602 497 703 554 ΚΑΤΑ
725 499 927 556 ΚΕΔΣΟΠ
951 502 990 555 15.
1010 501 1049 554 16.
1444 505 1481 566 17

173 655 424 748 ἐμφαινόμενον
454 660 495 732 τό
528 657 597 734 όπό
628 667 702 732 τῶν
727 665 949 750 σκυθρωπῶν
976 668 1032 730 καί
1064 657 1240 732 ἐπιπόνων
1269 655 1480 749 ἐπαγόμενον

173 778 246 841 τοῖς
280 753 421 848 άλγοῦσι
454 767 560 844 τέλος.
603 757 698 850 ἆρκεῑ
730 756 762 832 δ’
784 765 840 832 ἐπί
869 767 933 832 τοῦ
962 757 1136 850 παρόντος
1164 765 1381 848 παραθέσθαι
1410 755 1479 832 άπὸ

173 864 236 929 τοῦ
258 853 390 928 Ἡσαΐου
422 856 477 930 τό·
507 861 642 945 ,ἕνεκεν
673 866 736 931 τοῦ
765 866 848 948 ἐμοῦ
876 855 1045 948 ὀνόματος
1074 865 1172 945 δείξω
1201 883 1253 931 σοι
1283 859 1347 931 τὸν
1367 855 1480 948 θυμόν

170 986 244 1049 μου,
274 966 331 1029 καί
364 959 407 1029 τά
437 956 558 1046 ἐνδσξά
588 987 654 1048 μου
683 957 798 1046 ἐπάξω
830 964 884 1031 ἐπὶ
906 967 956 1043 σὲ,
985 964 1039 1031 ίνα
1067 959 1111 1048 μὴ
1140 957 1385 1049 ἐξολοὲθρεύσω
1414 967 1478 1028 σε.“
1499 979 1554 1035 589

137 1055 432 1148 ῦῆναγκάσθημεν
472 1063 508 1128 δέ
550 1059 594 1130 τά
628 1058 673 1148 μὴ
714 1055 909 1149 ἁρμόζοντα
951 1077 1023 1142 τοῖς
1066 1055 1302 1146 ἁπλούστερον
1343 1059 1478 1129 πιστεύ-

171 1181 245 1228 ουσι
274 1164 330 1227 καί
358 1163 528 1248 δεομένοις
556 1165 618 1249 τῆς
648 1155 879 1246 ἁπλουστέρας
910 1162 947 1229 ἐν
973 1154 1087 1248 λόγοις
1113 1161 1307 1245 οἰκονομίας
1333 1163 1475 1244 αἰνίξασ-

170 1267 245 1342 θαι,
281 1257 337 1329 ίνα
372 1257 416 1347 μὴ
454 1265 607 1349 δοκῶμεν
643 1257 883 1347 ἆνεξέλεγκτον
923 1261 983 1328 ἐᾶν
1021 1255 1086 1346 τὴν
1122 1263 1186 1328 τοῦ
1215 1264 1346 1329 Κέλσου
1376 1285 1476 1348 κατη

169 1363 302 1476 γορίαν,
330 1362 503 1445 λέγοντος·
534 1359 697 1432 ἐπειδὰν
733 1353 752 1430 ό
781 1358 877 1441 θεὸς
906 1352 1039 1447 ῶσπερ
1067 1353 1254 1448 μάγειρος
1285 1359 1477 1444 ἐπενέγκῃ

169 1484 215 1526 το
235 1483 322 1544 πυρ.

119 1597 152 1652 10
251 1584 334 1650 XVI.
369 1575 422 1649 'Ex
451 1587 487 1652 δέ
516 1587 590 1652 τῶν
618 1585 802 1672 εἰρημένων
829 1601 901 1664 τοῖς
928 1581 1159 1670 συνετώτερον
1177 1575 1338 1651 ἀκούουσι
1359 1583 1475 1668 δῆλον,

85 1690 152 1742 121v
169 1685 245 1763 πῶς
276 1676 503 1768 άπανζτητέον
524 1688 581 1751 καὶ
603 1680 690 1768 πρὸς
712 1677 766 1752 τό·
797 1679 842 1752 τὸ
868 1687 939 1768 μὲν
961 1677 1058 1751 ἄλλο
1081 1686 1158 1751 πᾶν
1180 1677 1475 1768 ἐξοπτήσεσθαι

169 1785 296 1866 γένος,
330 1777 479 1862 αύτούς
509 1783 549 1848 δὲ
580 1775 727 1867 μόνους
760 1785 973 1867 διαμενεῖν.
1009 1777 1051 1849 ού
1073 1781 1273 1862 θαυμαστὸν
1295 1774 1328 1849 δ’
1352 1784 1380 1850 εί
1402 1807 1472 1849 τοι·

168 1883 255 1948 αῦτα
277 1876 415 1968 νενόηκε
437 1878 521 1962 ,,τά“
544 1882 580 1948 ἐν
601 1873 679 1966 ἡμῖν
700 1874 768 1948 ύπό
790 1873 978 1964 τοῦλόγου
999 1877 1117 1966 ,μωρὰ
1139 1883 1202 1948 τοῦ
1226 1875 1371 1966 κόσμου(
1394 1873 1473 1948 ὀνο·

167 1974 337 2066 μαζόμενα
367 1985 422 2049 καί
454 1973 605 2066 ,,άγενῆ“
639 1985 695 2048 καί
725 1981 1017 2064 ,,ἐξουδενωμένα“
1050 1984 1104 2046 καί
1140 1976 1206 2066 ,μὴ
1233 1971 1346 2060 όντα,“
1374 1969 1474 2048 άτινα

118 2087 150 2138 15
168 2075 242 2160 ,διὰ
270 2083 330 2166 τῆς
356 2083 483 2166 μωρίας
504 2083 567 2148 τοῦ
592 2075 805 2166 κηρύγματος
826 2071 1006 2164 εύδόκησεν
1029 2070 1048 2145 ό
1070 2074 1151 2157 θεὸς
1172 2083 1277 2146 σῶσαι
1299 2075 1380 2154 τούς
1399 2099 1471 2144 πισ·

169 2173 331 2258 τεύοντας
356 2172 461 2266 αύτῷ,
488 2179 560 2246 ἐπεὶ
584 2173 629 2265 μὴ
657 2179 694 2246 ἐν
719 2182 762 2263 τῇ
788 2182 893 2266 σοφίᾳ
920 2181 982 2244 τοῦ
1008 2182 1093 2246 θεοῦ
1120 2177 1206 2264 ἔγνω
1230 2169 1249 2245 δ
1270 2171 1395 2262 κόσμος
1417 2173 1473 2244 διά

169 2280 229 2363 τῆς
254 2282 374 2360 σοφίας
401 2272 463 2346 τὸν
487 2273 603 2360 θεὸν,“
625 2272 666 2346 ού
688 2271 855 2362 δυνάμενα
880 2281 1091 2362 διαρθρῶσαι
1121 2273 1164 2344 τὰ
1192 2273 1279 2344 κατὰ
1308 2273 1388 2356 τούς
1416 2270 1474 2344 τό-

167 2401 252 2457 πους
282 2371 359 2446 ούδὲ
388 2379 606 2462 βουληθέντα
641 2370 800 2461 σχολάσαι
830 2379 874 2460 τῇ
903 2371 1021 2459 ἐρεύνη
1048 2379 1109 2462 τῆς
1131 2379 1274 2462 γραφῆς,
1301 2378 1414 2443 καίτοι
1435 2399 1473 2460 γε

168 2479 231 2543 τοῦ
261 2468 364 2562 Ἰησοῦ
390 2479 562 2561 λέγοντος·
591 2477 766 2560 ,,έρευνᾶτε
792 2471 854 2554 τὰς
880 2470 1040 2560 γραφὰς,“
1062 2480 1117 2543 καὶ
1143 2479 1286 2544 τοιαῦτα
1306 2469 1472 2562 ύπείληφε

116 2581 149 2636 20
165 2578 242 2661 περὶ
265 2580 328 2643 τοῦ
349 2575 559 2662 ἐπαγομένου
584 2571 710 2659 πυρὸς
735 2569 803 2643 ύπὸ
827 2579 898 2642 τοῦ
919 2577 1016 2642 θεοῦ
1037 2578 1093 2642 καὶ
1114 2578 1190 2660 περὶ
1212 2579 1286 2644 τῶν
1308 2580 1468 2661 συμβησο-

165 2677 277 2762 μένων
303 2691 375 2755 τοῑς
403 2668 619 2762 άμαρτήσασι.
661 2677 716 2741 καί
743 2668 828 2759 τάχα
855 2663 969 2759 ῶσπερ
995 2689 1067 2754 τοῖς
1092 2677 1208 2742 παισὶν
1234 2667 1369 2760 άρμόζει
1391 2671 1471 2743 τινά

165 2776 320 2860 λέγεσθαι
350 2769 546 2862 κατάλληλα
577 2773 620 2860 τῇ
650 2767 831 2860 νηπιότητι
861 2766 978 2841 αὐτῶν
1007 2769 1093 2860 πρὸς
1120 2769 1160 2842 τό
1188 2768 1236 2853 ῶς
1256 2775 1379 2854 παῖδας
1410 2801 1470 2842 κο-

163 2876 241 2960 μιδῇ
278 2877 420 2960 νηπίους
452 2875 666 2960 ἐπιστρέφειν
696 2869 819 2954 αύτούς
845 2874 899 2941 ἐπὶ
930 2869 971 2941 τὸ
1006 2877 1151 2954 βέλτιον,
1175 2864 1288 2954 οὕτως
1311 2871 1361 2953 οἷς
1384 2867 1469 2942 ῶνό-

163 2991 266 3058 μασεν
297 2965 316 3042 ό
353 2967 454 3059 λόγος
483 2989 609 3060 μωροῖς
640 2977 702 3042 τοῦ
731 2966 859 3059 κόσμου
887 2976 942 3039 καί
965 2965 1093 3057 άγενέσι
1114 2975 1169 3040 καὶ
1191 2975 1471 3058 ἐξουδενωμένοις

113 3064 184 3156 ἳὸἦ
219 3065 397 3159 πρόχειρος
436 3065 570 3158 άρμόςει
615 3075 691 3156 περὶ
725 3077 799 3140 τῶν
837 3066 1013 3141 κολάσεων
1051 3067 1183 3157 ἐκδοχὴ.
1225 3065 1266 3140 ού
1299 3077 1471 3158 χωροῦσιν

163 3163 272 3256 ἄλλην
308 3161 329 3258 ἢ
364 3167 429 3257 τὴν
463 3167 517 3238 διά
553 3163 663 3256 φόβου
697 3174 752 3238 καὶ
786 3175 974 3254 φαντασίας
1007 3176 1080 3239 τῶν
1114 3165 1287 3239 κολάσεων
1315 3173 1471 3256 ἐπιστρο-

164 3265 234 3356 φὴν
261 3274 316 3337 καὶ
345 3275 419 3338 τῶν
447 3274 590 3339 πολλῶν
625 3275 741 3338 κακῶν
772 3261 911 3356 άποχὴν.
960 3262 980 3338 ό
1011 3263 1111 3355 λόγος
1142 3258 1206 3338 σύν
1236 3263 1383 3356 μόνους
1408 3273 1471 3356 μέν

163 3363 345 3455 άγεύστσυς
381 3373 453 3438 τοῦ
487 3363 614 3454 πυρός
644 3373 699 3436 καί
732 3373 805 3437 τῶν
834 3363 1009 3438 κολάσεῶν
1040 3390 1121 3456 φησι
1152 3373 1354 3456 διαμενεῖν
1389 3367 1472 3448 τούς

164 3463 206 3535 τὰ
236 3461 387 3554 δόγματα
416 3472 472 3536 καὶ
505 3464 548 3535 τὰ
574 3462 645 3553 ἤθη
666 3470 719 3534 καί
744 3463 784 3536 τὸ
808 3461 1008 3553 ἡγεμονικὸν
1038 3461 1152 3553 ἄκρως
1184 3471 1470 3554 κεκαθαρμένους·

112 3569 146 3624 30
164 3563 243 3646 τούς
275 3570 310 3634 δέ
344 3564 389 3653 μὴ
420 3563 614 3646 τοιούτους,
641 3563 727 3634 κατὰ
754 3562 818 3652 τὴν
845 3559 942 3650 άξίαν
967 3563 1153 3652 χρῄζοντας
1179 3571 1240 3653 τῆς
1267 3563 1320 3636 διὰ
1342 3565 1472 3654 πυρὸς

39 3874 44 3884 Ι
248 3797 1469 3869 εωωο-ωηωωηαω-ωηωωαω-ωω.

162 3881 710 3953 εω-ωωαωαυω

247 4097 265 4152 8
283 4089 335 4151 τόν
352 4107 385 4157 <
402 4097 510 4169 Sp.Del.
530 4099 535 4168 Ι
555 4097 573 4153 5
596 4095 626 4153 δὲ
643 4099 667 4152 Α
685 4092 718 4168 δὴ
740 4097 876 4168 MAusgg.
891 4101 896 4167 Ι
912 4101 930 4156 θ
948 4101 1007 4170 τῆς]
1027 4105 1044 4170 ῆ
1061 4099 1090 4154 in
1109 4101 1249 4156 Conectur
1267 4103 1291 4156 A
1306 4103 1310 4172 Ι
1328 4103 1364 4158 11
1385 4097 1467 4170 έξοπ·

161 4192 301 4266 τήσεσθαι
313 4203 338 4252 A
355 4193 603 4268 ἐξοπτηθησεσθαι
621 4201 722 4268 Ausgg.
737 4202 741 4262 Ι
758 4199 796 4255 12
814 4203 934 4256 τοιαῦτα
947 4203 970 4254 Α
982 4205 1073 4256 ταῦτα
1084 4201 1219 4272 MAusgg.
1235 4205 1240 4272 Ι
1261 4203 1300 4260 14
1317 4185 1405 4274 δγένῆ
1417 4204 1468 4274 [so]

162 4285 197 4334 ΑΙ
214 4281 218 4348 Ι
234 4278 444 4350 ἐξουδενωμένα
462 4282 515 4335 ΡΜ
525 4281 602 4337 ΙίΗσ.
615 4283 664 4351 (im
672 4283 759 4350 Text),
774 4283 828 4353 vgl.
840 4287 923 4339 unten
938 4285 964 4339 Z.
976 4287 1022 4349 243
1044 4281 1247 4356 ἐξονδενημένα
1259 4289 1302 4360 Sp.
1308 4289 1377 4358 Dok,
1389 4286 1466 4356 ἐξον-

161 4379 304 4450 θευημένα
321 4382 354 4437 N.
364 4383 402 4448 T„
421 4366 633 4451 ἐξουδενόίμένα
652 4384 701 4454 [so]
720 4387 757 4438 Α1
772 4385 776 4452 Ι
791 4375 875 4440 άτινιι
892 4387 916 4438 Δ
935 4375 985 4442 άτε
1001 4385 1052 4441 Ηδ.
1072 4405 1116 4442 ειν
1135 4387 1225 4453 Βααδ,
1242 4389 1286 4460 Sp.
1305 4408 1330 4445 u.
1348 4390 1407 4446 Del.
1425 4393 1465 4446 im

160 4464 240 4528 Tem
259 4459 305 4530 οίς
321 4471 456 4522 vermutet
467 4467 527 4522 Del.
540 4469 561 4532 ΙΙ
574 4469 624 4522 589
637 4471 716 4522 Anm.
729 4469 758 4534 b)
774 4475 777 4534 Ι
794 4469 833 4524 22
851 4475 887 4538 τῆ
903 4465 1051 4541 νηπιότητι
1068 4489 1117 4526 aus
1135 4467 1187 4542 τὴν
1198 4468 1329 4545 ἠπιότητι
1341 4491 1407 4532 corr.
1419 4479 1444 4530 A
1459 4479 1463 4546 Ι

161 4565 201 4622 24
214 4551 329 4637 ἐγένε’σι
341 4567 389 4638 [so]
400 4573 436 4622 A¹
452 4571 456 4630 Ι
477 4563 721 4640 ἐξουδενινμένοις]
735 4587 762 4626 οι
775 4571 825 4625 συί
834 4569 921 4625 Rasur
931 4575 956 4626 A
971 4575 975 4640 Ι
991 4573 1030 4630 28
1044 4575 1184 4642 διαμενεῖν
1196 4577 1243 4630 Βο.
1256 4577 1353 4643 (Notae
1364 4594 1390 4648 p.
1403 4579 1465 4645 390)

160 4649 227 4708 Del..
246 4649 386 4718 διαμένειν
402 4651 480 4707 AB&
487 4653 531 4724 Sp.

213 4734 329 4791 Origenes
342 4736 373 4782 11.
1238 4745 1253 4798 '2
