3708 5508
290 461 351 524 278
829 456 1054 511 οεινιιαοτε

291 622 596 706 προσηλωμένοι
625 621 760 706 αίματι
788 627 851 690 καὶ
881 626 1021 706 κνίσση
1048 625 1112 689 καλ
1133 623 1349 708 μελῳδίαις
1370 623 1434 686 καί
1456 610 1595 697 ἄλλοις

292 722 370 786 τισὶ
393 715 600 799 τοιούτοις
625 723 948 807 προσδεδεμένοι,
971 737 1162 806 κρεῖττον
1185 715 1321 788 τούτων
1342 711 1459 787 ου’δὲν
1481 712 1595 786 δυνά-

291 843 412 906 μενοι.
453 823 509 887 καὶ
541 816 629 899 είκὸς
658 810 727 900 ότι,
757 813 854 906 ἡνίκα
884 815 1050 907 ἱστάμεθα
1082 815 1168 906 πρὸς
1191 822 1332 900 Κέλσον,
1360 822 1595 904 θεολογοῦντα

292 913 334 986 τά
364 913 585 1006 χρηστήρια
615 924 670 987 καλ
699 919 759 1000 τὰς
780 918 872 1005 παρὰ
896 936 967 999 τοῖς
988 922 1220 1006 νομιζομένοις
1241 925 1337 999 θεοῖς
1364 922 1593 1003 θεραπείας,

257 1010 417 1102 σάοεβεῖς
444 1045 496 1098 τις
517 1011 602 1104 ἡμᾶς
622 1013 843 1105 ύπελάμβανε,
866 1016 948 1100 τούς
970 1023 1133 1105 λέγοντας
1159 1011 1364 1106 δαιμόνων
1391 1015 1477 1086 εἶναι
1499 1011 1594 1086 ταῦτ’

292 1119 381 1204 ἔργα,
411 1113 674 1186 κατασπῶντων
702 1120 748 1198 είς
777 1115 821 1185 τά
842 1122 1031 1204 γενέσεως
1053 1112 1234 1205 πράγματα
1257 1115 1318 1199 τάς
1340 1123 1414 1186 τῶν
1435 1111 1593 1202 ἀνθρώ-

291 1242 379 1285 πων
415 1211 536 1302 φυχάς·
570 1209 656 1284 ἀλλὰ
691 1219 753 1285 νῦν
789 1208 808 1284 ό
837 1219 945 1286 ἐκεῖνα
973 1221 1049 1304 περὶ
1079 1211 1176 1304 ἡμῶν
1204 1211 1390 1300 ύπολαβῶν
1418 1220 1593 1286 πειθέσθω

291 1320 406 1398 καλῶς
432 1318 624 1403 λεγομένοις
646 1333 718 1397 τοῖς
737 1309 805 1386 ύπὸ
829 1321 1047 1402 Χριστιανῶν
1068 1319 1401 1404 καταγγελλομένοις,
1425 1307 1519 1402 ὁρῶν
1541 1307 1594 1385 ότι

291 1421 347 1484 καὶ
373 1408 392 1485 δ
414 1413 502 1485 κατὰ
524 1419 741 1501 Χριστιανῶν
764 1410 908 1502 γράφων
929 1421 1038 1485 ταῦτα
1060 1418 1121 1484 νῦν
1144 1418 1198 1484 ἐπὶ
1220 1419 1307 1485 τέλει
1331 1409 1473 1500 ῶσπερελ
1496 1412 1593 1484 νικοί-

241 1525 274 1580 10
291 1540 391 1602 μενος
410 1509 478 1586 ἀπὸ
501 1518 565 1582 τού
588 1518 649 1602 τῆς
670 1509 831 1602 ἀληθείας
851 1509 1042 1602 πνεύματος
1065 1509 1241 1603 ἀνέγραψε.

375 1606 440 1682 κάν
461 1619 539 1702 λέγῃ
571 1603 645 1684 οὖν
666 1617 794 1695 Κέλσος
821 1612 986 1696 τούτοις
1008 1610 1277 1700 ἀφοσιωτέον,
1305 1608 1362 1699 ἐφ’
1386 1605 1482 1684 ὅσον
1504 1637 1593 1702 συμ-

293 1718 419 1800 φέρει,
453 1708 584 1800 πάντη
615 1712 686 1802 γὰρ
715 1717 839 1784 τοῦτο
869 1732 1002 1784 ποιεῖν
1030 1709 1098 1800 ούχ
1126 1716 1228 1802 αίρεῖ
1248 1707 1384 1802 λόγος·
1414 1708 1475 1784 ούκ
1497 1709 1594 1799 ἀφο-

292 1815 464 1884 σιωτέον
487 1819 680 1902 δαιμονίοις,
703 1809 964 1902 συντετηκόσι
984 1819 1164 1895 κνίσοαις
1181 1817 1236 1882 καὶ
1258 1811 1430 1902 αίμασιν,
1454 1807 1536 1882 ούτε
1553 1811 1594 1882 τὸ

292 1921 390 1983 θεῖον
426 1905 507 1984 ὅσον
543 1907 596 1999 ἐφ’
623 1907 701 2001 ἡμῖν
735 1917 938 2000 μολυντέον,
975 1907 1179 2000 κατάγουσιν
1209 1907 1294 1983 αύτὸ
1321 1915 1375 1982 ἐπὶ
1403 1909 1596 2001 μοχθηροὺς

243 2022 274 2076 15
293 2017 490 2100 δαίμονας.
533 2016 562 2082 εί
584 2007 615 2083 δ’
639 2008 816 2102 ἦκριβῶκει
840 2016 967 2094 Κέλσος
990 2011 1054 2102 τὴν
1076 2019 1139 2083 τοῦ
1160 2016 1438 2100 συμφέροντος
1460 2015 1596 2082 ἔννοιαν

293 2118 348 2182 καὶ
371 2108 511 2200 ἑωράκει
534 2105 589 2183 ότι
611 2110 652 2184 τό
674 2117 797 2198 κυρίως
818 2118 1023 2200 συμφέρον
1043 2107 1146 2202 ἀρετή
1168 2115 1238 2182 ἐστι
1260 2117 1315 2182 καί
1336 2107 1357 2200 ἡ
1378 2107 1452 2182 κατ’
1471 2107 1595 2200 ἀρετὴν

292 2217 448 2298 πρᾶξις,
481 2207 543 2283 ούκ
572 2205 614 2281 ἀν
643 2211 684 2282 τὸ
714 2205 771 2298 ἐφ’
795 2202 892 2282 όσον
921 2217 1108 2300 συμφέρει
1137 2212 1254 2297 έταξεν
1280 2215 1335 2282 ἐπὶ
1357 2219 1430 2282 τῶν
1452 2217 1594 2284 τοιῶνδε

209 2319 298 2393 209'I
325 2317 396 2394 καὶ,
428 2307 476 2393 ῶς
505 2306 609 2392 αύτὸς
639 2305 849 2398 ῶμολὸγησε,
876 2307 1085 2400 δαιμόνων.
1128 2307 1221 2400 ἡμεῖς
1248 2303 1311 2382 οὖν
1341 2309 1539 2399 αἱρούμεθα,
1568 2315 1596 2381 εί

293 2415 405 2495 μέλλει
432 2408 487 2481 διὰ
517 2418 736 2498 θεραπείας
767 2407 939 2481 τοιούτων
974 2407 1178 2500 δαιμόνων
1209 2407 1357 2500 ἡύγίεια
1385 2406 1462 2498 ἡμῖν
1490 2437 1595 2498 παρα-

242 2525 276 2580 20
293 2514 445 2595 γίνεσθαι
463 2516 519 2580 καὶ
535 2505 555 2598 ἦ
571 2511 607 2579 ἐν
620 2521 793 2597 βιωτικοῖς
812 2505 955 2598 εύτυχία,
977 2529 1112 2582 νοσεῖν
1133 2517 1286 2600 μᾶλλον
1307 2517 1361 2580 καὶ
1376 2513 1413 2580 έν
1427 2519 1595 2594 βιωτικοῖς

293 2610 503 2696 δυστυχεῖν
523 2609 607 2691 μετά
629 2604 824 2690 συνειδότος
846 2615 909 2680 τοῦ
930 2609 1017 2698 πρὸς
1039 2609 1102 2681 τὸν
1124 2611 1210 2683 θεὸν
1231 2617 1305 2682 τῶν
1324 2603 1418 2682 ὅλων
1432 2613 1595 2696 καθαρῶς

293 2703 455 2790 εὐσεβοῦς,
478 2706 563 2798 ἤπερ
584 2707 667 2798 μετά
690 2715 754 2780 τοῦ
775 2715 944 2796 σχίζεσθαι
965 2717 1020 2781 καὶ
1042 2707 1251 2782 ἀποπίπτειν
1273 2715 1335 2781 τοῦ
1355 2713 1442 2780 θεοῦ
1461 2707 1595 2796 καλιὴν

293 2806 404 2895 ψυχὴν
431 2805 580 2896 ἐσχάτως
607 2827 740 2881 νοσεῖν
769 2815 825 2880 καὶ
851 2817 1109 2898 κακοδαιμονεῖν
1134 2807 1332 2899 ύγιαίνειν
1363 2814 1415 2896 τῶ
1442 2808 1596 2896 σώματι

292 2912 348 2976 καί
370 2910 408 2978 έν
422 2916 595 2992 βιωτικοῖς
616 2904 890 2982 ἀπαλλάσσειν
912 2906 1161 2998 εὐτυχέστερον·
1183 2915 1305 2998 καὶτῷ
1327 2905 1541 2995 ἀπροσδεεῖ
1560 2933 1595 2995 γε

242 3021 276 3076 25
293 3004 424 3090 παντὸς
445 3003 646 3078 ούτινοσοῦν
667 3006 758 3096 πλὴν
779 3013 841 3097 τῆς
867 3005 1098 3098 ἀνθρώπων
1125 3017 1292 3099 σωτηρίας
1313 3015 1368 3079 καὶ
1389 3007 1520 3090 παντὸς
1542 3017 1596 3078 λο-

293 3111 389 3193 γικοῦ
410 3113 670 3194 προσελθετέον,
693 3101 713 3196 ἢ
736 3126 808 3190 τοῖς
828 3105 1016 3196 χρῄζουσι
1038 3115 1198 3198 κνίσσης
1218 3114 1283 3179 καὶ
1305 3113 1479 3198 αἳματος.

374 3207 483 3276 LXIII.
529 3212 657 3290 Κέλσος
684 3211 746 3294 μὲν
774 3233 838 3277 ουν
867 3209 959 3296 οἶμαι
984 3207 1068 3296 μετά
1100 3207 1299 3292 τοσούτους,
1331 3202 1390 3292 ούς
1420 3209 1489 3278 είπε
1519 3211 1592 3294 περὶ

293 3300 502 3392 δαιμόνων
532 3311 705 3394 δεομένων
734 3313 897 3395 κνίσσης
926 3313 990 3377 καὶ
1020 3311 1188 3394 αίματος
1219 3304 1352 3398 λόγους,
1376 3303 1519 3395 ῶσπερελ
1540 3311 1594 3376 ἐπὶ

292 3412 484 3493 μοχθηρίαν
506 3402 683 3494 ἐρχόμενος
702 3410 914 3494 παλινῳδίαν
937 3414 1041 3494 φησὶν
1064 3401 1118 3479 ότι
1139 3413 1293 3497 μᾶλλον
1315 3413 1478 3497 οίητέον
1500 3405 1593 3487 τούς

242 3508 486 3588 3οδαίμονας
518 3503 689 3594 μηδενὸς
720 3503 883 3594 χρῄζειν
915 3513 1010 3595 μηδὲ
1047 3511 1205 3579 δεῖσθαί
1234 3536 1344 3591 τινος
1383 3503 1481 3580 ἀλλὰ
1514 3513 1594 3594 χαί-

378 3689 418 3746 εο
436 3689 499 3760 vgl.
518 3690 731 3753 obenv11158,
750 3693 775 3746 s,
793 3694 843 3748 εεε
862 3693 887 3746 z.
906 3695 929 3748 2.
948 3723 981 3732 -
1000 3693 1038 3748 ει
1057 3693 1119 3764 vgl.
1138 3695 1208 3749 oben
1228 3681 1293 3748 vm
1310 3696 1350 3758 ει,
1369 3693 1463 3749 8:238
1480 3693 1506 3748 z.
1526 3693 1566 3748 ιο.

381 3861 395 3915 7
419 3857 511 3913 hinter
533 3857 681 3915 πειθέσθω
700 3867 732 3926 -Ι-
751 3851 790 3926 «Ic
813 3861 860 3914 Bo.
881 3859 978 3929 (Notae
996 3879 1021 3932 p.
1039 3863 1112 3926 408³,
1136 3861 1191 3930 vgl.
1214 3865 1300 3916 unten
1321 3861 1385 3915 VIII
1402 3863 1436 3918 76
1458 3879 1482 3916 ο.
1500 3859 1531 3914 Ε.
1551 3863 1555 3928 Ι
1576 3861 1594 3915 8

292 3939 583 4013 καταγγελλομένοις]
602 3945 651 4000 δατ
665 3945 760 4001 zweiIe
778 3949 794 4000 λ
812 3963 860 4000 aus
879 3963 895 4000 ο
914 3948 1017 3998 oorr.A
1033 3947 1037 4012 Ι
1053 3947 1072 4001 θ
1091 3941 1211 4002 ἐπιτέλει
1229 3949 1254 4000 Α
1270 3947 1273 4012 Ι
1290 3946 1327 4001 11
1346 3943 1415 4015 λέχη
1433 3933 1485 4000 οὖν
1502 3947 1526 3999 Δ
1545 3933 1595 4000 οδν

293 4025 361 4098 λέχη
384 4027 520 4098 MAusgg.
544 4033 549 4095 Ι
574 4029 612 4084 12
638 4024 689 4100 οίχ
708 4027 901 4102 aIpszAusgg.
921 4025 974 4086 οιύι
993 4025 1054 4099 έρεῖ
1070 4029 1091 4082 Ρ
1109 4048 1163 4084 ουκ
1185 4030 1232 4100 [so]
1257 4027 1361 4101 έρεῖΔ
1385 4033 1389 4098 Ι
1413 4024 1596 4098 οίφοσιινιέον

294 4112 343 4167 Ηὸ.
362 4131 408 4166 am
427 4112 515 4178 θυοδ,
539 4115 582 4184 Sp.
593 4113 651 4169 Del.
669 4115 708 4168 im
725 4115 805 4180 Text3
828 4109 1090 4183 αἰιοσιωιιητέονΔ
1115 4117 1119 4180 Ι
1144 4115 1180 4171 17
1199 4107 1344 4184 πράξιςΑ
1368 4115 1373 4184 Ι
1398 4115 1436 4171 Ῑθ
1457 4111 1553 4182 μέλλει
1571 4117 1595 4168 Δ

292 4195 393 4264 μέλλοι
412 4197 544 4269 ΙίΑαιςς.
569 4201 573 4266 Ι
597 4199 637 4254 22
665 4193 723 4254 ἀπὸ
742 4201 895 4254 αλιιτεινΔ
919 4201 924 4266 Ι
947 4197 988 4254 24
1014 4192 1218 4268 ἀπαλλάσσεινΙ
1242 4198 1291 4252 das
1309 4199 1378 4253 ente
1396 4217 1414 4253 ο
1431 4215 1480 4252 aus
1497 4215 1510 4253 ε
1528 4215 1596 4252 corr.

293 4285 316 4336 Α
332 4291 336 4351 Ι
352 4281 393 4339 26
410 4281 626 4354 προοελθετέον
637 4283 717 4339 Anu.
735 4284 774 4337 Im
785 4283 861 4346 Text,
878 4282 1110 4354 προσελευοτέον
1126 4283 1192 4338 oder
1208 4285 1384 4352 προσελθεῖν
1396 4283 1461 4340 δέον
1478 4284 1518 4338 als
1532 4283 1595 4336 Ver·

294 4372 410 4436 mutung
428 4367 478 4424 Ηο.
497 4385 542 4423 am
561 4367 647 4434 fland,
665 4366 896 4438 προσελενοτέαν
913 4369 956 4437 Sp.
968 4367 1027 4422 Del.
1045 4368 1082 4421 im
1101 4369 1170 4423 Text
1189 4370 1194 4436 Ι
1215 4362 1232 4436 ἢ
1253 4373 1314 4433 τοῖς
1328 4363 1474 4438 χρῄζουοιΙ
1498 4385 1531 4422 το
1549 4368 1597 4420 der

293 4451 482 4506 construction
501 4453 555 4522 ng.
568 4453 639 4508 oben
652 4453 716 4507 VIII
734 4456 775 4518 57,
793 4453 819 4506 S.
837 4453 886 4507 214
905 4453 931 4507 Z.
945 4454 976 4506 18
987 4453 1004 4506 I.
1020 4457 1024 4520 Ι
1040 4453 1077 4510 θλ
1098 4447 1179 4520 οἶμαι
1196 4453 1319 4508 schreibe
1336 4453 1388 4518 ioh,
1407 4447 1497 4507 οἴεται
1516 4450 1595 4506 IIII.

294 4536 345 4605 Sp..
364 4545 396 4596 <
415 4537 475 4594 Del.
495 4539 499 4606 Ι
520 4537 559 4594 28
581 4537 706 4607 κνίσσης]
726 4557 742 4591 ν
761 4537 789 4590 in
809 4539 951 4593 correctur
969 4541 993 4590 A
1008 4539 1012 4605 Ι
1028 4531 1133 4606 λόγους
1150 4556 1198 4593 aus
1216 4533 1305 4608 λόγος
1323 4553 1389 4592 corr.
1408 4541 1433 4590 A
1456 4539 1460 4604 Ι
1484 4537 1524 4592 θθ
1545 4555 1595 4604 μα·

292 4619 416 4688 χθηρίαν
434 4621 458 4674 Α
475 4622 637 4690 μοχθηρίας
657 4621 697 4674 M²
715 4622 770 4690 (am
788 4621 877 4689 Rand)
897 4623 997 4690 Ausgg.
