3790 5526
356 525 415 588 148
894 516 1116 573 ΩΡΙΓΕΝΟΥΣ

437 687 508 769 (καί
530 679 593 764 ,τά
614 676 749 768 ίμάτια“
765 687 801 751 δὲ
819 676 966 764 ,,αῦτοῦ“
979 679 1076 754 κάτω
1099 677 1187 754 ἄλλα
1208 687 1309 766 ἐστίν,
1331 677 1393 774 οῦκ
1415 684 1486 752 ἔστι
1503 680 1657 766 ,,λεωιά,“
1675 695 1722 749 Ph.
1735 697 1778 761 81,
1796 701 1831 752 15

356 777 418 853 οῦκ
438 784 531 851 ἔστιν
550 776 620 864 ,οῦς
642 777 684 849 τό
706 787 814 865 φῶςίί·
840 779 901 850 ἐὰν
925 775 1051 868 άναβῇς
1076 784 1142 864 ,εἰς
1164 779 1204 852 τό
1228 779 1309 870 ὄρος
1330 779 1372 852 τό
1393 777 1560 870 δψηλόν,“
1582 775 1658 868 ὄφει

353 877 460 951 αάτοῦ
489 886 565 966 φῶς
592 885 649 950 καί
678 877 742 963 ,τά
767 874 912 968 ίμάτια.“
946 879 1012 963 ,τά
1037 877 1173 968 ίμάτια“
1199 887 1262 952 τοῦ
1287 876 1392 969 λόγου
1416 883 1450 950 αί
1471 885 1575 966 λέξεις
1596 885 1658 951 είσὶ

355 985 417 1069 τῆς
445 985 590 1068 γραφῆς,
621 981 744 1067 ἔνδυμα
769 985 843 1048 τῶν
867 983 977 1049 θείων
1001 976 1189 1069 νοημάτων
1214 980 1257 1051 τά
1285 976 1418 1069 ῥήματά
1443 983 1515 1050 ἐστι
1540 985 1657 1050 ταῦτα

321 1075 403 1161 διδς
433 1069 497 1150 οὖν
526 1074 629 1161 αῦτδς
657 1075 753 1149 κάτω
787 1073 925 1159 άλλοῖος
955 1085 1111 1165 φαίνεται
1140 1085 1195 1148 καὶ
1225 1075 1352 1161 άναβάς
1381 1084 1659 1166 μεταμορφοῦται

353 1185 410 1249 καὶ
435 1184 562 1267 γίνεται
586 1175 650 1262 ,τό
675 1172 866 1266 πρόσωπον
891 1173 998 1248 αῦτοῦ
1024 1173 1073 1259 οάς
1098 1171 1118 1247 δ
1140 1171 1271 1266 ἦλιος,“
1297 1171 1393 1248 οῦτω
1419 1183 1475 1248 καί
1503 1176 1546 1247 τά
1567 1177 1659 1254 ἐνδό-

353 1304 443 1366 ματα
465 1273 582 1360 αῦτοῦ,
603 1271 698 1348 οὕτω
718 1283 773 1347 καὶ
794 1275 859 1361 ,τά
880 1274 1028 1366 ίμάτια“·
1050 1269 1137 1349 όταν
1158 1282 1194 1348 δὲ
1214 1268 1254 1363 ᾖς
1274 1273 1381 1358 κάτω,
1404 1271 1465 1346 σῦκ
1487 1277 1558 1347 ἔστι
1579 1285 1659 1364 λαμ-

353 1376 437 1466 πρά,
464 1373 527 1448 σόει
556 1378 627 1448 ἔστι
647 1373 803 1460 ,,λευκά“·
833 1373 893 1447 ἐὰν
922 1383 958 1447 δὲ
987 1373 1125 1465 άναβῇς,
1157 1373 1234 1463 όψει
1263 1372 1305 1445 τό
1331 1372 1483 1459 κάλλος
1510 1382 1567 1446 καί
1595 1373 1657 1460 ,τό

354 1484 450 1564 φῶςίί
471 1484 546 1547 τῶν
566 1479 724 1564 ἱματίων,
746 1481 801 1546 καί
823 1473 886 1562 ,τό
907 1471 1117 1565 πρόσωπον(
1142 1471 1325 1564 θαυμάσεις
1351 1479 1415 1545 τοῦ
1434 1469 1540 1563 Ἰησοῦ
1560 1501 1659 1564 μετα-

239 1581 241 1584 ’
305 1589 338 1644 10
353 1580 549 1664 μορφωθίν.

438 1669 501 1765 όρα
526 1681 563 1746 δε
588 1679 617 1745 εί
640 1672 686 1763 μὴ
713 1665 833 1761 ῗμοιόν
858 1680 929 1746 ἐστι
954 1680 1010 1745 καί
1036 1679 1073 1745 ἐν
1094 1691 1167 1756 τοῖς
1188 1670 1391 1762 εὐαγγελίοις
1412 1679 1489 1762 περὶ
1511 1679 1574 1745 τοῦ
1596 1697 1659 1744 σω-

355 1779 458 1863 τῆρος
486 1783 618 1862 μαθεῖν.
660 1772 703 1844 τδι
731 1779 792 1862 μὲν
823 1772 885 1864 γὰρ
917 1780 994 1863 περὶ
1025 1780 1086 1863 τῆς
1115 1779 1276 1863 γενέσεως
1306 1769 1423 1856 αὐτοῦ,
1445 1780 1659 1862 γενεαλογου-

353 1879 457 1962 μένου
477 1878 513 1960 ἐξ
530 1869 674 1963 Ἀβραάμ
693 1878 750 1943 καὶ
770 1879 1006 1962 ,γεννωμένου
1026 1879 1064 1945 ἐκ
1085 1878 1275 1962 σπέρματος
1290 1877 1394 1942 Δαυῒδ
1411 1870 1499 1942 κατὰ
1521 1869 1658 1960 σάρκα,“

355 1981 508 2058 ,,βίβλος“
530 1978 601 2045 ἐστὶ
621 1977 803 2062 ,γενέσεως
816 1967 920 2060 Ἰησοῦ
936 1978 1122 2061 Χριστοῦίί·
1144 1972 1188 2042 τά
1208 1976 1244 2041 δὲ
1265 1966 1424 2059 θειότερα
1445 1979 1502 2042 καὶ
1521 1979 1659 2060 μείζονα

305 2087 338 2138 15
355 2081 429 2145 τῶν
457 2080 535 2162 περὶ
564 2067 673 2144 αὐτοῦ
704 2077 962 2160 λεχθησομένων
992 2065 1034 2142 liv
1058 2077 1115 2142 καί
1140 2066 1197 2142 ὁπ’
1219 2067 1326 2142 αὐτοῦ
1354 2066 1659 2159 ἀπαγγελλομένων

356 2178 458 2262 φησίν
484 2168 503 2244 δ
524 2169 695 2261 Ἰωάννης,
722 2167 771 2254 αός
797 2166 862 2259 άρα
888 2166 987 2255 ,οῦδὲ
1012 2169 1076 2242 τόν
1101 2166 1229 2260 κόσμον
1255 2171 1346 2258 οἶμαι
1372 2189 1497 2258 χωρεῖν
1517 2170 1561 2241 τά
1582 2199 1660 2260 γρα-

355 2269 487 2362 φόμενα
521 2280 658 2356 βιβλία.“
700 2269 742 2342 τό
779 2270 841 2361 γάρ
876 2269 921 2360 μὴ
955 2287 1097 2358 ,χωρεῖν
1129 2268 1194 2340 τὸν
1226 2265 1355 2357 κόσμον
1388 2270 1433 2339 τά
1465 2266 1660 2360 γραφόμενα

353 2380 484 2460 βιβλίαίί
515 2369 557 2442 οῦ
587 2370 641 2442 διά
669 2369 711 2442 τό
743 2377 878 2460 πλῆθος
909 2375 983 2439 τῶν
1014 2366 1235 2458 γραμμάτων,
1267 2363 1316 2452 ὥς
1342 2397 1446 2452 τινες,
1473 2373 1658 2453 ἐκδεκτέον,

356 2467 442 2542 άλλά
467 2468 523 2540 διά
552 2470 594 2543 τό
620 2477 764 2559 μέγεθος
789 2477 863 2541 τῶν
888 2465 1110 2557 πραγμάτων·
1139 2474 1204 2540 τοῦ
1229 2475 1393 2558 μεγέθους
1413 2476 1488 2540 τῶν
1509 2466 1660 2559 πραγμά-

304 2587 339 2642 20
355 2599 430 2642 των
455 2566 497 2640 οῦ
521 2566 630 2659 μόνον
651 2567 692 2641 οῦ
714 2574 901 2658 δυναμένου
923 2565 1113 2657 γράφεσθαι
1139 2563 1211 2639 ἀλλ’
1234 2566 1312 2640 οὐδὲ
1333 2568 1388 2639 διὰ
1410 2567 1562 2657 γλώσσης
1583 2593 1659 2652 σαρ·

354 2676 447 2759 πίνης
483 2665 751 2758 ἀπαγγέλλεσθαι
784 2664 863 2739 οῦδὲ
889 2672 927 2738 ἐν
957 2673 1146 2750 διαλέκτοις
1174 2673 1231 2737 καὶ
1261 2686 1394 2754 φωναῖς
1422 2663 1660 2755 ἀνθρωπίναις

356 2775 586 2858 σημαίνεσθαι.
630 2761 714 2841 όθεν
734 2775 791 2839 καί
812 2773 962 2851 Παῦλος,
985 2766 1070 2838 ἐπάν
1091 2764 1278 2856 μανθάνειν
1299 2774 1403 2857 με’λλη
1425 2768 1468 2837 τὰ
1490 2763 1658 2854 θειότερα,

356 2870 421 2952 ἔξω
442 2873 508 2938 τοῦ
529 2864 609 2938 καθ>
632 2863 719 2957 ἡμᾶς
738 2874 909 2956 περιγείου
928 2863 1056 2956 κόσμου
1075 2870 1206 2954 γίνεται
1225 2873 1282 2938 καὶ
1302 2872 1348 2950 είς
1369 2873 1488 2953 τρίτον
1510 2861 1661 2954 οῦρανόν

355 2963 555 3057 άρπάζεται,
587 2969 642 3040 ίνα
673 2965 717 3037 τά
743 2971 876 3058 ἐκεῖθεν
904 2961 1057 3055 ,ἄρρητα
1083 2963 1236 3054 ῥήματα(
1268 2963 1409 3038 άκοῦσαι
1436 2971 1576 3056 δυνηθῇ.
1618 2967 1662 3036 τά

305 3083 338 3138 25
356 3067 419 3158 γάρ
451 3065 575 3139 ἐνθάδε
604 3065 794 3155 λαλούμενα
819 3073 875 3137 καί
901 3061 1002 3154 λόγος
1025 3067 1110 3136 είναι
1131 3070 1217 3137 θεοῦ
1239 3061 1449 3154 νομιζόμενα,
1472 3071 1535 3136 τοῦ
1558 3062 1662 3154 λόγου

356 3173 596 3257 σαρκωθέντος
617 3173 673 3238 καὶ
698 3165 788 3239 καθὸ
807 3162 929 3250 ,,θεός“
951 3169 1022 3235 ἐστι
1044 3167 1149 3254 ,πρὸς
1171 3165 1235 3237 τόν
1256 3164 1360 3237 θεόν“
1383 3166 1506 3237 ἑαυτὸν
1525 3172 1662 3237 κενοῦν-

355 3296 424 3352 τος,
447 3264 700 3356 ἀπαγγέλλεται.

439 3363 554 3454 διόπερ
581 3369 645 3440 τόν
678 3372 741 3438 τοῦ
769 3371 854 3436 θεοῦ
880 3361 984 3452 λόγον
1012 3369 1067 3435 ἐπὶ
1096 3370 1190 3454 ,,γι”γς,
1213 3370 1283 3436 ἐπεὶ
1305 3357 1494 3452 άνθρωπος
1516 3369 1661 3453 γέγονεν,

357 3463 582 3555 άνθριόπινον
608 3472 787 3554 βλέπομεν·
819 3462 871 3536 άεί
896 3465 959 3554 γάρ
985 3469 1022 3535 ἐν
1043 3483 1117 3546 ταῖς
1140 3481 1284 3552 γραφαῖς
1307 3458 1347 3548 ,δ
1369 3460 1470 3553 λόγος
1492 3463 1575 3551 σὰρξ
1596 3467 1662 3552 ίγέ-

305 3581 340 3635 30
357 3577 467 3652 νετο,“
495 3571 550 3638 ἵνα
579 3563 825 3654 κατασκηνάση
855 3569 913 3650 ,ἐν
943 3560 1055 3655 ἦμῑνίλ·
1083 3559 1157 3636 ἀλλ’
1180 3562 1240 3634 ἐὰν
1270 3568 1316 3646 είς
1341 3561 1403 3646 ,τό
1426 3569 1575 3652 στῆθοςα
1597 3568 1661 3634 τοῦ

441 3757 456 3808 1
473 3754 536 3824 vgl.
554 3755 654 3808 Matth.
672 3755 714 3820 17,
731 3756 755 3806 1.
773 3754 798 3807 2.
821 3783 854 3791 -
873 3752 912 3807 16
933 3750 993 3820 vgl.
1005 3751 1082 3806 an.
1096 3753 1120 3816 1,
1132 3752 1155 3806 3.
1179 3751 1206 3804 ΙΙ
1217 3749 1286 3804 Tim.
1300 3751 1324 3816 2,
1336 3751 1361 3805 8.
1378 3779 1411 3788 -
1431 3749 1469 3804 14
1486 3747 1549 3818 ng
1562 3749 1662 3804 Matth.

357 3843 381 3904 1,
394 3843 417 3894 1.
436 3870 469 3879 —
488 3840 526 3895 16
545 3839 608 3910 vgl.
626 3837 688 3892 Joh.
700 3839 742 3902 21,
760 3839 802 3892 25.
819 3867 853 3877 -
869 3837 909 3892 26
927 3836 993 3905 Vgl.
1011 3836 1037 3889 II
1048 3836 1113 3890 Κοε.
1126 3837 1167 3901 12,
1185 3837 1260 3890 2-4.
1278 3865 1311 3873 -
1328 3834 1368 3890 25
1387 3833 1449 3904 Vgl.
1468 3833 1529 3888 Joh.
1548 3837 1661 3898 1,1.14.

356 3925 428 3980 Phil.
446 3926 472 3990 2,
490 3927 514 3978 7.
532 3954 566 3964 -·
584 3923 624 3979 29
642 3921 815 3992 17311011,
829 3923 869 3976 14.
887 3951 921 3959 -
938 3921 976 3975 66
992 3920 1055 3990 Vgl.
1068 3919 1130 3975 Joh
1142 3922 1183 3986 13,
1197 3921 1238 3976 25.

441 4093 455 4148 1
479 4093 541 4162 (καί
563 4084 599 4146 τά
623 4085 722 4159 ίμάτια
739 4089 782 4144 bis
805 4090 831 4144 8.
850 4091 900 4144 149
918 4087 945 4141 Z.
964 4089 996 4143 16
1013 4093 1072 4142 τῶν
1090 4087 1207 4142 δικαίων
1226 4079 1542 4155 αῦτοῦ>1ῑὶςεὶο11ευε
1562 4085 1589 4140 Φ
1605 4085 1665 4140 hier

357 4179 415 4243 ein3
436 4177 493 4246 vgl.
511 4177 600 4230 meina
618 4174 808 4243 Abhandlung
829 4173 899 4240 „min
916 4173 1065 4242 Fragment
1082 4171 1129 4226 des
1147 4169 1295 4240 θήρευσε*
1320 4172 1357 4240 (in
1376 4171 1425 4225 der
1441 4171 1602 4226 Festschrift
1618 4172 1665 4225 des

357 4264 457 4318 Jenaer
479 4261 671 4332 Gymnasiums
697 4277 745 4313 zur
770 4258 950 4327 350jfihrigen
973 4255 1122 4310 Jubelfeier
1148 4255 1196 4310 des
1220 4255 1386 4310 Eisenaoher
1404 4256 1593 4326 Gymnasium
1619 4273 1665 4310 am

358 4351 399 4403 18.
418 4347 535 4401 October
552 4347 631 4408 1894,
648 4343 719 4398 ίουα
735 4343 907 4397 Νευοιιλυῦυι
925 4341 1003 4405 1894,
1021 4341 1047 4397 θ.
1065 4339 1177 4408 51-58)
1201 4341 1207 4409 Ι
1230 4341 1248 4396 2
1277 4334 1352 4410 ὄφει]
1372 4332 1433 4412 όψη
1449 4342 1503 4396 Ρεί
1524 4343 1528 4409 Ι
1550 4341 1567 4396 3
1593 4339 1666 4396 εἰσιν

358 4434 412 4488 Ρεί
430 4433 468 4502 19
491 4426 559 4501 ἔστι]
579 4424 620 4486 ἔτι
638 4431 691 4484 Ρεί
709 4430 714 4497 l
735 4430 754 4485 8
772 4423 842 4496 ἔστι]
861 4421 900 4482 ἔτι
918 4427 994 4494 ΡείΙ
1015 4420 1090 4494 ὄψει]
1110 4418 1171 4494 διγη
1188 4426 1243 4479 Pat
1261 4431 1266 4493 Ι
1285 4425 1321 4480 16
1342 4411 1401 4493 ἆρα
1420 4426 1491 4493 pat!
1508 4412 1572 4480 οῦδε
1589 4425 1641 4480 Ρεί

361 4520 400 4574 19
417 4517 543 4588 μέγεθος
560 4521 619 4570 τῶν
634 4509 824 4586 πραγμάτων]
842 4514 955 4579 πλῆθος
972 4511 995 4564 Β
1015 4513 1020 4578 1
1039 4513 1092 4565 τοῦ
1109 4508 1251 4578 μεγέθους
1268 4512 1327 4564 τῶν
1344 4506 1522 4579 πραγμάτων
1539 4519 1572 4569 <
1590 4509 1640 4564 OD

359 4603 401 4658 20
420 4596 454 4656 οῦ
471 4598 564 4669 μόνον
582 4595 625 4670 ov]
646 4594 681 4654 οὐ
698 4595 793 4667 μόνον
809 4589 848 4665 μὴ
866 4597 889 4649 Β
912 4599 917 4664 Ι
941 4589 1011 4664 ἀλλ’]
1030 4596 1079 4648 καί
1096 4594 1150 4647 Pat
1169 4595 1173 4660 1
1194 4593 1235 4648 24
1253 4589 1363 4648 ἐκεῖθεν
1381 4594 1476 4648 BRob.
1495 4589 1596 4649 ἐνθάδε
1615 4595 1667 4647 Ρεί

360 4685 545 4754 61188126
562 4679 641 4742 καθὸ
661 4679 740 4754 θεός]
759 4674 836 4738 καθό
858 4673 873 4735 ό
893 4676 963 4745 θεός
981 4679 1090 4734 PatCD
1106 4681 1111 4748 Ι
1127 4678 1166 4734 28
1184 4675 1287 4748 γέγονε
1307 4678 1407 4732 woh.
