<?xml version="1.0" encoding="UTF-8"?>
<!DOCTYPE html PUBLIC "-//W3C//DTD XHTML 1.0 Transitional//EN"
    "http://www.w3.org/TR/xhtml1/DTD/xhtml1-transitional.dtd">
<html xmlns="http://www.w3.org/1999/xhtml" xml:lang="en" lang="en">
 <head>
  <title>
</title>
<meta http-equiv="Content-Type" content="text/html;charset=utf-8" />
  <meta name='ocr-system' content='tesseract 3.04.00' />
  <meta name='ocr-capabilities' content='ocr_page ocr_carea ocr_par ocr_line ocrx_word'/>
</head>
<body>
  <div class='ocr_page' id='page_1' title='image "./diegriechischen01wissgoog/diegriechischen01wissgoog_0170.png"; bbox 0 0 3790 5526; ppageno 0'>
   <div class='ocr_carea' id='block_1_1' title="bbox 370 491 1132 562">
    <p class='ocr_par' dir='ltr' id='par_1_1' title="bbox 370 491 1132 562">
     <span class='ocr_line' id='line_1_1' title="bbox 370 491 1132 562; baseline 0.001 -17"><span class='ocrx_word' id='word_1_1' title='bbox 370 500 428 562; x_wconf 77' lang='lat'><em>110</em></span> <span class='ocrx_word' id='word_1_2' title='bbox 908 491 1132 546; x_wconf 78' lang='grc' dir='ltr'><em>ΩΡΙΡΕΝΟΥΣ</em></span> 
     </span>
    </p>
   </div>
   <div class='ocr_carea' id='block_1_2' title="bbox 282 648 1740 2427">
    <p class='ocr_par' dir='ltr' id='par_1_2' title="bbox 282 648 1740 2427">
     <span class='ocr_line' id='line_1_2' title="bbox 366 648 1674 745; baseline -0.002 -21"><span class='ocrx_word' id='word_1_3' title='bbox 366 657 413 737; x_wconf 89' lang='grc' dir='ltr'><em>είς</em></span> <span class='ocrx_word' id='word_1_4' title='bbox 435 659 540 725; x_wconf 85' lang='grc' dir='ltr'><em>τοῦτο</em></span> <span class='ocrx_word' id='word_1_5' title='bbox 563 648 673 742; x_wconf 88' lang='grc' dir='ltr'><em>ἀλίγα·</em></span> <span class='ocrx_word' id='word_1_6' title='bbox 696 659 768 724; x_wconf 79' lang='grc' dir='ltr'><em>ἐπεὶ</em></span> <span class='ocrx_word' id='word_1_7' title='bbox 791 660 826 724; x_wconf 81' lang='grc' dir='ltr'><em>δὲ</em></span> <span class='ocrx_word' id='word_1_8' title='bbox 849 651 891 724; x_wconf 81' lang='grc' dir='ltr'><em>τὰ</em></span> <span class='ocrx_word' id='word_1_9' title='bbox 913 650 1161 742; x_wconf 81' lang='grc' dir='ltr'><em>έπικαιρότερα·</em></span> <span class='ocrx_word' id='word_1_10' title='bbox 1172 653 1236 745; x_wconf 83' lang='grc' dir='ltr'><em>χρὴ</em></span> <span class='ocrx_word' id='word_1_11' title='bbox 1256 659 1365 741; x_wconf 87' lang='grc' dir='ltr'><em>λέγειν</em></span> <span class='ocrx_word' id='word_1_12' title='bbox 1382 651 1469 741; x_wconf 86' lang='grc' dir='ltr'><em>πρὸς</em></span> <span class='ocrx_word' id='word_1_13' title='bbox 1484 651 1524 724; x_wconf 87' lang='grc' dir='ltr'><em>τὸ</em></span> <span class='ocrx_word' id='word_1_14' title='bbox 1543 659 1674 724; x_wconf 78' lang='grc' dir='ltr'><strong><em>Κέλσου</em></strong></span> 
     </span>
     <span class='ocr_line' id='line_1_3' title="bbox 366 745 1673 844; baseline 0.001 -21"><span class='ocrx_word' id='word_1_15' title='bbox 366 751 568 843; x_wconf 81' lang='grc' dir='ltr'><em>σύγγραμμα,</em></span> <span class='ocrx_word' id='word_1_16' title='bbox 591 760 667 842; x_wconf 83' lang='grc' dir='ltr'><em>περὶ</em></span> <span class='ocrx_word' id='word_1_17' title='bbox 688 759 852 842; x_wconf 82' lang='grc' dir='ltr'><em>μαγείας</em></span> <span class='ocrx_word' id='word_1_18' title='bbox 874 757 983 842; x_wconf 79' lang='grc' dir='ltr'><em>φαμὲν</em></span> <span class='ocrx_word' id='word_1_19' title='bbox 1006 745 1061 826; x_wconf 86' lang='grc' dir='ltr'><em>ότι</em></span> <span class='ocrx_word' id='word_1_20' title='bbox 1083 748 1103 824; x_wconf 89' lang='grc' dir='ltr'><em>δ</em></span> <span class='ocrx_word' id='word_1_21' title='bbox 1121 750 1326 842; x_wconf 88' lang='grc' dir='ltr'><em>βουλόμενος</em></span> <span class='ocrx_word' id='word_1_22' title='bbox 1343 749 1504 839; x_wconf 77' lang='grc' dir='ltr'><em>ἐξετάσαι,</em></span> <span class='ocrx_word' id='word_1_23' title='bbox 1523 750 1673 844; x_wconf 89' lang='grc' dir='ltr'><em>πότερόν</em></span> 
     </span>
     <span class='ocr_line' id='line_1_4' title="bbox 365 847 1672 942; baseline 0 -17"><span class='ocrx_word' id='word_1_24' title='bbox 365 881 453 925; x_wconf 88' lang='grc' dir='ltr'><em>ποτε</em></span> <span class='ocrx_word' id='word_1_25' title='bbox 479 860 535 923; x_wconf 86' lang='grc' dir='ltr'><em>καὶ</em></span> <span class='ocrx_word' id='word_1_26' title='bbox 558 849 743 940; x_wconf 89' lang='grc' dir='ltr'><em>φιλόσοφοι</em></span> <span class='ocrx_word' id='word_1_27' title='bbox 764 848 894 924; x_wconf 83' lang='grc' dir='ltr'><em>ἀλωτοί</em></span> <span class='ocrx_word' id='word_1_28' title='bbox 915 857 998 924; x_wconf 79' lang='grc' dir='ltr'><em>εἰσιν</em></span> <span class='ocrx_word' id='word_1_29' title='bbox 1021 849 1106 941; x_wconf 81' lang='grc' dir='ltr'><em>αότῇ</em></span> <span class='ocrx_word' id='word_1_30' title='bbox 1128 847 1149 942; x_wconf 79' lang='grc' dir='ltr'>ἢ</span> <span class='ocrx_word' id='word_1_31' title='bbox 1170 852 1229 942; x_wconf 83' lang='grc' dir='ltr'><em>μὴ,</em></span> <span class='ocrx_word' id='word_1_32' title='bbox 1257 849 1448 941; x_wconf 77' lang='grc' dir='ltr'><em>ἀναγνώτω</em></span> <span class='ocrx_word' id='word_1_33' title='bbox 1470 851 1514 924; x_wconf 83' lang='grc' dir='ltr'><em>τά</em></span> <span class='ocrx_word' id='word_1_34' title='bbox 1535 880 1672 941; x_wconf 87' lang='grc' dir='ltr'><em>γεγραμ·</em></span> 
     </span>
     <span class='ocr_line' id='line_1_5' title="bbox 364 947 1672 1042; baseline 0.001 -20"><span class='ocrx_word' id='word_1_35' title='bbox 364 958 448 1042; x_wconf 87' lang='grc' dir='ltr'><em>μένα</em></span> <span class='ocrx_word' id='word_1_36' title='bbox 475 957 677 1040; x_wconf 85' lang='grc' dir='ltr'><em>Μοιραγένει</em></span> <span class='ocrx_word' id='word_1_37' title='bbox 707 958 781 1022; x_wconf 80' lang='grc' dir='ltr'><em>τῶν</em></span> <span class='ocrx_word' id='word_1_38' title='bbox 811 947 1043 1024; x_wconf 77' lang='grc' dir='ltr'><strong><em>Ἀπολλωνίου</em></strong></span> <span class='ocrx_word' id='word_1_39' title='bbox 1075 960 1138 1024; x_wconf 87' lang='grc' dir='ltr'><em>τοῦ</em></span> <span class='ocrx_word' id='word_1_40' title='bbox 1172 959 1325 1036; x_wconf 82' lang='grc' dir='ltr'><em>Τυανέως</em></span> <span class='ocrx_word' id='word_1_41' title='bbox 1353 949 1462 1040; x_wconf 89' lang='grc' dir='ltr'><em>μάγου</em></span> <span class='ocrx_word' id='word_1_42' title='bbox 1490 959 1545 1022; x_wconf 86' lang='grc' dir='ltr'><em>καὶ</em></span> <span class='ocrx_word' id='word_1_43' title='bbox 1576 961 1672 1039; x_wconf 89' lang='grc' dir='ltr'><em>φιλο-</em></span> 
     </span>
     <span class='ocr_line' id='line_1_6' title="bbox 331 1047 1671 1141; baseline 0.001 -20"><span class='ocrx_word' id='word_1_44' title='bbox 331 1048 475 1139; x_wconf 76' lang='grc' dir='ltr'><em>σσόφου</em></span> <span class='ocrx_word' id='word_1_45' title='bbox 495 1047 870 1140; x_wconf 76' lang='grc' dir='ltr'><em>ἀπομνημονευμάτων·</em></span> <span class='ocrx_word' id='word_1_46' title='bbox 900 1056 937 1122; x_wconf 78' lang='grc' dir='ltr'><em>ἐν</em></span> <span class='ocrx_word' id='word_1_47' title='bbox 962 1052 1013 1135; x_wconf 84' lang='grc' dir='ltr'><em>οίς</em></span> <span class='ocrx_word' id='word_1_48' title='bbox 1036 1047 1055 1122; x_wconf 86' lang='grc' dir='ltr'><em>δ</em></span> <span class='ocrx_word' id='word_1_49' title='bbox 1076 1051 1121 1141; x_wconf 83' lang='grc' dir='ltr'><em>μὴ</em></span> <span class='ocrx_word' id='word_1_50' title='bbox 1145 1050 1349 1140; x_wconf 83' lang='grc' dir='ltr'><em>Χριστιανὸς</em></span> <span class='ocrx_word' id='word_1_51' title='bbox 1371 1047 1457 1123; x_wconf 86' lang='grc' dir='ltr'><em>ἀλλὰ</em></span> <span class='ocrx_word' id='word_1_52' title='bbox 1481 1049 1671 1139; x_wconf 92' lang='grc' dir='ltr'><em>φιλόσοφος</em></span> 
     </span>
     <span class='ocr_line' id='line_1_7' title="bbox 282 1146 1671 1243; baseline 0.002 -25"><span class='ocrx_word' id='word_1_53' title='bbox 282 1166 349 1219; x_wconf 84' lang='lat' dir='ltr'>152r</span> <span class='ocrx_word' id='word_1_54' title='bbox 366 1154 490 1241; x_wconf 80' lang='grc' dir='ltr'><em>ἔφησεν</em></span> <span class='ocrx_word' id='word_1_55' title='bbox 512 1146 644 1222; x_wconf 81' lang='grc' dir='ltr'><em>άλῶναι</em></span> <span class='ocrx_word' id='word_1_56' title='bbox 665 1147 732 1221; x_wconf 84' lang='grc' dir='ltr'><em>δπδ</em></span> <span class='ocrx_word' id='word_1_57' title='bbox 756 1156 817 1239; x_wconf 84' lang='grc' dir='ltr'><em>τῆς</em></span> <span class='ocrx_word' id='word_1_58' title='bbox 838 1155 875 1221; x_wconf 83' lang='grc' dir='ltr'><em>ἐν</em></span> <span class='ocrx_word' id='word_1_59' title='bbox 896 1147 1118 1240; x_wconf 74' lang='grc' dir='ltr'><em>Ἀπολλωνίῳ</em></span> <span class='ocrx_word' id='word_1_60' title='bbox 1146 1159 1150 1237; x_wconf 96' lang='grc' dir='ltr'>Ι</span> <span class='ocrx_word' id='word_1_61' title='bbox 1177 1159 1339 1243; x_wconf 87' lang='grc' dir='ltr'><em>μαγείας</em></span> <span class='ocrx_word' id='word_1_62' title='bbox 1365 1147 1427 1222; x_wconf 85' lang='grc' dir='ltr'><em>οάκ</em></span> <span class='ocrx_word' id='word_1_63' title='bbox 1452 1147 1602 1238; x_wconf 79' lang='grc' dir='ltr'><em>ἀγεννεῖς</em></span> <span class='ocrx_word' id='word_1_64' title='bbox 1624 1180 1671 1222; x_wconf 90' lang='grc' dir='ltr'><em>τι·</em></span> 
     </span>
     <span class='ocr_line' id='line_1_8' title="bbox 365 1246 1672 1340; baseline -0.002 -18"><span class='ocrx_word' id='word_1_65' title='bbox 365 1279 425 1334; x_wconf 92' lang='grc' dir='ltr'><em>νας</em></span> <span class='ocrx_word' id='word_1_66' title='bbox 456 1247 668 1337; x_wconf 82' lang='grc' dir='ltr'><strong><em>φιλοσόφους</em></strong></span> <span class='ocrx_word' id='word_1_67' title='bbox 698 1246 746 1332; x_wconf 67' lang='grc' dir='ltr'><em>αἶς</em></span> <span class='ocrx_word' id='word_1_68' title='bbox 775 1249 861 1338; x_wconf 91' lang='grc' dir='ltr'><em>πρός</em></span> <span class='ocrx_word' id='word_1_69' title='bbox 892 1247 1000 1340; x_wconf 90' lang='grc' dir='ltr'><em>γόητα</em></span> <span class='ocrx_word' id='word_1_70' title='bbox 1027 1247 1135 1323; x_wconf 76' lang='grc' dir='ltr'><em>αὐτόν</em></span> <span class='ocrx_word' id='word_1_71' title='bbox 1167 1249 1399 1330; x_wconf 84' lang='grc' dir='ltr'><em>εἰσελθόντας·</em></span> <span class='ocrx_word' id='word_1_72' title='bbox 1432 1253 1469 1319; x_wconf 85' lang='grc' dir='ltr'><em>έν</em></span> <span class='ocrx_word' id='word_1_73' title='bbox 1500 1249 1551 1332; x_wconf 76' lang='grc' dir='ltr'><em>οἷς</em></span> <span class='ocrx_word' id='word_1_74' title='bbox 1581 1249 1672 1336; x_wconf 77' lang='grc' dir='ltr'><em>οἶμαι</em></span> 
     </span>
     <span class='ocr_line' id='line_1_9' title="bbox 363 1344 1670 1440; baseline -0.002 -19"><span class='ocrx_word' id='word_1_75' title='bbox 363 1358 420 1421; x_wconf 82' lang='grc' dir='ltr'><em>καί</em></span> <span class='ocrx_word' id='word_1_76' title='bbox 449 1357 527 1440; x_wconf 88' lang='grc' dir='ltr'><em>περὶ</em></span> <span class='ocrx_word' id='word_1_77' title='bbox 554 1346 740 1436; x_wconf 74' lang='grc' dir='ltr'><em>βλάφράτου</em></span> <span class='ocrx_word' id='word_1_78' title='bbox 766 1355 860 1438; x_wconf 88' lang='grc' dir='ltr'><em>&lt;τοῦ&gt;</em></span> <span class='ocrx_word' id='word_1_79' title='bbox 890 1347 984 1420; x_wconf 90' lang='grc' dir='ltr'><em>πάνυ</em></span> <span class='ocrx_word' id='word_1_80' title='bbox 1014 1347 1195 1440; x_wconf 86' lang='grc' dir='ltr'><em>διηγήσατο</em></span> <span class='ocrx_word' id='word_1_81' title='bbox 1226 1358 1283 1421; x_wconf 92' lang='grc' dir='ltr'><em>καί</em></span> <span class='ocrx_word' id='word_1_82' title='bbox 1313 1378 1407 1432; x_wconf 93' lang='grc' dir='ltr'><em>τινος</em></span> <span class='ocrx_word' id='word_1_83' title='bbox 1435 1344 1670 1437; x_wconf 83' lang='grc' dir='ltr'><em>Ἐπικουρείου.</em></span> 
     </span>
     <span class='ocr_line' id='line_1_10' title="bbox 366 1440 1740 1541; baseline -0.006 -21"><span class='ocrx_word' id='word_1_84' title='bbox 366 1455 369 1540; x_wconf 77' lang='lat'>1</span> <span class='ocrx_word' id='word_1_85' title='bbox 397 1447 677 1537; x_wconf 82' lang='grc' dir='ltr'><em>διαβεβαιούμεθα</em></span> <span class='ocrx_word' id='word_1_86' title='bbox 709 1452 745 1518; x_wconf 80' lang='grc' dir='ltr'><em>δὲ</em></span> <span class='ocrx_word' id='word_1_87' title='bbox 775 1445 866 1537; x_wconf 83' lang='grc' dir='ltr'><em>ἡμεῖς</em></span> <span class='ocrx_word' id='word_1_88' title='bbox 892 1455 946 1518; x_wconf 83' lang='grc' dir='ltr'><em>καὶ</em></span> <span class='ocrx_word' id='word_1_89' title='bbox 974 1456 1017 1537; x_wconf 80' lang='grc' dir='ltr'><em>τῇ</em></span> <span class='ocrx_word' id='word_1_90' title='bbox 1043 1456 1143 1541; x_wconf 82' lang='grc' dir='ltr'><em>πείρᾳ</em></span> <span class='ocrx_word' id='word_1_91' title='bbox 1169 1448 1425 1539; x_wconf 78' lang='grc' dir='ltr'><em>παραλαβόντες</em></span> <span class='ocrx_word' id='word_1_92' title='bbox 1452 1440 1508 1519; x_wconf 82' lang='grc' dir='ltr'><em>ότι</em></span> <span class='ocrx_word' id='word_1_93' title='bbox 1529 1451 1561 1518; x_wconf 83' lang='grc' dir='ltr'><em>οί</em></span> <span class='ocrx_word' id='word_1_94' title='bbox 1583 1446 1670 1518; x_wconf 81' lang='grc' dir='ltr'><em>κατὰ</em></span> <span class='ocrx_word' id='word_1_95' title='bbox 1688 1460 1740 1514; x_wconf 84' lang='grc'><em>663</em></span> 
     </span>
     <span class='ocr_line' id='line_1_11' title="bbox 314 1544 1670 1640; baseline -0.004 -18"><span class='ocrx_word' id='word_1_96' title='bbox 314 1571 347 1625; x_wconf 88' lang='grc'><em>10</em></span> <span class='ocrx_word' id='word_1_97' title='bbox 362 1548 617 1640; x_wconf 85' lang='grc' dir='ltr'><em>χριστιανισμόν</em></span> <span class='ocrx_word' id='word_1_98' title='bbox 650 1548 704 1618; x_wconf 84' lang='grc' dir='ltr'><em>διὰ</em></span> <span class='ocrx_word' id='word_1_99' title='bbox 734 1554 797 1618; x_wconf 89' lang='grc' dir='ltr'><em>τοῦ</em></span> <span class='ocrx_word' id='word_1_100' title='bbox 826 1544 931 1637; x_wconf 80' lang='grc' dir='ltr'><em>Ἰησοῦ</em></span> <span class='ocrx_word' id='word_1_101' title='bbox 958 1549 1021 1620; x_wconf 87' lang='grc' dir='ltr'><em>τόν</em></span> <span class='ocrx_word' id='word_1_102' title='bbox 1048 1553 1103 1619; x_wconf 78' lang='grc' dir='ltr'><em>ἐπὶ</em></span> <span class='ocrx_word' id='word_1_103' title='bbox 1129 1555 1211 1620; x_wconf 85' lang='grc' dir='ltr'><em>πᾶσι</em></span> <span class='ocrx_word' id='word_1_104' title='bbox 1237 1547 1487 1636; x_wconf 83' lang='grc' dir='ltr'><em>θεραπεύοντες</em></span> <span class='ocrx_word' id='word_1_105' title='bbox 1508 1547 1593 1619; x_wconf 89' lang='grc' dir='ltr'><em>θεὸν</em></span> <span class='ocrx_word' id='word_1_106' title='bbox 1615 1554 1670 1617; x_wconf 82' lang='grc' dir='ltr'><em>καὶ</em></span> 
     </span>
     <span class='ocr_line' id='line_1_12' title="bbox 363 1643 1669 1737; baseline 0 -19"><span class='ocrx_word' id='word_1_107' title='bbox 363 1655 516 1734; x_wconf 84' lang='grc' dir='ltr'><em>βιοῦντες</em></span> <span class='ocrx_word' id='word_1_108' title='bbox 545 1647 632 1718; x_wconf 83' lang='grc' dir='ltr'><em>κατὰ</em></span> <span class='ocrx_word' id='word_1_109' title='bbox 659 1646 701 1718; x_wconf 90' lang='grc' dir='ltr'><em>τὸ</em></span> <span class='ocrx_word' id='word_1_110' title='bbox 729 1643 923 1737; x_wconf 81' lang='grc' dir='ltr'><em>εόαγγέλιον</em></span> <span class='ocrx_word' id='word_1_111' title='bbox 950 1645 1056 1720; x_wconf 76' lang='grc' dir='ltr'><em>αὐτοῦ</em></span> <span class='ocrx_word' id='word_1_112' title='bbox 1085 1667 1160 1731; x_wconf 88' lang='grc' dir='ltr'><em>ταῖς</em></span> <span class='ocrx_word' id='word_1_113' title='bbox 1187 1653 1470 1735; x_wconf 86' lang='grc' dir='ltr'><em>προσταχθείσαις</em></span> <span class='ocrx_word' id='word_1_114' title='bbox 1496 1675 1534 1717; x_wconf 87' lang='grc' dir='ltr'><em>τε</em></span> <span class='ocrx_word' id='word_1_115' title='bbox 1561 1643 1669 1735; x_wconf 82' lang='grc' dir='ltr'><em>εὐχαῖς</em></span> 
     </span>
     <span class='ocr_line' id='line_1_13' title="bbox 364 1743 1668 1838; baseline -0.003 -19"><span class='ocrx_word' id='word_1_116' title='bbox 364 1753 601 1836; x_wconf 80' lang='grc' dir='ltr'><em>συνεχέστερον</em></span> <span class='ocrx_word' id='word_1_117' title='bbox 621 1753 676 1816; x_wconf 84' lang='grc' dir='ltr'><em>καὶ</em></span> <span class='ocrx_word' id='word_1_118' title='bbox 699 1744 849 1830; x_wconf 87' lang='grc' dir='ltr'><em>δεόντως</em></span> <span class='ocrx_word' id='word_1_119' title='bbox 871 1747 996 1831; x_wconf 87' lang='grc' dir='ltr'><em>νυκτὸς</em></span> <span class='ocrx_word' id='word_1_120' title='bbox 1018 1755 1072 1819; x_wconf 88' lang='grc' dir='ltr'><em>καὶ</em></span> <span class='ocrx_word' id='word_1_121' title='bbox 1096 1744 1218 1836; x_wconf 84' lang='grc' dir='ltr'><em>ἡμέρας</em></span> <span class='ocrx_word' id='word_1_122' title='bbox 1238 1747 1407 1837; x_wconf 76' lang='grc' dir='ltr'><em>χρεόμενοι</em></span> <span class='ocrx_word' id='word_1_123' title='bbox 1427 1743 1507 1818; x_wconf 80' lang='grc' dir='ltr'><em>οὔτε</em></span> <span class='ocrx_word' id='word_1_124' title='bbox 1528 1752 1668 1838; x_wconf 83' lang='grc' dir='ltr'><em>μαγείᾳ</em></span> 
     </span>
     <span class='ocr_line' id='line_1_14' title="bbox 364 1841 1669 1936; baseline 0 -18"><span class='ocrx_word' id='word_1_125' title='bbox 364 1843 445 1918; x_wconf 80' lang='grc' dir='ltr'><em>οὔτε</em></span> <span class='ocrx_word' id='word_1_126' title='bbox 483 1853 671 1936; x_wconf 83' lang='grc' dir='ltr'><em>δαιμονίοις</em></span> <span class='ocrx_word' id='word_1_127' title='bbox 701 1851 782 1916; x_wconf 81' lang='grc' dir='ltr'><em>εἰσὶν</em></span> <span class='ocrx_word' id='word_1_128' title='bbox 812 1841 951 1918; x_wconf 76' lang='grc' dir='ltr'><em>ἁλωτοί.</em></span> <span class='ocrx_word' id='word_1_129' title='bbox 998 1843 1140 1936; x_wconf 77' lang='grc' dir='ltr'><em>ἀληθῶς</em></span> <span class='ocrx_word' id='word_1_130' title='bbox 1178 1849 1241 1936; x_wconf 83' lang='grc' dir='ltr'><em>γὰρ</em></span> <span class='ocrx_word' id='word_1_131' title='bbox 1271 1855 1497 1936; x_wconf 79' lang='grc' dir='ltr'><em>,,παρεμβαλεῖ</em></span> <span class='ocrx_word' id='word_1_132' title='bbox 1530 1841 1669 1934; x_wconf 87' lang='grc' dir='ltr'><em>ἀγγελος</em></span> 
     </span>
     <span class='ocr_line' id='line_1_15' title="bbox 362 1941 1667 2036; baseline -0.002 -18"><span class='ocrx_word' id='word_1_133' title='bbox 362 1953 480 2034; x_wconf 90' lang='grc' dir='ltr'><em>κυρίου</em></span> <span class='ocrx_word' id='word_1_134' title='bbox 500 1945 614 2036; x_wconf 84' lang='grc' dir='ltr'><strong><em>κύκλῳ</em></strong></span> <span class='ocrx_word' id='word_1_135' title='bbox 638 1953 712 2016; x_wconf 83' lang='grc' dir='ltr'><em>τῶν</em></span> <span class='ocrx_word' id='word_1_136' title='bbox 733 1953 957 2035; x_wconf 81' lang='grc' dir='ltr'><em>φοβουμένων</em></span> <span class='ocrx_word' id='word_1_137' title='bbox 977 1942 1084 2018; x_wconf 86' lang='grc' dir='ltr'><em>αάτδν</em></span> <span class='ocrx_word' id='word_1_138' title='bbox 1104 1956 1161 2018; x_wconf 85' lang='grc' dir='ltr'><em>καὶ</em></span> <span class='ocrx_word' id='word_1_139' title='bbox 1180 1945 1315 2033; x_wconf 81' lang='grc' dir='ltr'><em>ῥύσεται</em></span> <span class='ocrx_word' id='word_1_140' title='bbox 1333 1943 1477 2027; x_wconf 44' lang='grc' dir='ltr'><em>αάτούςίί</em></span> <span class='ocrx_word' id='word_1_141' title='bbox 1498 1941 1567 2018; x_wconf 86' lang='grc' dir='ltr'><em>ἀπὸ</em></span> <span class='ocrx_word' id='word_1_142' title='bbox 1584 1973 1667 2016; x_wconf 87' lang='grc' dir='ltr'><em>παν-</em></span> 
     </span>
     <span class='ocr_line' id='line_1_16' title="bbox 312 2040 1667 2138; baseline -0.001 -20"><span class='ocrx_word' id='word_1_143' title='bbox 312 2065 344 2118; x_wconf 83' lang='grc'><em>15</em></span> <span class='ocrx_word' id='word_1_144' title='bbox 362 2047 423 2128; x_wconf 86' lang='grc' dir='ltr'><em>τὸς</em></span> <span class='ocrx_word' id='word_1_145' title='bbox 444 2053 561 2117; x_wconf 85' lang='grc' dir='ltr'><em>κακοῦ·</em></span> <span class='ocrx_word' id='word_1_146' title='bbox 590 2052 645 2116; x_wconf 89' lang='grc' dir='ltr'><em>καὶ</em></span> <span class='ocrx_word' id='word_1_147' title='bbox 672 2047 725 2129; x_wconf 74' lang='lat' dir='ltr'><em>„ol</em></span> <span class='ocrx_word' id='word_1_148' title='bbox 748 2040 902 2134; x_wconf 49' lang='grc' dir='ltr'><em>ἄγγελοί(</em></span> <span class='ocrx_word' id='word_1_149' title='bbox 925 2053 998 2115; x_wconf 82' lang='grc' dir='ltr'><em>τῶν</em></span> <span class='ocrx_word' id='word_1_150' title='bbox 1024 2050 1061 2116; x_wconf 82' lang='grc' dir='ltr'><em>έν</em></span> <span class='ocrx_word' id='word_1_151' title='bbox 1083 2053 1126 2134; x_wconf 83' lang='grc' dir='ltr'><em>τῇ</em></span> <span class='ocrx_word' id='word_1_152' title='bbox 1148 2049 1304 2138; x_wconf 75' lang='grc' dir='ltr'><em>ἐκκλησίᾳ</em></span> <span class='ocrx_word' id='word_1_153' title='bbox 1325 2052 1456 2134; x_wconf 81' lang='grc' dir='ltr'><em>μικρῶν</em></span> <span class='ocrx_word' id='word_1_154' title='bbox 1476 2052 1533 2116; x_wconf 84' lang='grc' dir='ltr'><em>καὶ</em></span> <span class='ocrx_word' id='word_1_155' title='bbox 1554 2073 1667 2133; x_wconf 81' lang='grc' dir='ltr'><em>τεταγ-</em></span> 
     </span>
     <span class='ocr_line' id='line_1_17' title="bbox 360 2140 1666 2234; baseline -0.002 -17"><span class='ocrx_word' id='word_1_156' title='bbox 360 2153 457 2234; x_wconf 88' lang='grc' dir='ltr'><em>μένοι</em></span> <span class='ocrx_word' id='word_1_157' title='bbox 478 2151 524 2228; x_wconf 91' lang='grc' dir='ltr'><em>είς</em></span> <span class='ocrx_word' id='word_1_158' title='bbox 546 2146 588 2217; x_wconf 87' lang='grc' dir='ltr'><em>τό</em></span> <span class='ocrx_word' id='word_1_159' title='bbox 611 2148 840 2231; x_wconf 85' lang='grc' dir='ltr'><em>προίστασθαι</em></span> <span class='ocrx_word' id='word_1_160' title='bbox 862 2140 981 2216; x_wconf 77' lang='grc' dir='ltr'><em>αὐτῶν</em></span> <span class='ocrx_word' id='word_1_161' title='bbox 1003 2147 1078 2228; x_wconf 60' lang='grc' dir='ltr'><em>»διά</em></span> <span class='ocrx_word' id='word_1_162' title='bbox 1094 2145 1245 2228; x_wconf 43' lang='grc' dir='ltr'><em>παντὸςίῑ</em></span> <span class='ocrx_word' id='word_1_163' title='bbox 1268 2151 1425 2234; x_wconf 86' lang='grc' dir='ltr'><em>λέγονται</em></span> <span class='ocrx_word' id='word_1_164' title='bbox 1446 2150 1582 2228; x_wconf 82' lang='grc' dir='ltr'><em>βλέπειν</em></span> <span class='ocrx_word' id='word_1_165' title='bbox 1603 2145 1666 2230; x_wconf 71' lang='grc' dir='ltr'><em>,πό</em></span> 
     </span>
     <span class='ocr_line' id='line_1_18' title="bbox 361 2239 1667 2334; baseline -0.002 -18"><span class='ocrx_word' id='word_1_166' title='bbox 361 2242 551 2334; x_wconf 91' lang='grc' dir='ltr'><em>πρόσωπον</em></span> <span class='ocrx_word' id='word_1_167' title='bbox 579 2251 642 2316; x_wconf 84' lang='grc' dir='ltr'><em>τοῦ</em></span> <span class='ocrx_word' id='word_1_168' title='bbox 668 2247 705 2316; x_wconf 81' lang='grc' dir='ltr'><em>έν</em></span> <span class='ocrx_word' id='word_1_169' title='bbox 731 2240 889 2332; x_wconf 76' lang='grc' dir='ltr'><em>οὐρανοῖς</em></span> <span class='ocrx_word' id='word_1_170' title='bbox 915 2246 1078 2333; x_wconf 80' lang='grc' dir='ltr'><em>πατρὸς,“</em></span> <span class='ocrx_word' id='word_1_171' title='bbox 1102 2239 1121 2316; x_wconf 86' lang='grc' dir='ltr'><em>ό</em></span> <span class='ocrx_word' id='word_1_172' title='bbox 1149 2275 1182 2316; x_wconf 95' lang='grc' dir='ltr'><em>τι</em></span> <span class='ocrx_word' id='word_1_173' title='bbox 1212 2241 1290 2315; x_wconf 78' lang='grc' dir='ltr'><em>ποτ’</em></span> <span class='ocrx_word' id='word_1_174' title='bbox 1313 2249 1384 2316; x_wconf 75' lang='grc' dir='ltr'><em>ἐστὶ</em></span> <span class='ocrx_word' id='word_1_175' title='bbox 1410 2244 1451 2315; x_wconf 90' lang='grc' dir='ltr'><em>τὸ</em></span> <span class='ocrx_word' id='word_1_176' title='bbox 1476 2241 1667 2332; x_wconf 86' lang='grc' dir='ltr'><em>πρόσωπον</em></span> 
     </span>
     <span class='ocr_line' id='line_1_19' title="bbox 360 2337 939 2427; baseline -0.002 -12"><span class='ocrx_word' id='word_1_177' title='bbox 360 2353 417 2415; x_wconf 85' lang='grc' dir='ltr'><em>καὶ</em></span> <span class='ocrx_word' id='word_1_178' title='bbox 439 2337 458 2415; x_wconf 86' lang='grc' dir='ltr'><em>ό</em></span> <span class='ocrx_word' id='word_1_179' title='bbox 481 2374 515 2415; x_wconf 89' lang='grc' dir='ltr'><em>τι</em></span> <span class='ocrx_word' id='word_1_180' title='bbox 536 2339 616 2414; x_wconf 79' lang='grc' dir='ltr'><em>ποτ’</em></span> <span class='ocrx_word' id='word_1_181' title='bbox 638 2347 709 2414; x_wconf 80' lang='grc' dir='ltr'><em>ἐστὶ</em></span> <span class='ocrx_word' id='word_1_182' title='bbox 731 2341 772 2413; x_wconf 85' lang='grc' dir='ltr'><em>τὸ</em></span> <span class='ocrx_word' id='word_1_183' title='bbox 794 2347 939 2427; x_wconf 82' lang='grc' dir='ltr'><em>βλέπειν.</em></span> 
     </span>
    </p>
   </div>
   <div class='ocr_carea' id='block_1_3' title="bbox 310 2454 1667 2749">
    <p class='ocr_par' dir='ltr' id='par_1_3' title="bbox 310 2454 1667 2749">
     <span class='ocr_line' id='line_1_20' title="bbox 443 2454 1667 2551; baseline 0.001 -22"><span class='ocrx_word' id='word_1_184' title='bbox 443 2464 536 2530; x_wconf 84' lang='lat' dir='ltr'>XLII.</span> <span class='ocrx_word' id='word_1_185' title='bbox 580 2455 671 2549; x_wconf 76' lang='grc' dir='ltr'><em>Ἑξῆς</em></span> <span class='ocrx_word' id='word_1_186' title='bbox 707 2465 742 2530; x_wconf 80' lang='grc' dir='ltr'><em>δὲ</em></span> <span class='ocrx_word' id='word_1_187' title='bbox 778 2457 915 2542; x_wconf 84' lang='grc' dir='ltr'><em>τούτοις</em></span> <span class='ocrx_word' id='word_1_188' title='bbox 951 2454 1019 2532; x_wconf 88' lang='grc' dir='ltr'><em>ἀπὸ</em></span> <span class='ocrx_word' id='word_1_189' title='bbox 1050 2455 1153 2551; x_wconf 86' lang='grc' dir='ltr'><em>ἀλλης</em></span> <span class='ocrx_word' id='word_1_190' title='bbox 1184 2457 1286 2550; x_wconf 86' lang='grc' dir='ltr'><em>ἀρχῆς</em></span> <span class='ocrx_word' id='word_1_191' title='bbox 1316 2455 1335 2530; x_wconf 90' lang='grc' dir='ltr'><em>δ</em></span> <span class='ocrx_word' id='word_1_192' title='bbox 1368 2464 1494 2542; x_wconf 85' lang='grc' dir='ltr'><em>Κέλσος</em></span> <span class='ocrx_word' id='word_1_193' title='bbox 1524 2456 1667 2532; x_wconf 86' lang='grc' dir='ltr'><em>τοιαῦτά</em></span> 
     </span>
     <span class='ocr_line' id='line_1_21' title="bbox 310 2554 1665 2648; baseline -0.002 -16"><span class='ocrx_word' id='word_1_194' title='bbox 310 2577 443 2648; x_wconf 81' lang='grc' dir='ltr'><em>2οφησι</em></span> <span class='ocrx_word' id='word_1_195' title='bbox 472 2555 552 2628; x_wconf 81' lang='grc' dir='ltr'><em>καθ’</em></span> <span class='ocrx_word' id='word_1_196' title='bbox 575 2555 689 2648; x_wconf 78' lang='grc' dir='ltr'><em>ἡμῶν·</em></span> <span class='ocrx_word' id='word_1_197' title='bbox 712 2557 963 2646; x_wconf 83' lang='grc' dir='ltr'><em>σφάλλονται</em></span> <span class='ocrx_word' id='word_1_198' title='bbox 998 2564 1038 2628; x_wconf 75' lang='grc' dir='ltr'><em>δὲ</em></span> <span class='ocrx_word' id='word_1_199' title='bbox 1069 2556 1315 2643; x_wconf 87' lang='grc' dir='ltr'><em>ἀσεβέστατα</em></span> <span class='ocrx_word' id='word_1_200' title='bbox 1347 2554 1449 2630; x_wconf 85' lang='grc' dir='ltr'><em>ἀττα</em></span> <span class='ocrx_word' id='word_1_201' title='bbox 1482 2563 1543 2626; x_wconf 79' lang='grc' dir='ltr'><em>καλ</em></span> <span class='ocrx_word' id='word_1_202' title='bbox 1576 2567 1665 2648; x_wconf 88' lang='grc' dir='ltr'><em>περὶ</em></span> 
     </span>
     <span class='ocr_line' id='line_1_22' title="bbox 361 2654 1666 2749; baseline -0.002 -19"><span class='ocrx_word' id='word_1_203' title='bbox 361 2657 479 2749; x_wconf 81' lang='grc' dir='ltr'><em>τήνδε</em></span> <span class='ocrx_word' id='word_1_204' title='bbox 507 2657 581 2746; x_wconf 88' lang='grc' dir='ltr'><em>τὴν</em></span> <span class='ocrx_word' id='word_1_205' title='bbox 610 2664 803 2748; x_wconf 91' lang='grc' dir='ltr'><em>μεγίστην</em></span> <span class='ocrx_word' id='word_1_206' title='bbox 834 2656 1010 2745; x_wconf 79' lang='grc' dir='ltr'><em>ἀγνοιαν,</em></span> <span class='ocrx_word' id='word_1_207' title='bbox 1042 2654 1191 2747; x_wconf 86' lang='grc' dir='ltr'><em>ὁμοίως</em></span> <span class='ocrx_word' id='word_1_208' title='bbox 1221 2656 1298 2730; x_wconf 86' lang='grc' dir='ltr'><em>ἀπὸ</em></span> <span class='ocrx_word' id='word_1_209' title='bbox 1329 2665 1456 2728; x_wconf 88' lang='grc' dir='ltr'><em>θείων</em></span> <span class='ocrx_word' id='word_1_210' title='bbox 1488 2655 1666 2747; x_wconf 83' lang='grc' dir='ltr'><em>αἰνιγμά·</em></span> 
     </span>
    </p>
   </div>
   <div class='ocr_carea' id='block_1_4' title="bbox 309 2754 1667 3446">
    <p class='ocr_par' dir='ltr' id='par_1_4' title="bbox 309 2754 1667 3446">
     <span class='ocr_line' id='line_1_23' title="bbox 360 2754 1665 2856; baseline -0.002 -27"><span class='ocrx_word' id='word_1_211' title='bbox 360 2788 441 2829; x_wconf 87' lang='grc' dir='ltr'><em>των</em></span> <span class='ocrx_word' id='word_1_212' title='bbox 467 2763 792 2846; x_wconf 86' lang='grc' dir='ltr'><em>πεπλανημένην,</em></span> <span class='ocrx_word' id='word_1_213' title='bbox 815 2763 1032 2839; x_wconf 85' lang='grc' dir='ltr'><em>ποιοῦντες</em></span> <span class='ocrx_word' id='word_1_214' title='bbox 1061 2765 1117 2848; x_wconf 83' lang='grc' dir='ltr'><em>τῷ</em></span> <span class='ocrx_word' id='word_1_215' title='bbox 1141 2762 1434 2856; x_wconf 28' lang='grc' dir='ltr'><em>θεῷιέναντίον</em></span> <span class='ocrx_word' id='word_1_216' title='bbox 1456 2757 1561 2840; x_wconf 82' lang='grc' dir='ltr'><em>τινὰ,</em></span> <span class='ocrx_word' id='word_1_217' title='bbox 1584 2754 1665 2827; x_wconf 89' lang='grc' dir='ltr'><em>διά-</em></span> 
     </span>
     <span class='ocr_line' id='line_1_24' title="bbox 359 2851 1666 2948; baseline -0.003 -18"><span class='ocrx_word' id='word_1_218' title='bbox 359 2854 482 2944; x_wconf 90' lang='grc' dir='ltr'><em>βολόν</em></span> <span class='ocrx_word' id='word_1_219' title='bbox 513 2887 554 2928; x_wconf 92' lang='grc' dir='ltr'><em>τε</em></span> <span class='ocrx_word' id='word_1_220' title='bbox 583 2865 649 2927; x_wconf 81' lang='grc' dir='ltr'><em>καὶ</em></span> <span class='ocrx_word' id='word_1_221' title='bbox 682 2856 843 2945; x_wconf 81' lang='grc' dir='ltr'><em>γλώττῃ</em></span> <span class='ocrx_word' id='word_1_222' title='bbox 882 2851 1037 2948; x_wconf 82' lang='grc' dir='ltr'><em>Ἑβραίᾳ</em></span> <span class='ocrx_word' id='word_1_223' title='bbox 1067 2865 1260 2930; x_wconf 83' lang='grc' dir='ltr'><em>Σατανᾶν</em></span> <span class='ocrx_word' id='word_1_224' title='bbox 1291 2852 1564 2946; x_wconf 82' lang='grc' dir='ltr'><em>ὀνομάζοντες</em></span> <span class='ocrx_word' id='word_1_225' title='bbox 1595 2855 1666 2927; x_wconf 88' lang='grc' dir='ltr'><em>τόν</em></span> 
     </span>
     <span class='ocr_line' id='line_1_25' title="bbox 360 2952 1664 3046; baseline -0.001 -17"><span class='ocrx_word' id='word_1_226' title='bbox 360 2955 496 3029; x_wconf 82' lang='grc' dir='ltr'><em>αάτόν.</em></span> <span class='ocrx_word' id='word_1_227' title='bbox 543 2952 672 3039; x_wconf 83' lang='grc' dir='ltr'><em>άλλως</em></span> <span class='ocrx_word' id='word_1_228' title='bbox 707 2962 777 3045; x_wconf 78' lang='grc' dir='ltr'><em>μὲν</em></span> <span class='ocrx_word' id='word_1_229' title='bbox 814 2984 887 3027; x_wconf 90' lang='grc' dir='ltr'><em>ουν</em></span> <span class='ocrx_word' id='word_1_230' title='bbox 920 2963 1134 3039; x_wconf 80' lang='grc' dir='ltr'><em>παντελῶς</em></span> <span class='ocrx_word' id='word_1_231' title='bbox 1164 2956 1298 3046; x_wconf 80' lang='grc' dir='ltr'><em>θνητά</em></span> <span class='ocrx_word' id='word_1_232' title='bbox 1327 2963 1454 3028; x_wconf 82' lang='grc' dir='ltr'><em>ταῦτα</em></span> <span class='ocrx_word' id='word_1_233' title='bbox 1483 2963 1548 3026; x_wconf 83' lang='grc' dir='ltr'><em>καλ</em></span> <span class='ocrx_word' id='word_1_234' title='bbox 1580 2953 1664 3028; x_wconf 76' lang='grc' dir='ltr'><em>οὐδ’</em></span> 
     </span>
     <span class='ocr_line' id='line_1_26' title="bbox 309 3049 1665 3145; baseline -0.003 -15"><span class='ocrx_word' id='word_1_235' title='bbox 309 3079 342 3135; x_wconf 82' lang='grc'><strong>25</strong></span> <span class='ocrx_word' id='word_1_236' title='bbox 361 3052 449 3130; x_wconf 86' lang='grc' dir='ltr'><em>όσια</em></span> <span class='ocrx_word' id='word_1_237' title='bbox 471 3063 618 3144; x_wconf 80' lang='grc' dir='ltr'><em>λέγειν,</em></span> <span class='ocrx_word' id='word_1_238' title='bbox 646 3049 711 3128; x_wconf 84' lang='grc' dir='ltr'><em>ότι</em></span> <span class='ocrx_word' id='word_1_239' title='bbox 733 3054 778 3144; x_wconf 82' lang='grc' dir='ltr'><em>δὴ</em></span> <span class='ocrx_word' id='word_1_240' title='bbox 801 3050 819 3125; x_wconf 90' lang='grc' dir='ltr'><em>δ</em></span> <span class='ocrx_word' id='word_1_241' title='bbox 841 3062 1028 3145; x_wconf 88' lang='grc' dir='ltr'><em>μέγιστος</em></span> <span class='ocrx_word' id='word_1_242' title='bbox 1049 3055 1157 3140; x_wconf 88' lang='grc' dir='ltr'><em>θεὸς,</em></span> <span class='ocrx_word' id='word_1_243' title='bbox 1184 3052 1429 3145; x_wconf 87' lang='grc' dir='ltr'><em>βουλόμενός</em></span> <span class='ocrx_word' id='word_1_244' title='bbox 1451 3085 1489 3126; x_wconf 91' lang='grc' dir='ltr'><em>τι</em></span> <span class='ocrx_word' id='word_1_245' title='bbox 1508 3049 1665 3143; x_wconf 78' lang='grc' dir='ltr'><em>ἀνθρώ-</em></span> 
     </span>
     <span class='ocr_line' id='line_1_27' title="bbox 359 3150 1667 3245; baseline -0.002 -17"><span class='ocrx_word' id='word_1_246' title='bbox 359 3185 459 3240; x_wconf 88' lang='grc' dir='ltr'><em>πους</em></span> <span class='ocrx_word' id='word_1_247' title='bbox 490 3153 710 3245; x_wconf 75' lang='grc' dir='ltr'><em>ω’φελῆσαι,</em></span> <span class='ocrx_word' id='word_1_248' title='bbox 742 3152 815 3226; x_wconf 88' lang='grc' dir='ltr'><em>τόν</em></span> <span class='ocrx_word' id='word_1_249' title='bbox 847 3150 1175 3243; x_wconf 88' lang='grc' dir='ltr'><em>ἀντιπράσσοντα</em></span> <span class='ocrx_word' id='word_1_250' title='bbox 1208 3158 1286 3243; x_wconf 84' lang='grc' dir='ltr'><em>ἔχει</em></span> <span class='ocrx_word' id='word_1_251' title='bbox 1316 3163 1381 3226; x_wconf 83' lang='grc' dir='ltr'><em>καὶ</em></span> <span class='ocrx_word' id='word_1_252' title='bbox 1407 3151 1603 3226; x_wconf 88' lang='grc' dir='ltr'><em>ἀδυνατεῖ.</em></span> <span class='ocrx_word' id='word_1_253' title='bbox 1647 3150 1667 3225; x_wconf 87' lang='grc' dir='ltr'>ὁ</span> 
     </span>
     <span class='ocr_line' id='line_1_28' title="bbox 360 3249 1666 3344; baseline -0.003 -16"><span class='ocrx_word' id='word_1_254' title='bbox 360 3262 432 3328; x_wconf 83' lang='grc' dir='ltr'><em>τοῦ</em></span> <span class='ocrx_word' id='word_1_255' title='bbox 461 3261 561 3326; x_wconf 86' lang='grc' dir='ltr'><em>θεοῦ</em></span> <span class='ocrx_word' id='word_1_256' title='bbox 587 3273 681 3338; x_wconf 90' lang='grc' dir='ltr'><em>παῖς</em></span> <span class='ocrx_word' id='word_1_257' title='bbox 708 3251 781 3344; x_wconf 86' lang='grc' dir='ltr'><em>ἀρα</em></span> <span class='ocrx_word' id='word_1_258' title='bbox 803 3249 974 3343; x_wconf 81' lang='grc' dir='ltr'><em>ἡττᾶται</em></span> <span class='ocrx_word' id='word_1_259' title='bbox 995 3251 1072 3326; x_wconf 77' lang='grc' dir='ltr'><em>ἀπὸ</em></span> <span class='ocrx_word' id='word_1_260' title='bbox 1094 3262 1167 3334; x_wconf 85' lang='grc' dir='ltr'><em>τοῦ</em></span> <span class='ocrx_word' id='word_1_261' title='bbox 1189 3252 1393 3341; x_wconf 75' lang='grc' dir='ltr'><em>διαβόλου,</em></span> <span class='ocrx_word' id='word_1_262' title='bbox 1416 3263 1480 3325; x_wconf 85' lang='grc' dir='ltr'><em>καὶ</em></span> <span class='ocrx_word' id='word_1_263' title='bbox 1501 3250 1666 3340; x_wconf 83' lang='grc' dir='ltr'><em>κολαζό-</em></span> 
     </span>
     <span class='ocr_line' id='line_1_29' title="bbox 359 3349 1666 3446; baseline -0.002 -19"><span class='ocrx_word' id='word_1_264' title='bbox 359 3385 478 3446; x_wconf 92' lang='grc' dir='ltr'><em>μενος</em></span> <span class='ocrx_word' id='word_1_265' title='bbox 507 3351 568 3426; x_wconf 79' lang='grc' dir='ltr'><em>όπ’</em></span> <span class='ocrx_word' id='word_1_266' title='bbox 589 3351 715 3425; x_wconf 74' lang='grc' dir='ltr'><em>αὐτοῦ</em></span> <span class='ocrx_word' id='word_1_267' title='bbox 745 3351 923 3425; x_wconf 88' lang='grc' dir='ltr'><em>διδάσκει</em></span> <span class='ocrx_word' id='word_1_268' title='bbox 954 3361 1018 3424; x_wconf 83' lang='grc' dir='ltr'><em>καλ</em></span> <span class='ocrx_word' id='word_1_269' title='bbox 1049 3349 1147 3443; x_wconf 82' lang='grc' dir='ltr'><em>ἡμᾶς</em></span> <span class='ocrx_word' id='word_1_270' title='bbox 1174 3362 1258 3426; x_wconf 82' lang='grc' dir='ltr'><em>τῶν</em></span> <span class='ocrx_word' id='word_1_271' title='bbox 1284 3351 1362 3426; x_wconf 66' lang='lat' dir='ltr'><em>tut</em></span> <span class='ocrx_word' id='word_1_272' title='bbox 1390 3353 1522 3443; x_wconf 81' lang='grc' dir='ltr'><em>τούτῳ</em></span> <span class='ocrx_word' id='word_1_273' title='bbox 1550 3351 1666 3424; x_wconf 90' lang='grc' dir='ltr'><em>κολά-</em></span> 
     </span>
    </p>
   </div>
   <div class='ocr_carea' id='block_1_5' title="bbox 360 3556 1666 3883">
    <p class='ocr_par' dir='ltr' id='par_1_5' title="bbox 360 3556 1666 3883">
     <span class='ocr_line' id='line_1_30' title="bbox 444 3556 1665 3629; baseline -0.002 -15"><span class='ocrx_word' id='word_1_274' title='bbox 444 3559 462 3614; x_wconf 80' lang='grc'>4</span> <span class='ocrx_word' id='word_1_275' title='bbox 485 3559 547 3629; x_wconf 85' lang='lat' dir='ltr'>Vgl.</span> <span class='ocrx_word' id='word_1_276' title='bbox 566 3558 710 3624; x_wconf 79' lang='lat' dir='ltr'><strong>Plutarch,</strong></span> <span class='ocrx_word' id='word_1_277' title='bbox 734 3557 842 3622; x_wconf 79' lang='lat' dir='ltr'>Quaest.</span> <span class='ocrx_word' id='word_1_278' title='bbox 861 3556 967 3610; x_wconf 77' lang='lat' dir='ltr'>conviv.</span> <span class='ocrx_word' id='word_1_279' title='bbox 985 3557 1023 3610; x_wconf 92' lang='lat' dir='ltr'><em>IV</em></span> <span class='ocrx_word' id='word_1_280' title='bbox 1041 3558 1058 3612; x_wconf 87' lang='lat'><strong>6</strong></span> <span class='ocrx_word' id='word_1_281' title='bbox 1075 3575 1100 3628; x_wconf 91' lang='lat' dir='ltr'><em>p.</em></span> <span class='ocrx_word' id='word_1_282' title='bbox 1119 3559 1178 3614; x_wconf 80' lang='grc'><em>671.</em></span> <span class='ocrx_word' id='word_1_283' title='bbox 1196 3560 1254 3614; x_wconf 80' lang='grc'><strong>672.</strong></span> <span class='ocrx_word' id='word_1_284' title='bbox 1279 3557 1472 3622; x_wconf 78' lang='lat' dir='ltr'><strong>Philostratus,</strong></span> <span class='ocrx_word' id='word_1_285' title='bbox 1495 3557 1557 3612; x_wconf 79' lang='lat' dir='ltr'><strong>Vita</strong></span> <span class='ocrx_word' id='word_1_286' title='bbox 1574 3558 1665 3628; x_wconf 79' lang='lat' dir='ltr'>Apoll.</span> 
     </span>
     <span class='ocr_line' id='line_1_31' title="bbox 360 3641 1665 3712; baseline -0.001 -15"><span class='ocrx_word' id='word_1_287' title='bbox 360 3645 414 3699; x_wconf 85' lang='lat'><em>13.</em></span> <span class='ocrx_word' id='word_1_288' title='bbox 440 3645 479 3698; x_wconf 94' lang='lat' dir='ltr'><em>III</em></span> <span class='ocrx_word' id='word_1_289' title='bbox 496 3646 537 3699; x_wconf 88' lang='grc'><em>41.</em></span> <span class='ocrx_word' id='word_1_290' title='bbox 557 3673 589 3682; x_wconf 92' lang='grc'>-</span> <span class='ocrx_word' id='word_1_291' title='bbox 608 3644 626 3700; x_wconf 86' lang='grc'>8</span> <span class='ocrx_word' id='word_1_292' title='bbox 650 3641 712 3711; x_wconf 78' lang='lat' dir='ltr'>vgl.</span> <span class='ocrx_word' id='word_1_293' title='bbox 730 3641 926 3704; x_wconf 76' lang='lat' dir='ltr'><strong>Philostratus,</strong></span> <span class='ocrx_word' id='word_1_294' title='bbox 946 3641 1012 3695; x_wconf 77' lang='lat' dir='ltr'><strong>Vita</strong></span> <span class='ocrx_word' id='word_1_295' title='bbox 1029 3643 1120 3712; x_wconf 88' lang='lat' dir='ltr'>Apoll.</span> <span class='ocrx_word' id='word_1_296' title='bbox 1139 3645 1151 3695; x_wconf 96' lang='lat' dir='ltr'>I</span> <span class='ocrx_word' id='word_1_297' title='bbox 1170 3646 1202 3698; x_wconf 90' lang='lat'><em>13</em></span> <span class='ocrx_word' id='word_1_298' title='bbox 1220 3661 1244 3699; x_wconf 84' lang='grc' dir='ltr'><em>υ.</em></span> <span class='ocrx_word' id='word_1_299' title='bbox 1261 3641 1292 3696; x_wconf 76' lang='grc' dir='ltr'><em>Ε.</em></span> <span class='ocrx_word' id='word_1_300' title='bbox 1317 3643 1343 3694; x_wconf 94' lang='lat' dir='ltr'><em>II</em></span> <span class='ocrx_word' id='word_1_301' title='bbox 1361 3643 1394 3697; x_wconf 97' lang='grc'><strong>26</strong></span> <span class='ocrx_word' id='word_1_302' title='bbox 1412 3642 1501 3698; x_wconf 82' lang='lat' dir='ltr'>Mitte.</span> <span class='ocrx_word' id='word_1_303' title='bbox 1526 3642 1564 3695; x_wconf 89' lang='lat' dir='ltr'><em>VI</em></span> <span class='ocrx_word' id='word_1_304' title='bbox 1583 3645 1606 3697; x_wconf 85' lang='grc'><em>7.</em></span> <span class='ocrx_word' id='word_1_305' title='bbox 1624 3642 1665 3696; x_wconf 91' lang='grc'><strong>28.</strong></span> 
     </span>
     <span class='ocr_line' id='line_1_32' title="bbox 362 3725 1665 3797; baseline -0.001 -16"><span class='ocrx_word' id='word_1_306' title='bbox 362 3727 453 3783; x_wconf 86' lang='lat' dir='ltr'>v119.</span> <span class='ocrx_word' id='word_1_307' title='bbox 483 3728 547 3781; x_wconf 87' lang='lat' dir='ltr'>VIII</span> <span class='ocrx_word' id='word_1_308' title='bbox 565 3729 590 3782; x_wconf 84' lang='lat'><em>3.</em></span> <span class='ocrx_word' id='word_1_309' title='bbox 615 3729 639 3791; x_wconf 79' lang='lat'><em>7,</em></span> <span class='ocrx_word' id='word_1_310' title='bbox 658 3727 698 3782; x_wconf 86' lang='lat'><em>12.</em></span> <span class='ocrx_word' id='word_1_311' title='bbox 726 3725 808 3780; x_wconf 70' lang='lat' dir='ltr'><strong>vitae</strong></span> <span class='ocrx_word' id='word_1_312' title='bbox 826 3726 902 3796; x_wconf 79' lang='lat' dir='ltr'>soph.</span> <span class='ocrx_word' id='word_1_313' title='bbox 920 3725 974 3782; x_wconf 86' lang='lat' dir='ltr'>vol.</span> <span class='ocrx_word' id='word_1_314' title='bbox 992 3727 1019 3780; x_wconf 92' lang='lat' dir='ltr'><em>II</em></span> <span class='ocrx_word' id='word_1_315' title='bbox 1036 3745 1061 3797; x_wconf 90' lang='lat' dir='ltr'><em>p.</em></span> <span class='ocrx_word' id='word_1_316' title='bbox 1081 3729 1104 3791; x_wconf 79' lang='lat'><em>7,</em></span> <span class='ocrx_word' id='word_1_317' title='bbox 1122 3728 1163 3781; x_wconf 84' lang='lat'><em>21.</em></span> <span class='ocrx_word' id='word_1_318' title='bbox 1186 3729 1228 3795; x_wconf 82' lang='lat'><em>46,</em></span> <span class='ocrx_word' id='word_1_319' title='bbox 1247 3728 1282 3782; x_wconf 88' lang='grc'><em>30</em></span> <span class='ocrx_word' id='word_1_320' title='bbox 1299 3725 1341 3780; x_wconf 81' lang='grc' dir='ltr'><em>εδ.</em></span> <span class='ocrx_word' id='word_1_321' title='bbox 1361 3726 1389 3780; x_wconf 86' lang='lat' dir='ltr'><em>C.</em></span> <span class='ocrx_word' id='word_1_322' title='bbox 1409 3727 1439 3781; x_wconf 89' lang='lat' dir='ltr'><em>L.</em></span> <span class='ocrx_word' id='word_1_323' title='bbox 1458 3727 1570 3796; x_wconf 81' lang='lat' dir='ltr'>Kayser.</span> <span class='ocrx_word' id='word_1_324' title='bbox 1598 3726 1665 3796; x_wconf 86' lang='lat' dir='ltr'>Epp.</span> 
     </span>
     <span class='ocr_line' id='line_1_33' title="bbox 360 3810 1666 3883; baseline -0.001 -17"><span class='ocrx_word' id='word_1_325' title='bbox 360 3812 451 3883; x_wconf 87' lang='lat' dir='ltr'>Apoll.</span> <span class='ocrx_word' id='word_1_326' title='bbox 469 3811 554 3881; x_wconf 76' lang='grc' dir='ltr'><em>Τγυυ.</em></span> <span class='ocrx_word' id='word_1_327' title='bbox 568 3811 675 3866; x_wconf 80' lang='lat' dir='ltr'>ebenda</span> <span class='ocrx_word' id='word_1_328' title='bbox 692 3810 746 3864; x_wconf 91' lang='lat' dir='ltr'>vol.</span> <span class='ocrx_word' id='word_1_329' title='bbox 758 3811 770 3862; x_wconf 98' lang='lat' dir='ltr'>I</span> <span class='ocrx_word' id='word_1_330' title='bbox 783 3827 808 3880; x_wconf 90' lang='lat' dir='ltr'><em>p.</em></span> <span class='ocrx_word' id='word_1_331' title='bbox 821 3812 965 3866; x_wconf 72' lang='lat'>345-347.</span> <span class='ocrx_word' id='word_1_332' title='bbox 983 3841 1016 3850; x_wconf 88' lang='lat'><em>—</em></span> <span class='ocrx_word' id='word_1_333' title='bbox 1036 3811 1074 3866; x_wconf 77' lang='lat'><em>18</em></span> <span class='ocrx_word' id='word_1_334' title='bbox 1092 3811 1164 3864; x_wconf 79' lang='lat' dir='ltr'>Psal.</span> <span class='ocrx_word' id='word_1_335' title='bbox 1177 3813 1219 3874; x_wconf 83' lang='grc'><em>33,</em></span> <span class='ocrx_word' id='word_1_336' title='bbox 1231 3813 1256 3866; x_wconf 87' lang='grc'><em>8.</em></span> <span class='ocrx_word' id='word_1_337' title='bbox 1274 3841 1307 3849; x_wconf 97' lang='grc'>-</span> <span class='ocrx_word' id='word_1_338' title='bbox 1327 3811 1366 3866; x_wconf 85' lang='lat'><em>16</em></span> <span class='ocrx_word' id='word_1_339' title='bbox 1385 3811 1446 3879; x_wconf 83' lang='lat' dir='ltr'>Vgl.</span> <span class='ocrx_word' id='word_1_340' title='bbox 1460 3811 1558 3865; x_wconf 79' lang='lat' dir='ltr'>Matth.</span> <span class='ocrx_word' id='word_1_341' title='bbox 1573 3811 1666 3876; x_wconf 88' lang='lat'>18,10.</span> 
     </span>
    </p>
   </div>
   <div class='ocr_carea' id='block_1_6' title="bbox 360 3977 1668 4726">
    <p class='ocr_par' dir='ltr' id='par_1_6' title="bbox 360 3977 1668 4726">
     <span class='ocr_line' id='line_1_34' title="bbox 443 3977 1666 4047; baseline -0.004 -13"><span class='ocrx_word' id='word_1_342' title='bbox 443 3979 515 4034; x_wconf 77' lang='grc'><em>6-4</em></span> <span class='ocrx_word' id='word_1_343' title='bbox 537 3997 581 4032; x_wconf 81' lang='lat' dir='ltr'><em>am</em></span> <span class='ocrx_word' id='word_1_344' title='bbox 604 3978 684 4032; x_wconf 83' lang='lat' dir='ltr'><strong>Rand</strong></span> <span class='ocrx_word' id='word_1_345' title='bbox 703 3995 756 4032; x_wconf 87' lang='lat' dir='ltr'><em>von</em></span> <span class='ocrx_word' id='word_1_346' title='bbox 774 3978 794 4033; x_wconf 93' lang='lat' dir='ltr'>I.</span> <span class='ocrx_word' id='word_1_347' title='bbox 813 3977 879 4030; x_wconf 83' lang='lat' dir='ltr'>oder</span> <span class='ocrx_word' id='word_1_348' title='bbox 897 3978 930 4032; x_wconf 90' lang='lat' dir='ltr'><em>II.</em></span> <span class='ocrx_word' id='word_1_349' title='bbox 949 3978 982 4033; x_wconf 89' lang='lat' dir='ltr'><em>H.</em></span> <span class='ocrx_word' id='word_1_350' title='bbox 1002 3995 1037 4046; x_wconf 86' lang='grc' dir='ltr'><em>ση</em></span> <span class='ocrx_word' id='word_1_351' title='bbox 1055 3980 1080 4031; x_wconf 97' lang='lat' dir='ltr'>A</span> <span class='ocrx_word' id='word_1_352' title='bbox 1103 3980 1106 4044; x_wconf 95' lang='grc' dir='ltr'>Ι</span> <span class='ocrx_word' id='word_1_353' title='bbox 1131 3977 1150 4031; x_wconf 82' lang='grc'><strong>4</strong></span> <span class='ocrx_word' id='word_1_354' title='bbox 1169 3995 1218 4031; x_wconf 89' lang='lat' dir='ltr'><em>vor</em></span> <span class='ocrx_word' id='word_1_355' title='bbox 1239 3982 1298 4032; x_wconf 80' lang='grc' dir='ltr'><em>τῶν</em></span> <span class='ocrx_word' id='word_1_356' title='bbox 1321 3977 1383 4047; x_wconf 79' lang='lat' dir='ltr'><em>fflgt</em></span> <span class='ocrx_word' id='word_1_357' title='bbox 1400 3977 1482 4031; x_wconf 84' lang='lat' dir='ltr'><strong>Guiet</strong></span> <span class='ocrx_word' id='word_1_358' title='bbox 1504 3977 1559 4044; x_wconf 86' lang='lat' dir='ltr'>(bei</span> <span class='ocrx_word' id='word_1_359' title='bbox 1577 3977 1637 4033; x_wconf 85' lang='lat' dir='ltr'>Del.</span> <span class='ocrx_word' id='word_1_360' title='bbox 1655 3977 1666 4029; x_wconf 97' lang='lat' dir='ltr'>I</span> 
     </span>
     <span class='ocr_line' id='line_1_35' title="bbox 360 4054 1666 4135; baseline -0.004 -16"><span class='ocrx_word' id='word_1_361' title='bbox 360 4065 409 4119; x_wconf 88' lang='grc'><strong>662</strong></span> <span class='ocrx_word' id='word_1_362' title='bbox 427 4067 508 4118; x_wconf 90' lang='lat' dir='ltr'>Anm.</span> <span class='ocrx_word' id='word_1_363' title='bbox 526 4065 550 4132; x_wconf 87' lang='lat' dir='ltr'><em>c)</em></span> <span class='ocrx_word' id='word_1_364' title='bbox 570 4065 666 4135; x_wconf 75' lang='grc' dir='ltr'><em>(περὶ)</em></span> <span class='ocrx_word' id='word_1_365' title='bbox 684 4061 824 4130; x_wconf 82' lang='lat' dir='ltr'><strong>uanchtig</strong></span> <span class='ocrx_word' id='word_1_366' title='bbox 850 4061 906 4126; x_wconf 81' lang='lat' dir='ltr'>ein,</span> <span class='ocrx_word' id='word_1_367' title='bbox 934 4062 971 4115; x_wconf 77' lang='lat' dir='ltr'><em>da</em></span> <span class='ocrx_word' id='word_1_368' title='bbox 991 4054 1397 4129; x_wconf 76' lang='grc' dir='ltr'><em>τῶν-ἀπομνημονευμάτων</em></span> <span class='ocrx_word' id='word_1_369' title='bbox 1415 4062 1456 4116; x_wconf 75' lang='lat' dir='ltr'><em>als</em></span> <span class='ocrx_word' id='word_1_370' title='bbox 1479 4061 1575 4115; x_wconf 84' lang='lat' dir='ltr'>Genet.</span> <span class='ocrx_word' id='word_1_371' title='bbox 1598 4065 1666 4131; x_wconf 81' lang='lat' dir='ltr'>part.</span> 
     </span>
     <span class='ocr_line' id='line_1_36' title="bbox 360 4139 1667 4218; baseline -0.004 -15"><span class='ocrx_word' id='word_1_372' title='bbox 360 4148 533 4203; x_wconf 76' lang='lat' dir='ltr'><strong>aufzufassen</strong></span> <span class='ocrx_word' id='word_1_373' title='bbox 550 4148 587 4201; x_wconf 85' lang='lat' dir='ltr'><em>ist</em></span> <span class='ocrx_word' id='word_1_374' title='bbox 609 4155 613 4214; x_wconf 87' lang='grc'><strong>1</strong></span> <span class='ocrx_word' id='word_1_375' title='bbox 637 4149 651 4201; x_wconf 77' lang='grc'><strong>7</strong></span> <span class='ocrx_word' id='word_1_376' title='bbox 670 4141 838 4211; x_wconf 86' lang='grc' dir='ltr'><em>εἰσεθόντας</em></span> <span class='ocrx_word' id='word_1_377' title='bbox 855 4147 899 4215; x_wconf 86' lang='grc' dir='ltr'><em>ΑΙ</em></span> <span class='ocrx_word' id='word_1_378' title='bbox 920 4147 938 4202; x_wconf 88' lang='grc'>8</span> <span class='ocrx_word' id='word_1_379' title='bbox 958 4145 1054 4217; x_wconf 78' lang='grc' dir='ltr'><em>(τοῦ),</em></span> <span class='ocrx_word' id='word_1_380' title='bbox 1079 4146 1128 4199; x_wconf 73' lang='lat' dir='ltr'><em>das</em></span> <span class='ocrx_word' id='word_1_381' title='bbox 1146 4146 1238 4198; x_wconf 86' lang='lat' dir='ltr'><strong>hinter</strong></span> <span class='ocrx_word' id='word_1_382' title='bbox 1255 4139 1410 4218; x_wconf 81' lang='grc' dir='ltr'><em>Εὐφράτου</em></span> <span class='ocrx_word' id='word_1_383' title='bbox 1427 4146 1513 4201; x_wconf 77' lang='lat' dir='ltr'><strong>Ieieht</strong></span> <span class='ocrx_word' id='word_1_384' title='bbox 1530 4146 1667 4200; x_wconf 75' lang='lat' dir='ltr'><strong>austallen</strong></span> 
     </span>
     <span class='ocr_line' id='line_1_37' title="bbox 361 4229 1666 4301; baseline -0.003 -15"><span class='ocrx_word' id='word_1_385' title='bbox 361 4233 472 4296; x_wconf 78' lang='lat' dir='ltr'><strong>konnte‚</strong></span> <span class='ocrx_word' id='word_1_386' title='bbox 491 4233 556 4301; x_wconf 70' lang='lat' dir='ltr'><em>fuge</em></span> <span class='ocrx_word' id='word_1_387' title='bbox 574 4232 617 4285; x_wconf 87' lang='lat' dir='ltr'><em>ich</em></span> <span class='ocrx_word' id='word_1_388' title='bbox 637 4232 688 4284; x_wconf 83' lang='lat' dir='ltr'><em>mIt</em></span> <span class='ocrx_word' id='word_1_389' title='bbox 705 4231 753 4287; x_wconf 85' lang='lat' dir='ltr'><em>Bo.</em></span> <span class='ocrx_word' id='word_1_390' title='bbox 771 4229 869 4300; x_wconf 71' lang='lat' dir='ltr'><strong>(Notae</strong></span> <span class='ocrx_word' id='word_1_391' title='bbox 887 4248 912 4300; x_wconf 92' lang='lat' dir='ltr'>p.</span> <span class='ocrx_word' id='word_1_392' title='bbox 931 4231 991 4296; x_wconf 88' lang='lat'><strong>396)</strong></span> <span class='ocrx_word' id='word_1_393' title='bbox 1010 4230 1066 4294; x_wconf 83' lang='lat' dir='ltr'>ein,</span> <span class='ocrx_word' id='word_1_394' title='bbox 1090 4230 1126 4283; x_wconf 77' lang='lat' dir='ltr'><em>da</em></span> <span class='ocrx_word' id='word_1_395' title='bbox 1143 4229 1204 4284; x_wconf 79' lang='lat' dir='ltr'>eine</span> <span class='ocrx_word' id='word_1_396' title='bbox 1221 4230 1323 4284; x_wconf 73' lang='lat' dir='ltr'><strong>uthere</strong></span> <span class='ocrx_word' id='word_1_397' title='bbox 1341 4231 1532 4299; x_wconf 82' lang='lat' dir='ltr'><strong>Bezeichnung</strong></span> <span class='ocrx_word' id='word_1_398' title='bbox 1550 4231 1597 4284; x_wconf 82' lang='lat' dir='ltr'><em>des</em></span> <span class='ocrx_word' id='word_1_399' title='bbox 1614 4229 1666 4283; x_wconf 88' lang='grc' dir='ltr'><em>Ευ-</em></span> 
     </span>
     <span class='ocr_line' id='line_1_38' title="bbox 360 4309 1667 4388; baseline -0.002 -18"><span class='ocrx_word' id='word_1_400' title='bbox 360 4319 470 4388; x_wconf 76' lang='lat' dir='ltr'><em>phrates</em></span> <span class='ocrx_word' id='word_1_401' title='bbox 493 4317 633 4386; x_wconf 78' lang='lat' dir='ltr'><strong>gesordert</strong></span> <span class='ocrx_word' id='word_1_402' title='bbox 650 4315 732 4382; x_wconf 88' lang='lat' dir='ltr'>wird,</span> <span class='ocrx_word' id='word_1_403' title='bbox 755 4315 811 4368; x_wconf 89' lang='lat' dir='ltr'><em>und</em></span> <span class='ocrx_word' id='word_1_404' title='bbox 830 4314 1011 4368; x_wconf 77' lang='lat' dir='ltr'><strong>andererseits</strong></span> <span class='ocrx_word' id='word_1_405' title='bbox 1028 4309 1103 4368; x_wconf 87' lang='grc' dir='ltr'><em>πάνυ</em></span> <span class='ocrx_word' id='word_1_406' title='bbox 1120 4317 1279 4383; x_wconf 70' lang='grc' dir='ltr'><em>διηγεῖσθαι</em></span> <span class='ocrx_word' id='word_1_407' title='bbox 1296 4315 1396 4370; x_wconf 81' lang='lat' dir='ltr'>keinen</span> <span class='ocrx_word' id='word_1_408' title='bbox 1413 4315 1525 4369; x_wconf 81' lang='lat' dir='ltr'><strong>rechten</strong></span> <span class='ocrx_word' id='word_1_409' title='bbox 1543 4315 1608 4368; x_wconf 88' lang='lat' dir='ltr'>Sinn</span> <span class='ocrx_word' id='word_1_410' title='bbox 1626 4331 1667 4368; x_wconf 81' lang='lat' dir='ltr'><em>er·</em></span> 
     </span>
     <span class='ocr_line' id='line_1_39' title="bbox 360 4389 1667 4472; baseline -0.002 -17"><span class='ocrx_word' id='word_1_411' title='bbox 360 4403 437 4471; x_wconf 81' lang='lat' dir='ltr'><strong>giebt</strong></span> <span class='ocrx_word' id='word_1_412' title='bbox 452 4403 455 4470; x_wconf 72' lang='grc' dir='ltr'><em>ί</em></span> <span class='ocrx_word' id='word_1_413' title='bbox 471 4398 639 4472; x_wconf 83' lang='grc' dir='ltr'><em>έπικουρίου</em></span> <span class='ocrx_word' id='word_1_414' title='bbox 658 4401 681 4454; x_wconf 85' lang='grc' dir='ltr'>Α</span> <span class='ocrx_word' id='word_1_415' title='bbox 698 4404 702 4468; x_wconf 95' lang='grc' dir='ltr'>Ι</span> <span class='ocrx_word' id='word_1_416' title='bbox 719 4401 757 4456; x_wconf 90' lang='grc'><em>16</em></span> <span class='ocrx_word' id='word_1_417' title='bbox 776 4389 931 4462; x_wconf 85' lang='grc' dir='ltr'><em>διαπαντὸς</em></span> <span class='ocrx_word' id='word_1_418' title='bbox 949 4399 972 4450; x_wconf 94' lang='lat' dir='ltr'>A</span> <span class='ocrx_word' id='word_1_419' title='bbox 988 4401 993 4464; x_wconf 94' lang='grc' dir='ltr'>Ι</span> <span class='ocrx_word' id='word_1_420' title='bbox 1010 4397 1046 4454; x_wconf 73' lang='lat' dir='ltr'><em>l?</em></span> <span class='ocrx_word' id='word_1_421' title='bbox 1067 4389 1115 4452; x_wconf 77' lang='grc' dir='ltr'><em>ἀτί</em></span> <span class='ocrx_word' id='word_1_422' title='bbox 1130 4392 1197 4452; x_wconf 85' lang='grc' dir='ltr'><em>ποτ’</em></span> <span class='ocrx_word' id='word_1_423' title='bbox 1214 4401 1238 4452; x_wconf 88' lang='lat' dir='ltr'>A</span> <span class='ocrx_word' id='word_1_424' title='bbox 1254 4399 1309 4466; x_wconf 82' lang='grc'><em>118</em></span> <span class='ocrx_word' id='word_1_425' title='bbox 1329 4391 1376 4454; x_wconf 83' lang='grc' dir='ltr'><em>ότί</em></span> <span class='ocrx_word' id='word_1_426' title='bbox 1391 4393 1455 4455; x_wconf 81' lang='grc' dir='ltr'><em>ποτ’</em></span> <span class='ocrx_word' id='word_1_427' title='bbox 1475 4402 1498 4453; x_wconf 94' lang='lat' dir='ltr'>A</span> <span class='ocrx_word' id='word_1_428' title='bbox 1515 4402 1519 4466; x_wconf 88' lang='grc' dir='ltr'>Ι</span> <span class='ocrx_word' id='word_1_429' title='bbox 1535 4399 1575 4455; x_wconf 88' lang='grc'><strong>26</strong></span> <span class='ocrx_word' id='word_1_430' title='bbox 1594 4389 1667 4454; x_wconf 80' lang='grc' dir='ltr'><em>άιια</em></span> 
     </span>
     <span class='ocr_line' id='line_1_40' title="bbox 361 4477 1667 4556; baseline -0.003 -17"><span class='ocrx_word' id='word_1_431' title='bbox 361 4488 384 4539; x_wconf 90' lang='lat' dir='ltr'>A</span> <span class='ocrx_word' id='word_1_432' title='bbox 399 4488 403 4554; x_wconf 90' lang='grc' dir='ltr'>Ι</span> <span class='ocrx_word' id='word_1_433' title='bbox 418 4487 458 4541; x_wconf 75' lang='grc'><strong>24</strong></span> <span class='ocrx_word' id='word_1_434' title='bbox 475 4479 577 4556; x_wconf 82' lang='grc' dir='ltr'><em>θνητά]</em></span> <span class='ocrx_word' id='word_1_435' title='bbox 596 4477 707 4553; x_wconf 86' lang='grc' dir='ltr'><em>πτηκιά</em></span> <span class='ocrx_word' id='word_1_436' title='bbox 725 4484 862 4538; x_wconf 81' lang='lat' dir='ltr'><strong>vermutet</strong></span> <span class='ocrx_word' id='word_1_437' title='bbox 879 4482 961 4536; x_wconf 81' lang='lat' dir='ltr'><strong>Guiet</strong></span> <span class='ocrx_word' id='word_1_438' title='bbox 978 4481 1033 4551; x_wconf 82' lang='lat' dir='ltr'>(bei</span> <span class='ocrx_word' id='word_1_439' title='bbox 1051 4481 1134 4536; x_wconf 84' lang='lat' dir='ltr'>DeI.I</span> <span class='ocrx_word' id='word_1_440' title='bbox 1153 4484 1203 4536; x_wconf 88' lang='lat'><em>663</em></span> <span class='ocrx_word' id='word_1_441' title='bbox 1221 4485 1301 4539; x_wconf 85' lang='lat' dir='ltr'>Anm.</span> <span class='ocrx_word' id='word_1_442' title='bbox 1320 4483 1356 4552; x_wconf 87' lang='lat' dir='ltr'><em>d),</em></span> <span class='ocrx_word' id='word_1_443' title='bbox 1374 4485 1460 4538; x_wconf 73' lang='lat' dir='ltr'><strong>uther</strong></span> <span class='ocrx_word' id='word_1_444' title='bbox 1477 4485 1540 4553; x_wconf 69' lang='lat' dir='ltr'><em>Itge</em></span> <span class='ocrx_word' id='word_1_445' title='bbox 1558 4477 1667 4552; x_wconf 86' lang='grc' dir='ltr'><em>ἀνόητα</em></span> 
     </span>
     <span class='ocr_line' id='line_1_41' title="bbox 360 4554 1668 4640; baseline -0.002 -16"><span class='ocrx_word' id='word_1_446' title='bbox 360 4571 576 4640; x_wconf 60' lang='lat' dir='ltr'><strong>[Gundermannj</strong></span> <span class='ocrx_word' id='word_1_447' title='bbox 598 4568 665 4622; x_wconf 82' lang='lat' dir='ltr'>oder</span> <span class='ocrx_word' id='word_1_448' title='bbox 687 4561 788 4636; x_wconf 80' lang='grc' dir='ltr'><em>ψεκτὰ,</em></span> <span class='ocrx_word' id='word_1_449' title='bbox 811 4584 890 4621; x_wconf 80' lang='lat' dir='ltr'>wenn</span> <span class='ocrx_word' id='word_1_450' title='bbox 912 4567 973 4621; x_wconf 80' lang='lat' dir='ltr'>eine</span> <span class='ocrx_word' id='word_1_451' title='bbox 990 4554 1140 4635; x_wconf 75' lang='lat' dir='ltr'>Andemng</span> <span class='ocrx_word' id='word_1_452' title='bbox 1162 4567 1242 4636; x_wconf 78' lang='lat' dir='ltr'><strong>n6tig</strong></span> <span class='ocrx_word' id='word_1_453' title='bbox 1259 4572 1331 4622; x_wconf 68' lang='grc' dir='ltr'><em>πλεο</em></span> <span class='ocrx_word' id='word_1_454' title='bbox 1356 4569 1361 4636; x_wconf 85' lang='grc' dir='ltr'>Ι</span> <span class='ocrx_word' id='word_1_455' title='bbox 1385 4569 1425 4625; x_wconf 82' lang='grc'><strong>25</strong></span> <span class='ocrx_word' id='word_1_456' title='bbox 1452 4564 1625 4640; x_wconf 79' lang='grc' dir='ltr'><em>ἀνθρώπους</em></span> <span class='ocrx_word' id='word_1_457' title='bbox 1642 4570 1668 4621; x_wconf 83' lang='grc' dir='ltr'><strong>Δ</strong></span> 
     </span>
     <span class='ocr_line' id='line_1_42' title="bbox 360 4646 1245 4726; baseline -0.007 -16"><span class='ocrx_word' id='word_1_458' title='bbox 360 4650 529 4726; x_wconf 83' lang='grc' dir='ltr'><em>ἀνθρώποις</em></span> <span class='ocrx_word' id='word_1_459' title='bbox 546 4654 573 4706; x_wconf 88' lang='grc' dir='ltr'><strong>Μ</strong></span> <span class='ocrx_word' id='word_1_460' title='bbox 580 4659 681 4721; x_wconf 84' lang='lat' dir='ltr'>Ausgg.</span> <span class='ocrx_word' id='word_1_461' title='bbox 698 4655 702 4720; x_wconf 92' lang='grc' dir='ltr'>Ι</span> <span class='ocrx_word' id='word_1_462' title='bbox 718 4653 757 4708; x_wconf 87' lang='grc'><strong>28</strong></span> <span class='ocrx_word' id='word_1_463' title='bbox 775 4648 870 4707; x_wconf 79' lang='grc' dir='ltr'><em>τούτω</em></span> <span class='ocrx_word' id='word_1_464' title='bbox 888 4651 1019 4722; x_wconf 82' lang='grc' dir='ltr'><em>ΑΗῦ.8φ.</em></span> <span class='ocrx_word' id='word_1_465' title='bbox 1037 4646 1143 4705; x_wconf 79' lang='grc' dir='ltr'><em>τούτου</em></span> <span class='ocrx_word' id='word_1_466' title='bbox 1161 4651 1245 4704; x_wconf 89' lang='grc' dir='ltr'><em>ΡΙ)ε1.</em></span> 
     </span>
    </p>
   </div>
   <div class='ocr_carea' id='block_1_7' title="bbox 0 0 1903 5526">
    <p class='ocr_par' dir='ltr' id='par_1_7' title="bbox 0 0 1903 5526">
     <span class='ocr_line' id='line_1_43' title="bbox 0 0 1903 5526; baseline 0 0"><span class='ocrx_word' id='word_1_467' title='bbox 0 0 1903 5526; x_wconf 95' lang='lat' dir='ltr'><em> </em></span> 
     </span>
    </p>
   </div>
  </div>
 </body>
</html>
