3790 5526
613 505 714 560 ΚΑΤΑ
740 502 900 560 ΚΕΔΣΟΥ
921 504 963 562 vl
985 505 1025 562 70.
1043 505 1084 558 71.
1103 505 1144 560 72.
1472 511 1529 572 141

226 665 381 757 πνεῦμά
403 672 517 758 ίστιίί),
539 683 781 758 ,περιαιρεῖται
802 665 865 738 τό“
887 672 930 754 τῇ
951 671 1072 757 καρδίᾳ
1093 661 1288 754 ,,κόλυμμα“
1310 668 1531 756 ἐπικείμενον,

226 762 345 856 ,ἡνίκα
367 761 409 838 ῦν
431 764 704 857 ἀναγινώσκηται
726 771 904 855 Μωῦσῆς.“

310 887 418 955 LXXI.
452 878 506 968 Ὡς
527 881 572 1005 μὴ
594 880 719 1004 νρὴσας
741 880 782 972 δὴ
802 880 845 953 τὰ
866 888 943 970 περὶ
963 887 1027 953 τοῦ
1047 879 1276 970 πνεύματος
1298 886 1371 952 τοῦ
1392 885 1490 952 θεοῦ
1512 875 1532 952 6

228 988 356 1065 Κέλσος
386 987 412 1071 (,
413 982 565 1072 ψυχικὸς
593 981 657 1104 766
687 977 874 1070 ἅνθρωπος
904 977 946 1053 οῦ
976 985 1106 1070 δέχεται
1140 979 1183 1052 τῦ
1214 985 1278 1051 τοῦ
1305 977 1533 1069 πνεύματος

192 1100 208 1150 5
227 1109 298 1153 του
318 1087 428 1154 θεοῦ·
457 1089 569 1173 μωρία
590 1080 653 1172 γὰρ
674 1077 769 1171 αῦτῷ
792 1085 872 1166 ίστι,
894 1087 950 1151 καί
972 1109 1012 1152 ου
1003 1077 1174 1152 ’δύναται
1195 1087 1333 1170 γνῶναι,
1358 1072 1411 1150 ότι
1432 1105 1530 1148 πνευ·

225 1185 378 1270 ματικῶς
406 1176 699 1317 6vaxolve‘cat‘6
688 1187 798 1271 εαυτῷ
835 1177 1010 1267 συνάπτει,
1041 1173 1245 1270 οίόμενος“
1224 1183 1310 1268 ημᾶς
1339 1183 1533 1267 λέγοντας

227 1286 416 1370 ,πνεῦμῶ
419 1281 560 1352 (εἶναι
589 1277 664 1352 τὸν
693 1279 793 1352 θεὸν
821 1285 944 1370 μηδέν
973 1284 1015 1351 έν
1044 1277 1181 1368 τούτῳ
1212 1282 1423 1366 διαφέρειν
1448 1285 1533 1349 τῶν

226 1375 314 1470 παρ’
328 1373 490 1470 Ἕλλησι
511 1387 725 1464 Στωϊκῶν,
749 1376 991 1468 φασκόντων
1018 1372 1081 1452 ῦτι
1108 1372 1127 1449 6
1154 1375 1250 1460 θεὸς
1270 1373 1425 1467 πνεῦμά
1448 1379 1533 1448 ἐστι

227 1477 290 1551 διὰ
318 1476 487 1551 πάντων
516 1476 756 1568 διεληλυθὸς
784 1485 851 1550 καὶ
872 1473 990 1550 πάντ’
1011 1481 1053 1548 ἐν
1076 1479 1203 1567 ἑαυτῷ
1225 1481 1422 1565 περιέχον.
1466 1474 1533 1566 διή·

177 1594 209 1648 10
226 1604 275 1648 κει
304 1584 365 1667 μέν
393 1577 456 1668 γὰρ
486 1573 507 1666 6
535 1576 701 1666 έπισκοπὴ
730 1583 786 1650 καλ
815 1573 836 1667 6
865 1573 1011 1667 πρόνοια
1040 1582 1113 1648 τοῦ
1148 1582 1248 1648 θεοῦ
1277 1574 1340 1646 διὰ
1368 1573 1534 1648 πάντων

227 1671 301 1747 ἄλλ’
316 1672 377 1764 οῦχ
399 1673 448 1760 ῶς
469 1675 511 1748 τὸ
533 1682 616 1747 τῶν
637 1682 836 1748 Στωϊκῶν
857 1682 1024 1765 πνεῦμα·
1046 1683 1103 1746 καί
1124 1672 1255 1747 πάντα
1278 1681 1339 1766 μέν
1360 1680 1534 1763 περιέχει

227 1774 270 1846 τὰ
292 1773 529 1865 προνοοῦμενα
554 1769 576 1864 6
601 1770 748 1865 πρόνοια
774 1780 830 1846 καὶ
851 1781 1069 1863 περιείληφεν
1090 1771 1184 1860 αῦτδι,
1208 1771 1268 1864 οῦχ
1291 1770 1339 1857 ῶς
1365 1781 1474 1862 σῶμα
1497 1781 1532 1845 δέ

227 1879 414 1964 περιέχον
446 1880 634 1962 περιέχει,
666 1867 801 1946 ῦτεκαὶ
832 1869 942 1962 σῶμά
969 1872 1098 1944 ἐστι
1062 1903 1104 1945 το
1130 1869 1430 1963 περιεχόμενον,
1458 1869 1534 1946 ἀλλ>

229 1967 277 2057 ῶς
299 1970 437 2094 δύναμις
455 1979 532 2045 θεία
553 1979 611 2044 καί
630 1981 863 2062 περιειληφυῖα
886 1970 929 2043 τδι
951 1968 1225 2062 περιεχόμενα.

178 2090 209 2142 15
309 2071 397 2194 κατα
426 2079 488 2162 μὲν
518 2063 582 2144 οῦν
610 2070 691 2153 τοῦς
716 2065 784 2142 όπό
812 2076 874 2160 τῆς
894 2077 1023 2156 Στοᾶς,
1050 2069 1242 2159 σωματικὰς
1263 2075 1426 2160 λέγοντας
1447 2070 1533 2142 είναι

228 2169 289 2254 τὰς
318 2167 421 2261 ἀρχὰς
448 2177 504 2242 καὶ
533 2169 587 2291 διὰ
614 2175 722 2242 τοῦτο
744 2166 877 2242 πάντα
898 2177 1108 2260 φθείροντας
1128 2168 1391 2252 κινδυνεύοντας
1417 2176 1533 2242 δὲκαὶ

228 2268 334 2343 αῦτόν
364 2281 503 2360 φθεῖραι
532 2267 604 2343 τόν
633 2274 689 2341 ἐπὶ
720 2275 802 2341 πᾶσι
831 2266 944 2355 θεὸν,
970 2275 999 2341 εί
1024 2268 1068 2360 μὴ
1090 2265 1182 2340 πάνυ
1203 2263 1416 2358 ἇπεμφαῑνον
1438 2265 1535 2341 τοῦτ’

227 2365 343 2453 αῦτοῑς
365 2365 473 2442 ἐδόκει
495 2367 683 2460 τυγχάνειν,
705 2375 761 2438 καὶ
784 2363 803 2439 6
825 2364 927 2457 λόχος
952 2375 1025 2440 τοῦ
1051 2373 1149 2438 θεοῦ
1175 2362 1194 2438 6
1216 2373 1310 2456 μέχρι
1331 2364 1535 2458 α’νθρῶπων

227 2475 283 2540 καί
312 2477 386 2540 τῶν
416 2473 602 2558 ἐλαχίστων
620 2475 845 2589 καταβαίνων
867 2463 966 2539 οῦδὲν
987 2462 1072 2540 ἄλλο
1094 2471 1186 2538 ἐστίν
1208 2461 1229 2555 6
1251 2474 1404 2557 πνεῦμα
1425 2491 1534 2557 σωμα-

177 2584 211 2639 20
228 2563 343 2639 τικόν
374 2567 463 2640 κατὰ
498 2573 535 2639 δὲ
570 2563 655 2657 ἡμᾶς
687 2575 745 2639 καὶ
773 2566 838 2657 τὴν
866 2565 1007 2657 λογικὴν
1038 2565 1149 2656 ψυχὴν
1185 2563 1471 2690 netooepdvovg'’
1451 2596 1533 2639 απο-

228 2665 396 2739 δεικνύναι
423 2674 605 2756 κρείττονα
632 2663 741 2758 πόσης
769 2671 962 2755 σωματικῆς
988 2663 1122 2753 φύσεως
1149 2672 1206 2738 καὶ
1239 2661 1405 2738 οῦσίαν’
1384 2662 1536 2756 αόρατον

227 2774 283 2837 καί
313 2762 495 2857 ῦσῶματον
526 2762 588 2838 οῦκ
618 2760 661 2838 δν
691 2775 800 2887 σῶμα
831 2760 928 2855 είη“
909 2794 928 2836 ο
955 2763 1051 2849 θεὸς
1078 2762 1192 2854 λόγος,
1224 2760 1267 2837 δι’
1289 2756 1331 2837 οῦ
1353 2763 1396 2837 τὰ
1418 2762 1535 2838 πάντ’

228 2870 371 2955 ἐγένετο,
394 2859 593 2954 όφθόνων,
625 2869 681 2938 ίνα
703 2863 836 2938 πάντα
857 2863 912 2936 διὰ
935 2862 1041 2955 λόχου
1060 2873 1208 2955 γίνηται,
1231 2859 1293 2953 οῦχ
1315 2867 1380 2948 ἕως
1401 2861 1536 2988 ἇνθρῶ-

228 2994 308 3036 πων
340 2961 458 3056 μόνων
489 2961 577 3037 ἇλλόι
610 2971 665 3035 καὶ
694 2973 768 3037 τῶν
796 2969 983 3052 ἐλαχίστων
1012 2966 1097 3036 είναι
1125 2969 1355 3055 νομιζομένων
1383 2962 1488 3036 καὶ“
1467 2965 1535 3036 νπό

178 3077 211 3131 25
229 3063 361 3152 φύσεως
383 3068 638 3187 διοικουμένων,
678 3061 811 3136 πάντα
836 3069 897 3153 μέν
923 3054 987 3136 οῦν
1010 3059 1085 3136 οῖ’
1064 3061 1132 3135 απὸ
1155 3070 1217 3153 τῆς
1238 3069 1354 3146 Στοᾶς
1375 3062 1535 3185 ἐκπυροῦ-

229 3187 354 3247 τωσαν,
384 3159 476 3254 ἡμεῖς
504 3168 539 3234 δὲ
568 3159 751 3253 ἆσιόματον
777 3159 894 3234 οῦοίαν
921 3161 983 3233 οῦκ
1004 3165 1097 3252 ίσμεν
1119 3165 1371 3252 ὲκπυρουμένην
1392 3158 1469 3232 οὐδ’
1491 3166 1536 3245 είς

228 3269 296 3352 πῦρ
327 3259 562 3350 δναλυομένην
590 3261 655 3351 τὴν
686 3258 876 3350 ἀνθρώπου
902 3261 1014 3351 ψυχὴν
1041 3255 1061 3351 6
1088 3259 1154 3350 τὴν
1175 3255 1369 3350 όχχέλων’
1348 3289 1369 3349 η
1392 3258 1536 3351 θρόνων

228 3357 249 3451 ἢ
271 3358 489 3451 κυριοτὴτων
511 3355 532 3450 6
555 3357 668 3450 όρχῶν
690 3355 711 3428 6
733 3365 896 3448 ἐξουσιῶν
917 3356 1114 3433 ὑπόστασιν.
1316 3455 1318 3460 Δ

146 3499 211 3553 163V
311 3481 433 3548 LXXII.
450 3480 461 3566 ΙΙ
478 3473 600 3566 Διόπερ
630 3475 743 3566 μάτην
773 3481 951 3561 λέλεκταιΙ
975 3483 1025 3566 τῷ
1050 3483 1178 3568 Κέλσῳ,
1201 3475 1249 3562 ῶς
1280 3476 1326 3566 μὴ
1357 3474 1461 3548 είδότι
1491 3477 1534 3549 τὰ
1555 3495 1624 3563 468⁷

178 3600 211 3655 30
229 3583 292 3649 τοῦ
314 3575 541 3666 πνεύματος
567 3582 639 3648 τοῦ
660 3583 771 3664 θεοῦ,
796 3569 851 3648 ότι
873 3580 1035 3664 ἐπείπερ
1056 3573 1209 3666 πνεῦμά
1231 3581 1341 3647 ἐστιν
1364 3573 1440 3648 ἇπδ
1463 3585 1536 3649 τοῦ

229 3683 328 3748 θεοῦ
357 3671 376 3747 6
405 3675 490 3759 υίὸς
516 3680 557 3748 ἐν
579 3671 828 3766 όνθρωπίνῳ
852 3677 1027 3764 χεχονῶς
1049 3673 1216 3763 σῶματι,
1239 3671 1323 3747 οὐδ’
1345 3669 1392 3745 όιν
1413 3673 1536 3760 αὐτὸς

230 3780 287 3865 είη
317 3772 524 3859 ἇθόνατος
555 3770 574 3847 6
602 3783 674 3854 τοῦ
702 3781 801 3847 θεοῦ
829 3771 922 3859 υίός.
970 3776 1043 3846 είτα
1071 3772 1176 3848 πόλιν
1205 3777 1315 3866 ἑαυτῷ
1346 3773 1445 3865 φόρει
1473 3773 1537 3847 τόν

314 3979 449 4034 41Kor.
467 3979 491 4048 2,
510 3981 551 4034 14.
569 4009 602 4018 —
623 3979 637 4035 7
658 3978 722 4048 Vgl.
741 3979 803 4033 Joh.
821 3981 846 4046 4,
864 3980 905 4034 24.
924 4008 957 4019 -
976 3979 994 4036 8
1012 3995 1039 4033 u.
1053 3977 1091 4034 15
1109 3976 1334 4047 Vgl.oben121,
1352 3979 1410 4034 172
1426 3978 1536 4036 6156.

229 4065 436 4128 11175‚1267
459 4063 558 4118 z.3ff.
590 4063 629 4117 IV
648 4065 693 4131 14,
715 4064 797 4120 1284
818 4063 845 4119 Z.
863 4063 934 4120 23ff.
957 4063 1102 4132 68,1338
1123 4062 1150 4118 Z.
1168 4063 1222 4118 3ff.
1251 4061 1427 4130 V14,s.15
1449 4063 1477 4116 Z.
1495 4063 1537 4118 23.

228 4148 338 4214 Seneca,
356 4149 397 4204 De
414 4147 516 4203 consol.
533 4147 569 4202 ad
586 4147 663 4202 Helv.
676 4147 742 4218 Gap.
754 4147 828 4202 VIII.
852 4147 988 4202 fflnuoius
1000 4147 1085 4216 Felix,
1097 4146 1228 4202 Οοίιιτίιιε
1240 4146 1304 4218 Gap.
1316 4147 1427 4201 XXXII.
1445 4177 1479 4187 -
1497 4147 1536 4203 22
1582 4147 1588 4156 ’

229 4233 301 4303 Vgl:
313 4233 375 4288 Joh.
396 4236 420 4299 1,
438 4235 462 4286 1.
480 4235 505 4289 3.
522 4261 556 4272 -
574 4231 612 4287 25
632 4231 694 4302 Vgl.
712 4232 784 4287 oben
801 4231 827 4286 V
844 4234 887 4302 20,
905 4232 930 4288 S.
948 4234 981 4288 21
999 4231 1026 4286 Z.
1043 4232 1077 4287 23
1086 4233 1114 4287 ff.
1132 4261 1166 4272 -
1184 4232 1222 4290 22
1242 4231 1307 4302 Vgl.
1324 4231 1385 4285 Kol.
1405 4235 1428 4297 1,
1447 4233 1488 4288 16.

315 4409 333 4464 2
356 4413 457 4478 μωσῆς
473 4410 498 4462 A
520 4408 525 4476 Ι
545 4407 563 4463 θ
585 4401 729 4477 συνάπτει]
749 4400 861 4482 συνᾴδει
878 4409 1016 4462 vermutet
1033 4406 1116 4462 Guiet
1133 4405 1188 4474 (bei
1205 4405 1265 4461 Del.
1283 4406 1296 4459 Ι
1313 4405 1364 4462 686
1380 4409 1462 4460 Anm.
1480 4407 1509 4475 d)
1532 4414 1534 4469 ί

231 4492 269 4548 12
288 4482 338 4548 δτε
354 4496 381 4547 A
399 4482 446 4548 ότι
462 4491 562 4545 Μῦθπ·
572 4495 676 4562 Ausgg.
692 4493 696 4560 Ι
711 4491 750 4548 22
769 4486 853 4546 πάντ’
869 4491 1000 4562 ΑΗσ.8ρ.
1018 4487 1113 4547 πάντα
1131 4489 1191 4546 Del.
1206 4493 1211 4560 Ι
1226 4491 1267 4546 28
1289 4491 1400 4561 γίνηται
1416 4493 1441 4545 Δ
1458 4489 1537 4561 γένη-

229 4595 275 4632 ται
293 4579 396 4647 Ausgg.
416 4580 421 4646 1
441 4575 480 4632 24
502 4567 720 4646 262601610'6
742 4580 803 4631 τῶν
820 4579 957 4631 νοτωαίεί
977 4576 1026 4631 Βο.
1045 4575 1142 4645 (Notae
1158 4593 1184 4647 p.
1202 4577 1262 4646 398)
1282 4577 1286 4645 Ι
1306 4575 1347 4632 26
1370 4569 1460 4646 ἴομεν]
1480 4596 1490 4630 ι
1507 4575 1535 4629 in

229 4661 371 4715 correctur
388 4665 420 4716 A.
