3780 5532
607 522 705 576 ΚΑΤΑ
732 521 891 576 mmor
913 523 972 580 vn
993 526 1034 578 54.
1052 525 1093 578 55.
1111 524 1152 578 56.
1483 527 1543 588 205

202 727 205 736 ,
240 685 328 762 κίαις
351 676 456 752 αὐτοῦ
478 691 588 771 σιωπῇ
609 683 740 767 παντὸς
761 713 824 757 τοο
809 690 882 756 ’ἐν
895 680 1053 775 Ἕλλησιν
1075 689 1111 756 ἐν
1132 681 1341 773 περιστάσεσι
1362 681 1543 770 τυγχάνον

241 806 300 862 τος
329 787 606 870 φθεγξαμένου
629 790 759 872 μᾶλλον
785 790 927 876 ἐνέφηνε
952 792 1133 874 καρτερίαν
1158 779 1259 852 καὶ“
1238 780 1430 872 υπομονήν
1458 786 1487 852 εί
1508 809 1543 870 γε

240 873 305 950 κάν
327 879 441 971 τούτῳ
463 881 634 952 πιστεύειν
656 879 676 954 ὁ
699 891 824 968 Κέλσος
845 885 1002 970 βούλεται
1021 879 1245 1005 εὐγνωμόνως
1260 878 1542 972 ἀναγεγραμμένῳ

240 974 309 1049 5πό
334 979 538 1071 φιλαλήθων
559 979 731 1071 ἀνδρων,
755 993 828 1056 τῶν
849 995 904 1056 καὶ
925 1015 969 1056 τα
955 981 1161 1072 παράδοξα
1181 979 1337 1070 ἀφευδῶς
1355 976 1544 1070 εἰρηκότων

206 1097 222 1149 5
240 1087 296 1150 καὶ
319 1079 383 1170 τὴν
404 1081 496 1171 παρά
518 1101 591 1166 ταῖς
612 1084 745 1173 μάστιξι
767 1083 900 1174 σιωπὴν
922 1082 1027 1156 αὐτοῦ
1048 1087 1189 1166 ἐκείνοις
1208 1078 1543 1170 συναριθμησάντων.

240 1175 327 1251 ἀλλὰ
348 1186 404 1250 καὶ
424 1178 666 1272 ἐμπαιζόμενος
686 1192 741 1254 καὶ
762 1180 960 1273 ἐνδυόμενος
986 1183 1050 1274 τὴν
1069 1187 1074 1270 Ι
1093 1187 1276 1270 ,κοκκίνην
1297 1178 1468 1268 χλαμύδα(
1489 1184 1543 1248 καὶ
1562 1191 1612 1244 734

240 1277 303 1350 τὸν
325 1275 536 1363 ,ἀκάνθινον
557 1288 748 1369 στέφανον(
770 1291 812 1372 ιη’
834 1292 964 1372 κεφαλῇ
986 1287 1241 1371 περιτιθέμενος
1262 1286 1317 1352 καὶ
1339 1277 1402 1349 τόν
1422 1278 1544 1364 ,κάλα-

239 1387 325 1463 μονίί
347 1380 530 1468 λαμβάνων
556 1385 611 1452 ἐπὶ
637 1389 698 1472 τῆς
722 1381 832 1472 χειρὸς
858 1378 935 1454 ἀντὶ
957 1380 1130 1473 σκήπτρου
1151 1378 1237 1472 άκρα
1259 1375 1429 1471 πρᾳότητι
1451 1376 1544 1468 ἐχρή-

240 1499 333 1562 σατο,
364 1485 466 1569 μηδεν
496 1477 575 1570 μηδ’
602 1477 716 1570 ἀγενὲς
750 1479 827 1572 μηδ’
856 1479 1127 1572 ἀγανακτητικόν
1158 1481 1264 1551 είπών
1294 1477 1381 1568 πρὸς
1411 1474 1542 1561 αὐτοὺς,

191 1593 224 1645 10
241 1584 389 1648 τοσαῦτα
411 1575 485 1650 κατ)
508 1577 614 1652 αὐτοῦ
636 1579 876 1703 τολμησαντας.

324 1675 385 1748 οὐκ
412 1670 454 1767 ἦν
481 1671 544 1750 οὖν
574 1679 662 1752 κατά
693 1680 756 1752 τὸν
786 1678 853 1754 ἀπὸ
884 1687 1059 1770 καρτερίας
1086 1679 1177 1768 παρὰ
1204 1698 1278 1761 ταῖς
1303 1677 1437 1768 μάστιξι
1465 1701 1543 1748 σιω-

239 1773 394 1865 πήσαντα
420 1775 525 1848 καὶ
506 1777 573 1850 απὸ
603 1777 799 1871 πρᾳότητος
824 1779 936 1853 πάντα
962 1777 1181 1900 άπρμίνοντα
1208 1778 1250 1849 τὰ
1276 1778 1368 1868 παρά
1396 1807 1469 1849 των
1492 1782 1544 1864 ἐ

239 1871 437 1962 παιζόντων
462 1876 698 1968 προσαγόμενα
724 1875 933 1968 είρηκέναι’
913 1878 981 1950 απὸ
1008 1874 1190 1967 ἀγεννείας,
1219 1875 1266 1962 ὦς
1292 1881 1423 1948 οίονταί
1445 1904 1543 1958 τινες,

239 1983 294 2046 καί
323 1972 377 2046 τό
409 1978 551 2064 ,,πάτερ,
587 1982 615 2048 εί
645 1979 809 2063 δυνατὸν,
844 1977 885 2050 τὸ
917 1975 1085 2068 ποτήριον
1114 1984 1316 2065 παρελθέτω
1347 1982 1455 2047 τοῦτο
1486 1971 1544 2046 ἀπ’

189 2079 331 2164 15ἐμοῦ
360 2075 452 2197 πλην
478 2075 538 2166 οὐχ
566 2074 614 2161 σάς
640 2080 706 2166 ἐγοίι
728 2083 833 2163 θέλω,
861 2074 935 2149 ἀλλ’
958 2108 1006 2160 ως
1028 2074 1096 2149 σό.“
1137 2079 1199 2165 ἔχει
1225 2083 1287 2164 μὲν
1309 2067 1374 2148 οὖν
1396 2071 1543 2195 λόγονῆ

240 2181 387 2246 δοκοῦσα
408 2172 678 2266 όποπαραίτησις
701 2179 784 2248 εἶναι
807 2207 870 2250 του
854 2183 1102 2270 ’καλουμένου
1116 2171 1334 2298 ποτηρίου,“
1316 2205 1357 2248 ον
1372 2179 1408 2246 ἐν
1424 2171 1544 2258 άλλοις

238 2279 292 2345 ἐπὶ
314 2285 434 2346 πλεῖον
456 2273 662 2365 ἐξητάσαμεν
683 2284 738 2346 καὶ
760 2274 1026 2366 ἀποδεδώκαμεν.
1063 2277 1119 2346 ἵνα
1141 2272 1170 2347 δ’
1190 2271 1465 2363 ἁπλούστερον
1445 2273 1543 2346 ακού-

238 2399 350 2462 σωμεν
374 2401 437 2445 του
422 2369 708 2465 ’λελεγμένσυ,”
690 2405 752 2464 ορα
774 2375 866 2465 εἰμὴ
888 2374 972 2465 μετά
994 2381 1055 2465 τῆς
1077 2374 1164 2464 πρὸς
1185 2374 1249 2446 τὸν
1271 2373 1357 2446 θεὸν
1381 2371 1543 2458 εὐσεβείας

237 2468 345 2543 καὶ“
325 2502 345 2562 η
376 2469 453 2563 εὐχὴ
485 2479 627 2578 είρηται,
655 2477 786 2558 παντὸς
813 2471 1013 2546 οάτινοσοῦν
1040 2473 1082 2546 τὸ
1109 2472 1349 2562 περιστατικὸν
1377 2471 1419 2544 ου’
1439 2502 1542 2563 προη

186 2594 220 2649 20
237 2570 403 2660 γοόμενον
434 2572 517 2644 εἶναι
547 2573 759 2665 νομίζοντος,
787 2571 860 2647 ἀλλ’
882 2572 1115 2665 ὑπομένοντος
1141 2572 1182 2645 τὸ
1209 2573 1253 2664 μὴ
1281 2579 1544 2663 προηγουμένως

237 2667 473 2760 συμβαῖνον,ο
455 2701 541 2744 οταν
553 2673 669 2762 καιρὸς
683 2681 777 2763 καλη.
812 2670 899 2746 ἀλλά
913 2681 969 2746 καὶ
984 2670 1048 2746 οὐκ
1063 2670 1291 2757 ἐνδεδωκότος
1308 2701 1352 2762 ην
1368 2702 1392 2796 η
1412 2671 1541 2762 φωνὴ,

237 2767 521 2860 εὐαρεστουμένου
551 2780 586 2845 δὲ
613 2793 685 2858 τοῖς
712 2780 924 2864 συμβαίνουσι
951 2782 1005 2845 καὶ
1032 2781 1274 2862 προτιμῶντος
1301 2772 1343 2844 τά
1372 2769 1440 2844 ἀπὸ
1463 2801 1543 2863 προ-

237 2876 330 2954 νοίας
359 2873 579 2962 περιστατικά
613 2870 633 2962 ἡ
662 2879 803 2963 λέγουσα
830 2871 958 2962 φωνή·
988 2872 1099 2962 ,πλὴν
1122 2869 1163 2944 οό
1184 2881 1218 2943 τί
1240 2875 1305 2960 ἐγω
1329 2879 1432 2959 θέλω,
1455 2869 1541 2944 ἀλλὰ

236 2979 270 3041 τί
291 2970 359 3042 σό.“

185 3109 218 3162 25
318 3092 397 3158 LVI.
438 3085 511 3160 Εἶτ’
538 3086 600 3160 οάκ
630 3085 697 3159 οἷδ’
719 3081 815 3170 όπως
845 3087 1003 3172 ἐβούλετο
1041 3086 1125 3179 ἡμᾶς
1160 3095 1310 3178 μᾶλλον
1337 3095 1540 3172 Σίβυλλαν

152 3206 216 3260 1851
235 3183 456 3276 ἀναγορεῦσαι
487 3194 608 3258 παῖδα
637 3193 735 3259 θεοῦ
761 3193 765 3274 ί
793 3181 823 3274 ἢ
840 3183 978 3275 Ἰησοῦν,
1006 3185 1268 3278 ἀποφηνάμενος
1295 3180 1349 3259 ότι
1376 3214 1539 3275 παρενε·

234 3283 444 3376 γράφαμεν
477 3293 532 3370 είς
560 3285 607 3358 τά
638 3291 791 3375 ἐκείνης
821 3285 950 3358 πολλά
981 3294 1045 3356 καὶ
1072 3284 1283 3376 βλάσφημα
1309 3286 1431 3376 καὶμὴ
1454 3283 1539 3358 ἀπο·

235 3393 342 3471 δείξας
368 3383 443 3477 μηδ
468 3381 487 3458 ὅ
514 3415 548 3457 τι
574 3383 935 3476 παρενεγράφαμεν.
978 3382 1128 3472 ἀπέδειξε
1156 3384 1188 3460 δ’
1211 3382 1263 3470 ἀν,
1291 3392 1319 3457 εί
1341 3385 1384 3456 τά
1407 3382 1540 3475 ἀρχαιό-

235 3513 316 3575 τερα
346 3486 572 3576 καθαρώτερα
603 3491 747 3558 ἐδείκνυε
777 3493 832 3556 καὶ
859 3483 921 3556 οὐκ
952 3487 1073 3574 ἔχοντα
1106 3479 1191 3574 άπερ
1217 3491 1324 3557 οίεται
1351 3513 1539 3575 παρεγγε-

171 3593 218 3656 ’30
234 3584 429 3674 γράφθαι·
458 3585 503 3676 μη
534 3582 710 3670 ἀποδείξας
741 3591 777 3656 δὲ
805 3581 881 3675 μηδ
905 3579 959 3656 ότι
989 3582 1201 3675 βλάσφημά
1227 3590 1298 3656 ἐστι
1325 3591 1443 3674 ταῦτα,
1467 3588 1539 3657 είτα

320 3797 337 3853 1
357 3796 419 3868 Vgl.
439 3798 537 3853 Matth.
556 3799 596 3862 26,
615 3799 657 3854 63.
680 3797 768 3852 Mark.
787 3801 827 3860 14,
846 3799 878 3852 61
897 3814 922 3850 u.
940 3797 1010 3852 oben
1029 3797 1136 3852 Probm.
1151 3796 1216 3866 Cap.
1234 3797 1254 3850 1.
1274 3825 1307 3836 -
1324 3798 1341 3852 5
1359 3797 1423 3865 Vgl.
1442 3797 1540 3851 Matth.

233 3881 274 3948 ιι,
293 3883 334 3936 14.
356 3882 445 3936 Mark.
465 3885 505 3946 15,
524 3885 548 3938 5.
573 3883 585 3936 1
603 3882 674 3936 Patr.
693 3883 717 3946 2,
735 3883 775 3937 23.
794 3871 853 3936 ἰιι
871 3884 913 3948 53,
932 3883 955 3936 ι.
973 3912 1006 3921 -
1023 3881 1040 3937 ε
1057 3881 1122 3950 vgl.
1140 3880 1238 3935 ειαιε.
1257 3881 1299 3943 ει,
1318 3881 1359 3934 28.
1379 3883 1420 3937 29.
1452 3881 1539 3937 Μαι.

234 3968 274 4030 15,
293 3968 333 4021 17.
358 3966 419 4020 Joh.
439 3968 481 4034 19,
499 3970 522 4021 1.
540 3968 564 4022 2.
583 3998 615 4006 -
636 3967 673 4022 14
691 3967 788 4022 Matth.
806 3967 847 4034 26,
867 3969 908 4022 39.
932 3966 1020 4020 Mark.
1040 3970 1080 4033 14,
1098 3969 1139 4022 36.
1159 3965 1227 4020 Luk.
1245 3967 1286 4028 22,
1304 3966 1346 4019 42.
1365 3995 1397 4004 -
1418 3966 1457 4021 14
1476 3965 1539 4035 Vgl.

233 4048 346 4105 Exhort.
366 4050 429 4122 Cap.
450 4051 539 4106 XXIX
553 4047 641 4119 (oben
659 4053 671 4104 Ι
689 4052 721 4107 25
740 4053 765 4106 Z.
784 4051 847 4120 31.)
865 4051 922 4106 und
944 4051 974 4104 in
997 4051 1095 4122 Matth.
1113 4067 1163 4104 εει.
1181 4052 1235 4104 vet.
1252 4049 1364 4120 inberpr.
1385 4041 1449 4120 Cap.
1468 4049 1540 4104 XCII

233 4135 308 4204 (Ihm.
327 4133 366 4189 IV
384 4153 409 4206 p.
427 4137 563 4191 431-435
581 4136 622 4192 ed.
641 4135 763 4207 homm.).
782 4167 815 4176 -
834 4136 873 4192 22
891 4136 990 4190 Μελίίε.
1007 4136 1049 4199 26,
1067 4136 1108 4190 39.
1138 4133 1225 4188 Mark.
1245 4135 1284 4198 14,
1303 4135 1344 4188 36.

318 4335 334 4390 1
355 4341 449 4406 αιωιιῆ
466 4339 490 4390 Α
509 4329 602 4406 σιωπὴ
620 4337 755 4406 MAusgg.
771 4336 810 4406 Ιθ
829 4329 928 4407 ἀγενὲς
944 4335 1074 4406 ΔΗδ.8ρ.
1094 4329 1210 4406 α’γεννές
1227 4335 1442 4390 V⁰⁰“·Jol⁰⁰“·
1454 4323 1513 4391 Del.
1533 4337 1536 4404 1

234 4435 273 4491 12
291 4421 425 4506 ἀγενέίας
443 4437 490 4507 [εο]
509 4439 545 4491 1¹
569 4440 573 4506 Ι
599 4437 636 4495 15
660 4430 700 4502 ὡς
716 4439 776 4507 (vor
793 4433 859 4508 ἐγώ)
877 4456 903 4492 u.
923 4429 962 4502 δις
979 4439 1038 4506 (vor
1056 4432 1100 4506 οὐ)
1122 4437 1513 4509 21151ιεὶ3ιιεπίιςείεειςευΑι
1533 4439 1536 4506 1

234 4521 272 4577 18
290 4513 530 4590 tammum.
546 4523 550 4590 Ι
567 4522 682 4578 12-20
699 4539 745 4576 am
762 4523 842 4576 Βασὰ
859 4540 896 4592 ση
913 4525 950 4577 1¹
965 4525 970 4590 Ι
985 4523 1024 4578 21
1044 4513 1060 4592 ᾗ
1079 4517 1159 4592 φωνὴ
1172 4532 1205 4582 <
1216 4523 1373 4594 JolAusgg.
1389 4525 1393 4592 Ι
1409 4523 1449 4578 28
1467 4540 1539 4595 παρ·

232 4600 441 4676 ενεγράψαμεν]
468 4605 537 4661 fiber
563 4623 596 4678 ρε
622 4607 778 4676 Apostroph
804 4623 830 4660 υ.
852 4606 967 4677 Spiritus
993 4606 1062 4661 lenis
1085 4607 1136 4660 mih
1162 4606 1249 4660 heller
1270 4607 1362 4675 Τίαίο,
1387 4607 1458 4662 doch
1481 4623 1538 4662 ver·

232 4689 336 4758 ειίεοίιί,
354 4693 385 4744 Α.
