3772 5526
609 493 709 547 ΚΑΤΑ
731 491 936 550 ΚΕΔΣΟΠ
959 491 1000 548 56.
1019 493 1060 547 57.
1077 491 1118 547 58.
1477 496 1517 558 61

215 662 318 728 κέναι.
353 659 404 726 ἐτι
426 663 462 727 δέ
482 663 558 744 περὶ
581 661 642 746 τῆς
663 661 727 727 τοῦ
748 651 872 744 Ἰησοῦ
894 659 930 725 ἐκ
951 660 1086 742 νεκρῶν
1107 650 1323 734 ἀναστάσεως
1338 657 1394 722 καὶ
1409 656 1518 722 ταῦτα

216 760 364 840 λεκτέον,
388 748 443 826 ῦτι
465 754 548 828 τότε
569 762 630 844 μὲν
652 755 720 826 ἐνα
741 748 763 842 ἢ
786 752 945 842 δεύτερον
966 743 1086 840 ῶφθαι
1108 748 1287 842 ἄγγελον,
1310 746 1519 842 ἀγγέλλοντα

215 851 323 926 αύτὸν
343 858 522 944 ἐγηγέρθαι
542 859 599 925 καὶ
620 863 842 943 προνοεῖσθαι
863 858 938 924 τῶν
959 856 1013 923 ἐπί
1037 847 1183 944 ἀφελείᾳ
1204 851 1337 923 ἑαυτῶν
1357 857 1435 940 περὶ
1456 854 1520 921 τοῦ

214 950 376 1026 τοιούτου
404 949 651 1038 πιστευόντων,
682 949 723 1024 οῦ
754 947 966 1043 θαυμαστόν·
998 947 1049 1022 ἀεὶ
1083 955 1118 1022 δέ
1148 950 1230 1033 τοῦς
1257 947 1436 1031 τοιούτους
1466 953 1519 1036 τῶ

179 1057 395 1142 οέγηγέρθαι
416 1051 480 1125 τὸν
507 1051 655 1142 Ἰησοῦν
676 1049 914 1135 πιστεύοντας,
940 1049 1074 1140 καρπὸν
1096 1055 1160 1121 τοῦ
1185 1047 1356 1122 πιστεύειν
1381 1044 1443 1119 οῦκ
1470 1045 1520 1118 εύ-

214 1147 482 1241 καταφρόνητον
503 1156 794 1241 ἐπιδεικνυμένους
816 1149 879 1222 τὸν
899 1151 1093 1240 ἐρρωμένον
1113 1157 1188 1234 βίον
1209 1155 1264 1220 καί
1285 1147 1351 1237 τὴν
1372 1143 1440 1218 ἀπὸ
1459 1152 1521 1236 τῆς

214 1251 341 1342 χύσειος
376 1259 452 1326 τῶν
485 1257 604 1322 κακῶν
630 1249 837 1341 μεταβολὴν,
867 1246 908 1322 ού
935 1257 1040 1338 χωρὶς
1065 1253 1316 1338 ἐφαπτομένων
1341 1255 1416 1319 τῶν
1443 1255 1520 1335 βοη-

215 1350 380 1423 θούντων
409 1349 526 1424 αὐτῶν
556 1356 599 1437 τῇ
621 1348 708 1438 πρὸς
729 1347 815 1422 θεὸν
840 1354 1030 1438 ἐπιστροφῇ
1059 1343 1238 1438 ἀγγέλων
1265 1355 1430 1436 γίνεσθαι,
1459 1342 1521 1417 οῦκ

215 1445 343 1540 ἄλογον
363 1452 447 1522 είναί
468 1477 526 1537 μοι
547 1457 711 1537 φαίνεται.

165 1580 200 1635 10
299 1569 412 1636 LVIII.
449 1573 642 1656 Κατηγορεῖ
661 1561 695 1635 δ’
717 1560 737 1636 δ
757 1570 884 1646 Κέλσος
905 1571 960 1635 καί
982 1569 1046 1636 τοῦ
1069 1559 1264 1650 φάσκοντος
1285 1558 1390 1652 λόγου
1412 1555 1521 1652 ἀγγε-

216 1674 288 1738 λον
316 1660 596 1737 ἀποκεκυλικέναι
625 1670 699 1734 τοῦ
726 1662 870 1751 τύφου,
900 1665 986 1734 ἔνθα
1015 1654 1058 1751 ἦν
1084 1661 1126 1734 τὸ
1154 1658 1277 1752 Ἰησοῦ
1307 1670 1416 1751 σῶμα,
1439 1660 1523 1746 ,τὸν

217 1771 339 1835 λίθσν“
368 1756 483 1852 ῶσπερ
513 1760 701 1852 μειράκιον,
732 1765 769 1832 ἐν
794 1769 947 1851 διατριβῇ
978 1761 1081 1844 λαβὸν
1112 1767 1266 1844 τοπικῶς
1296 1765 1523 1850 κατηγορῆσαί

217 1891 326 1946 τινος,
356 1870 413 1934 καί
443 1885 547 1952 φησιν
577 1859 625 1945 ῶς
653 1857 764 1949 σοφόν
792 1890 827 1932 τι
855 1859 942 1930 κατὰ
969 1866 1032 1931 τοῦ
1061 1855 1165 1948 λόγου
1187 1857 1298 1948 εύρῶν
1320 1867 1386 1946 [καί
1408 1865 1521 1949 φησιν]

219 1957 273 2033 ὅτι
303 1957 322 2033 δ
352 1967 426 2033 τοῦ
457 1965 558 2031 θεοῦ
586 1979 692 2042 παῖς,
724 1951 777 2042 ῶς
804 1963 948 2042 ἔοικεν,
980 1955 1052 2029 οῦκ
1077 1956 1247 2030 ἐδύνατο
1270 1954 1428 2045 ἀνοῖξαι
1450 1959 1523 2030 τὸν

167 2078 201 2132 15
218 2060 365 2148 τάφον,
395 2058 479 2132 ἀλλ’
501 2056 647 2149 ἐδεήθη
674 2053 799 2130 ἄλλου
821 2054 1144 2147 ἀποκινὴσοντσς
1170 2055 1245 2146 τὴν
1265 2062 1425 2144 πέτραν.
1467 2067 1524 2129 καὶ

219 2163 274 2231 ίνα
299 2185 337 2248 γε
361 2166 464 2250 μηδὲν
485 2155 752 2248 περιεργάσοιμαι
777 2163 852 2245 περὶ
874 2163 949 2227 τῶν
970 2155 1057 2227 κατὰ
1079 2154 1143 2228 τὸν
1165 2152 1277 2227 τόπον
1297 2161 1379 2247 μηδὲ
1400 2183 1523 2244 τροπο-

191 2267 193 2273 ’
219 2267 337 2348 λογίαν
365 2263 420 2330 ἐπὶ
449 2263 512 2328 τοῦ
540 2255 714 2348 παρόντος
742 2261 959 2344 ἐκτιθέμενος
987 2252 1077 2342 δόξαν
1104 2251 1251 2344 ἀκαίρως
1273 2261 1319 2338 είς
1341 2263 1451 2328 ταῦτα
1473 2285 1525 2346 φι-

220 2369 390 2446 λοσοφεῖν,
412 2364 489 2446 περί
509 2353 613 2447 αὐτῆς
635 2362 702 2445 ἐρῶ
724 2362 786 2445 τῆς
807 2360 957 2445 ἱστορίας
978 2350 1033 2427 ὅτι
1055 2350 1258 2444 σεμνότερον
1279 2351 1430 2427 αύτύθεν
1449 2364 1525 2443 φαί-

219 2485 314 2528 νεται
342 2458 384 2529 τὸ
414 2454 478 2528 τὸν
508 2453 678 2527 ἐλάττονα
710 2463 768 2526 καὶ
796 2452 969 2545 ύπηρέτην
995 2451 1272 2527 ἀποκεκυλικέναι
1298 2455 1382 2540 ,τὸν
1403 2463 1525 2528 λίθον(

165 2552 241 2646 2οἢ
270 2557 334 2629 τὸν
359 2560 414 2627 ἐπὶ
441 2553 588 2647 ἀφελείᾳ
616 2551 818 2644 ἀνθρώπων
840 2551 1063 2644 ἀνιστάμενον
1084 2559 1190 2625 τοῦτο
1212 2560 1442 2644 πεποιηκέναι.
1484 2551 1525 2626 ού

220 2661 308 2745 λέγω
338 2650 371 2725 δ’
391 2649 446 2727 ὅτι
474 2658 508 2726 οί
535 2659 596 2744 μέν
624 2661 676 2744 τῷ
704 2650 796 2743 λόγῳ
823 2650 1100 2738 ἐπιβουλεύοντες
1121 2660 1177 2724 καὶ
1198 2649 1397 2726 ἀποκτεῖναι
1419 2649 1526 2725 αύτὸν

219 2761 447 2844 βουληθέντες
478 2761 534 2825 καὶ
563 2759 667 2840 δεῖξαι
696 2759 778 2826 πᾶσι
804 2753 927 2841 νεκρὸν
948 2750 1067 2824 καὶτὸ
1088 2759 1193 2841 μηδὲν
1215 2749 1429 2842 τυγχάνοντα
1450 2753 1526 2838 βαύ-

220 2863 340 2926 λονται
367 2850 475 2924 αῦτοῦ
502 2858 662 2943 μηδαμῶς
692 2848 936 2941 ἀνοιχθῆναι
969 2850 1041 2923 τὸν
1071 2849 1216 2940 τάφον,
1247 2853 1303 2923 ίνα
1327 2859 1442 2942 μηδείς
1463 2852 1527 2925 τὸν

220 2949 325 3042 λύγον
351 2950 436 3042 μετὰ
466 2950 531 3042 τὴν
559 2950 742 3041 ἐπιβουλὴν
769 2949 887 3022 αὐτῶν
914 2959 1028 3037 ζῶντα
1049 2950 1226 3040 θεάσηται·
1253 2947 1273 3024 δ
1300 2957 1335 3023 δὲ
1356 2949 1441 3042 ύπέρ
1463 2977 1525 3024 σιο-

168 3070 203 3126 25
221 3060 337 3142 τηρίας
351 3049 554 3140 ἀνθρώπων
575 3055 786 3140 ἐπιδημῶν
807 3048 966 3139 συνεργὸς
981 3057 1044 3122 τοῦ
1065 3047 1234 3140 ἀγγέλου
1256 3046 1421 3141 ἄγγελος
1442 3059 1527 3124 θεοῦ

221 3147 435 3240 ἰσχυρότερος
469 3143 521 3220 ῶν
555 3157 629 3220 τῶν
657 3145 950 3234 ἐπιβουλευόντων
982 3146 1157 3222 ἀποκυλίει
1187 3148 1251 3221 τὸν
1278 3150 1383 3240 βαρύν
1411 3157 1526 3224 λίθον·

221 3255 275 3322 ίνα
305 3254 497 3322 πεισθῶσιν
528 3252 560 3319 οί
589 3253 784 3336 νομίζοντες
813 3255 1015 3336 τεθνηκέναι
1042 3248 1105 3322 τὸν
1127 3245 1231 3337 λόγον
1253 3242 1308 3322 ὅτι
1329 3246 1415 3335 ,οῦκ
1437 3254 1527 3322 ἐστέ(

220 3349 325 3438 ,μετὰ
351 3355 426 3421 τῶν
452 3352 603 3433 νεκρῶν“
626 3343 712 3418 ἀλλὰ
735 3353 774 3435 ζῇ
794 3352 849 3417 καὶ
872 3344 1053 3438 ,,προάγει“
1075 3348 1156 3432 τοῦς
1181 3354 1406 3438 βουλομένους
1432 3347 1528 3442 αύτῷ

220 3445 439 3532 ἀκολουθεῖν,
469 3447 524 3520 ίνα
552 3448 757 3535 ἐπιδείξηται
783 3444 826 3518 τὰ
852 3447 927 3536 ἑξῆς
954 3445 1006 3531 οίς
1032 3453 1224 3536 ἐπεδείξατο
1249 3445 1432 3540 πρότερον,
1455 3469 1528 3534 τοῖς

307 3667 325 3723 2
346 3667 408 3737 Vgl.
427 3666 528 3722 Ματθία.
546 3665 587 3730 28,
606 3668 630 3722 5.
649 3667 673 3722 6.
696 3665 785 3720 Μειδτ.
806 3667 846 3734 16,
864 3666 888 3721 6.
912 3665 981 3721 Luk.
998 3668 1040 3732 24,
1058 3669 1082 3724 5.
1100 3669 1124 3724 6.
1143 3699 1176 3707 -
1196 3669 1273 3725 lou.
1289 3669 1327 3726 12
1346 3669 1408 3740 Vgl.
1427 3670 1527 3727 Matth.

221 3752 263 3820 28,
274 3752 298 3808 2.
321 3750 409 3805 Mark.
423 3753 463 3814 16.
475 3753 501 3806 4.
525 3750 592 3804 Luk.
610 3751 652 3817 24,
670 3751 694 3804 2.
712 3781 745 3790 -
763 3748 802 3805 22
823 3749 886 3820 Vgl.
905 3751 1002 3806 Matth.
1020 3752 1061 3816 27,
1079 3753 1121 3807 64.
1139 3782 1172 3791 -
1189 3752 1225 3808 27
1244 3753 1307 3824 vgl.
1321 3753 1388 3810 nuk.
1402 3755 1443 3821 24,
1460 3757 1485 3811 6.
1504 3760 1528 3812 5.

222 3865 256 3876 -
273 3835 312 3890 28
329 3835 392 3904 vgl.
404 3834 505 3890 Matth.
518 3835 559 3900 28,
572 3838 596 3891 7.
621 3835 708 3891 Mark.
721 3836 761 3899 16,
775 3837 798 3889 7.

238 4039 240 4042 ’
308 4034 326 4090 2
343 4050 392 4088 vor
409 4027 460 4090 ἕνα
479 4041 511 4098 -Ι-
530 4027 546 4103 ἢ
564 4034 701 4104 ΜΔοεςς.
722 4036 727 4102 Ι
748 4027 928 4110 ἀγγέλλοντα
946 4033 1082 4104 MAusgg.
1101 4027 1226 4105 ἄγγελον
1243 4039 1267 4090 A
1283 4038 1286 4106 Ι
1302 4038 1321 4094 θ
1340 4054 1389 4092 vor
1406 4033 1530 4117 ἀφελείᾳ

224 4126 257 4185 -Ι-
269 4126 305 4189 τῇ
323 4121 424 4188 Ausgg.
446 4120 450 4187 Ι
475 4115 584 4174 ἑαυτῶν
606 4136 655 4174 aus
673 4111 768 4172 αὐτῶν
785 4132 852 4172 corr.
871 4119 896 4171 A
916 4120 920 4185 Ι
940 4118 960 4174 4
981 4123 1033 4174 τῶι
1055 4119 1227 4188 Abergeschr.
1246 4123 1284 4174 A¹
1303 4123 1308 4191 Ι
1327 4122 1346 4178 5
1364 4115 1491 4194 καρπὸν]
1509 4143 1530 4180 π

224 4203 397 4274 fibergesohr.
416 4206 453 4258 A¹
479 4205 483 4269 Ι
508 4203 522 4256 7
548 4207 606 4258 τῶν
622 4202 820 4274 βοηθούντων]
843 4205 893 4260 καί
910 4203 1098 4272 βοηθούντων
1114 4208 1251 4260 τετωαῖετ
1268 4205 1351 4262 GuIet
1368 4205 1422 4276 (bei
1439 4207 1499 4263 Del.
1517 4210 1530 4262 I

224 4307 275 4360 σεε
292 4307 373 4358 Anm.
391 4303 421 4371 b)
442 4305 446 4371 ι
466 4303 504 4359 ιε
526 4295 618 4373 τιμὰν
636 4302 686 4358 Ηε.
705 4320 751 4356 am
767 4303 857 4370 nand,
875 4303 984 4374 sp.1)e1.
1002 4305 1041 4358 im
1057 4305 1139 4369 σεο,
1164 4291 1265 4378 ιαμβι
1282 4306 1331 4377 [so]
1350 4309 1387 4360 ιι
1402 4310 1406 4376 I
1423 4309 1461 4366 ιο
1481 4329 1531 4380 φη-

226 4407 273 4444 σιν
286 4389 322 4457 (1)
335 4401 367 4446 <
377 4387 513 4455 MAusgg.
529 4387 534 4453 Ι
549 4386 608 4456 [καί
624 4387 720 4456 φησιν]
739 4387 966 4442 wahrscheinlich
984 4388 1136 4444 fehlerhast
1152 4391 1325 4457 wiederholt,
1343 4392 1459 4448 deshalb
1477 4411 1532 4448 von

224 4473 278 4526 mir
294 4471 535 4541 eingeklammert;
554 4472 642 4539 φησίν
659 4471 795 4542 MAusgg.
810 4475 815 4540 Ι
830 4472 868 4529 21
887 4464 942 4542 δτι]
962 4489 988 4528 τι
1006 4474 1057 4528 auf
1071 4473 1157 4528 Rasur
1175 4478 1198 4528 A
1220 4478 1223 4543 Ι
1244 4475 1282 4532 25
1300 4493 1350 4531 vor
1367 4471 1532 4549 ἀνθρώπων

224 4566 258 4621 δ-
275 4562 335 4612 τῶῖ
352 4556 489 4625 ΜΑὓθΕῖ·
510 4557 514 4624 Ι
539 4554 690 4624 ἐπιδημῶν]
710 4555 846 4610 zwisehen
864 4575 881 4625 η
899 4557 955 4610 und
972 4577 993 4625 μ
1016 4557 1077 4612 sind
1096 4560 1163 4616 2-3
1181 4561 1291 4616 Buchnt.
1310 4562 1464 4618 ausradiert
1480 4567 1505 4618 A
1524 4563 1528 4634 Ι

226 4642 263 4698 27
284 4635 383 4712 λόγον]
401 4659 420 4711 γ
437 4640 466 4694 in
483 4639 626 4694 Conectur
643 4641 676 4694 A.
