3780 5532
340 493 401 554 204
656 539 659 544 ,
886 485 1108 541 mmmm

422 651 502 716 LIV.
539 644 625 718 Ἐπεί
654 677 718 718 ουν
745 644 933 736 ἀναπέμπει
960 643 1045 736 ἡμᾶς
1068 651 1122 718 ἐπὶ
1144 646 1207 718 τὸν
1226 641 1428 732 Ἡρακλέα,
1450 641 1645 735 άπομνημο-

341 745 488 836 νεύματα
511 742 625 833 λόγων
647 743 753 818 αῦτοῦ
775 743 853 836 ἡμῖν
873 745 1124 837 παραστησάτω
1146 753 1200 816 καὶ
1222 753 1298 833 περὶ
1321 751 1381 834 τῆς
1402 741 1482 833 παρ’
1497 740 1646 833 Ὀμφάλη

342 844 487 936 άσέμνου
509 853 662 928 δουλείας
684 842 789 917 αῦτοῦ
811 843 1095 936 άπολογησάσθω,
1119 844 1282 917 δεικνύτω
1305 850 1341 915 δὲ
1372 849 1401 914 εί
1426 851 1522 927 θείας
1549 851 1646 934 τιμῆς

341 943 433 1033 άξιος
452 955 457 1032 Ι
476 938 518 1035 ἢν
547 940 566 1016 ό
596 951 660 1016 τοῦ
686 951 838 1034 γεωργοῦ
863 951 918 1037 βίᾳ
949 951 1003 1015 καί
1037 951 1226 1034 λῃστρικῶς
1254 943 1318 1016 τόν
1344 949 1427 1027 βοῦν
1452 945 1570 1028 λαβὼν
1585 951 1645 1014 καὶ
1666 958 1717 1011 733

307 1067 323 1119 5
340 1041 677 1133 καταθοινησάμενσς
698 1052 754 1115 καί
775 1041 890 1134 ἡσθεὶς
911 1042 965 1131 ἐφ’
980 1045 1031 1127 οίς
1052 1050 1179 1127 ἐκεῖνος
1199 1043 1440 1133 καταρώμενος
1455 1046 1544 1131 ἔλεγε
1559 1041 1646 1132 πρὸς

340 1140 446 1214 αύτόν
480 1148 655 1214 ἐσθίοντα·
689 1140 737 1227 τάς
769 1150 824 1214 καὶ
854 1147 948 1233 μέχρι
975 1151 1076 1216 τοῦδε
1104 1147 1311 1234 ίστορεῑσθαι
1342 1142 1405 1215 τὸν
1436 1138 1646 1231 Ἡρακλέος

341 1250 482 1332 δαίμονα
510 1239 800 1332 λαμβάνειν-μετὰ
827 1251 900 1314 τῶν
926 1238 1021 1332 άρῦν
1048 1244 1112 1334 τὴν
1138 1252 1270 1314 θυσίαν.
1312 1254 1409 1314 καλεῖ
1429 1238 1462 1312 δ’
1485 1237 1570 1331 ἡμᾶς
1591 1246 1646 1312 ἐπὶ

341 1341 405 1431 τὴν
433 1349 509 1428 περὶ
530 1338 766 1430 Ἀσκληπιοῦ
795 1351 1033 1431 ταυτολογίαν,
1067 1340 1314 1431 προειρηκότας
1343 1349 1399 1412 καὶ
1426 1349 1502 1429 περὶ
1530 1338 1644 1414 αύτοῦ.

340 1438 414 1513 ἄλλ’
437 1437 528 1530 ἡμείς
557 1445 695 1522 ἐκείνοις
720 1438 922 1530 άρκούμεθα.
965 1451 999 1512 τί
1025 1451 1060 1514 δὲ
1088 1450 1142 1514 καὶ
1170 1440 1344 1530 θαυμάσας
1366 1439 1531 1530 Ὀρφέως
1554 1437 1644 1530 ὁμο-

291 1559 324 1614 10
342 1547 598 1630 λογουμένως
628 1548 730 1629 φησὶν
760 1537 866 1610 αὐτὸν
896 1537 991 1630 ὁσίῳ
1022 1540 1272 1631 χρησάμενον
1303 1542 1500 1628 πνεύματι
1531 1549 1645 1621 καλῶς

340 1647 551 1725 βεβιωκέναι,·
580 1637 742 1728 θαυμάζω
773 1646 808 1710 δὲ
840 1643 868 1709 εί
896 1639 941 1728 μὴ
969 1649 1025 1711 καὶ
1049 1648 1176 1725 Κέλσος
1203 1641 1257 1712 διὰ
1283 1648 1344 1732 μὲν
1366 1641 1431 1731 τὴν
1453 1639 1539 1728 πρὸς
1561 1637 1645 1729 ἡμᾶς

342 1746 561 1826 φιλονεικίαν,
592 1747 648 1809 καὶ
680 1743 733 1810 ίνα
755 1734 877 1828 Ἰησοῦν
907 1743 1106 1828 ἐξευτελίση,
1139 1749 1201 1812 νῦν
1226 1739 1323 1830 ύμνεί
1346 1737 1497 1829 Ὀρφέα,
1526 1733 1584 1811 ότε
1611 1735 1644 1808 δ’

341 1836 561 1926 ἐνετύγχανεν
588 1834 693 1909 αῦτοῦ
720 1857 793 1922 τοῖς
815 1836 862 1922 οἷς
883 1846 959 1927 περὶ
980 1849 1075 1911 θεῶν
1096 1838 1224 1925 άσεβέσι
1246 1839 1380 1928 μύθοις,
1404 1836 1465 1910 οῦκ
1487 1835 1646 1925 άπεστρέ-

342 1966 426 2024 φετο
450 1935 493 2008 τά
514 1935 686 2026 ποιήματα
708 1935 756 2020 οός
777 1945 908 2028 μᾶλλον
928 1947 984 2008 καὶ
1008 1947 1080 2010 τῶν
1093 1935 1235 2030 Ὁμήρου
1258 1935 1333 2026 άξια
1349 1936 1570 2023 ἐκβάλλεσθαι
1585 1944 1645 2027 τῆς
1761 1933 1765 1942 ’

257 2055 324 2110 185r
340 2043 445 2126 καλῆς
475 2045 660 2120 πολιτείας·
688 2044 743 2108 καὶ
771 2045 775 2122 Ι
803 2037 865 2128 γάρ
895 2045 1015 2128 πολλῷ
1045 2047 1180 2128 χείρονα
1207 2046 1284 2126 περὶ
1315 2046 1388 2110 τῶν
1415 2044 1645 2128 νομιζομένων

342 2138 415 2208 εἶπε
436 2144 532 2208 θεῶν
553 2133 710 2224 Ὀρφεύς
733 2130 918 2226 ἢὍμηρος.

424 2255 575 2326 γενναῖος
604 2244 664 2325 μὲν
694 2228 758 2307 οῦν
785 2231 803 2306 ό
826 2232 1076 2325 Ἀνάξαρχος,
1104 2242 1232 2323 λέγων
1260 2245 1310 2327 τῷ
1338 2243 1399 2327 τῆς
1424 2237 1564 2326 Κύπρου
1590 2267 1645 2309 τυ

342 2333 456 2425 ράννῳ
484 2333 760 2424 Ἀριστοκρέοντι·
789 2344 962 2420 ,,πτίσσε,
992 2342 1131 2406 πτίσοε
1162 2333 1235 2406 τόν
1261 2333 1498 2425 Ἀναξάρχου
1522 2336 1645 2408 θύλα-

340 2445 444 2506 κον“·
474 2439 652 2523 μονογενὲς
687 2441 722 2504 δὲ
757 2441 862 2506 τοῦτο
896 2443 974 2522 περὶ
1003 2431 1240 2523 Ἀναξάρχου
1271 2441 1358 2506 ίσασι
1388 2432 1646 2525 θαυμαζόμενον

291 2529 504 2621 2οἝλληνες,
528 2530 580 2621 ἐφ’
604 2525 632 2623 ᾧ
656 2540 684 2604 εί
705 2541 769 2618 καὶ,
793 2532 841 2616 ως
862 2542 997 2620 Κέλσος,
1020 2531 1122 2622 άξίως
1144 2539 1242 2624 ἐχρῆν
1264 2563 1359 2618 τινας
1380 2541 1487 2619 σέβειν
1509 2531 1645 2624 ἄνθρω-

340 2663 409 2706 πον
441 2629 480 2704 δι’
508 2629 640 2722 άρετίγν,
671 2632 733 2704 οέκ
771 2626 813 2723 ἦν
844 2629 987 2722 εῦλογον
1025 2631 1288 2723 ἀναγορεύεσθαι
1320 2633 1382 2706 τόν
1408 2631 1646 2725 Ἀνάξαρχον

341 2731 432 2804 θεόν.
475 2739 531 2804 καὶ
563 2735 617 2803 ἐπί
644 2729 881 2822 Ἐπίκτητον
912 2740 946 2804 δὲ
978 2729 1062 2822 ἡμᾶς
1091 2729 1293 2822 ἀναπέμπει,
1321 2731 1496 2823 θαυμάσας
1522 2734 1563 2806 τό
1596 2734 1645 2807 εῦ-

342 2841 447 2922 γενῶς
474 2838 535 2920 μὲν
557 2828 652 2922 αὐτῷ
676 2839 884 2922 λελεγμένον,
912 2829 952 2904 οῦ
973 2832 1039 2922 μὴν
1063 2827 1150 2904 ὥστε
1172 2838 1432 2923 παραβληθῆναι
1455 2832 1561 2906 ου’τοῦ
1583 2835 1646 2907 τόν

341 2939 394 3005 ἐπὶ
419 2941 461 3022 τῇ
483 2928 620 3016 κατάξει
643 2938 706 3002 τοῦ
727 2937 867 3014 σκέλους
889 2929 994 3021 λόγον
1016 2949 1088 3016 τοῖς
1109 2927 1314 3020 παραδόξοις
1336 2938 1398 3002 τοῦ
1412 2928 1518 3023 Ἰησοῦ
1539 2939 1646 3024 ἔργοις

290 3051 323 3104 25
341 3030 599 3118 ἀπιστουμένοις
625 3027 692 3101 ῦπό
717 3037 847 3102 Κέλσου
875 3037 930 3102 καί
958 3029 1084 3119 λόγοις,
1113 3031 1167 3104 διά
1190 3029 1230 3102 τό
1253 3041 1308 3103 καὶ
1331 3029 1468 3124 δυνάμει
1489 3041 1646 3123 λελέχθαι

341 3142 418 3224 θείη
448 3137 541 3222 μέχρι
571 3137 669 3218 δεῦρο
698 3135 966 3219 ἐπιστρέφοντας
995 3129 1037 3202 οῦ
1065 3140 1138 3202 τοῦν
1160 3126 1400 3220 ἁπλουστέρων
1423 3131 1518 3216 τινάς
1540 3130 1647 3222 μόνον

340 3231 426 3304 άλλά
448 3237 504 3302 καί
525 3231 675 3314 πολλοῦς
697 3238 771 3302 τῶν
793 3236 1042 3320 συνετωτέρων.

424 3353 486 3418 LV.
522 3343 609 3418 Ἐπεὶ
637 3353 674 3418 δέ
699 3372 782 3437 φησι
808 3347 891 3435 μετὰ
919 3347 982 3418 τόν
1003 3345 1195 3435 κατάλογον
1218 3355 1290 3418 τιῦν
1313 3348 1489 3420 τοσούτων
1510 3345 1647 3439 άνδριῦν

341 3446 395 3521 τό·
425 3457 463 3520 τί
494 3454 686 3518 τοιοῦτον
713 3443 731 3520 ό
759 3445 948 3538 ύμέτερος
978 3445 1072 3530 θεὸς
1101 3443 1375 3536 κολαζόμενος
1406 3453 1648 3536 έφθέγξατο,·

290 3563 324 3619 30
343 3553 494 3637 εἴποιμεν
521 3540 564 3618 όν
590 3547 675 3636 πρὸς
696 3543 802 3620 αὐτὸν
825 3541 880 3618 ότι
901 3546 993 3636 παρά
1017 3563 1090 3630 ταῖς
1111 3543 1242 3636 μάστιξι
1263 3555 1318 3618 καὶ
1341 3567 1413 3630 ταῖς
1434 3560 1578 3633 πολλαῖς
1600 3555 1647 3621 αί-

425 3735 442 3790 2
466 3733 528 3802 Ιίςλ.
547 3733 617 3788 oben
637 3735 737 3802 11122,
756 3735 767 3788 Ι
786 3737 836 3792 219
854 3735 880 3788 Ζ.
898 3739 922 3790 6.
940 3765 974 3774 -
996 3734 1015 3790 4
1039 3734 1100 3804 vgl.
1119 3733 1285 3798 Phnoum,
1304 3737 1389 3806 Imsg.
1409 3737 1434 3790 ΙΙ
1452 3738 1485 3790 24
1503 3735 1646 3804 (Theioda-

342 3837 407 3884 mas,
427 3818 480 3874 vol.
500 3819 523 3872 11
542 3837 567 3890 p.
585 3819 683 3888 3182q.
702 3819 743 3874 ed.
757 3819 785 3874 O.
800 3819 827 3874 L.
841 3821 961 3889 ΚογεετΙ.
986 3820 1117 3882 uetant„
1135 3818 1226 3872 Divin.
1240 3819 1324 3874 instit„
1338 3821 1350 3873 Ι
1362 3822 1403 3885 21,
1416 3821 1516 3874 31-37
1534 3821 1645 3890 (Corpus

341 3903 430 3976 scrip&
444 3903 538 3958 eccles.
557 3903 604 3958 lat
624 3903 676 3958 vol.
695 3905 758 3958 XIX
776 3923 800 3974 p.
814 3905 916 3974 δέκα).
936 3933 966 3944 -
987 3904 1005 3959 8
1024 3903 1086 3972 vgl.
1105 3903 1175 3957 oben
1195 3904 1233 3956 111
1251 3905 1275 3957 3.
1293 3905 1333 3957 22.
1351 3906 1392 3958 24.
1411 3905 1452 3958 25.
1471 3933 1503 3943 -
1524 3903 1561 3960 14
1586 3903 1645 3972 Vgl.

340 3989 410 4044 oben
429 3989 466 4042 lv
485 3990 530 4052 311,
550 3989 560 4042 I
579 3989 631 4044 307
650 3989 675 4044 Z.
696 3989 755 4044 134.
774 4020 805 4029 -
826 3989 864 4044 15
888 3987 948 4058 vgl.
967 3987 1038 4042 oben
1056 3989 1067 4040 1
1087 3990 1131 4046 16,
1150 3989 1162 4042 Ι
1180 3989 1213 4044 69
1231 3987 1257 4040 Ζ.
1275 3989 1328 4042 311.
1347 4018 1380 4027 -
1399 3989 1437 4044 18
1462 3987 1525 4057 vgl.
1544 3988 1645 4051 Cicero.

341 4073 447 4130 Τυεοαί.
467 4073 534 4146 disp.
554 4075 577 4127 11
596 4075 637 4140 22,
655 4075 696 4128 52.
729 4073 868 4138 Plutarch,
887 4073 926 4128 Do
945 4073 1006 4128 vim
1025 4089 1092 4126 mor.
1112 4073 1176 4144 Cap.
1194 4071 1218 4126 X
1236 4090 1261 4142 p.
1279 4073 1330 4127 449
1347 4071 1377 4126 Ε.
1403 4072 1538 4142 Diogenes
1558 4073 1645 4126 Ιιεδτί.

341 4157 378 4212 IX
398 4161 437 4222 10,
455 4159 496 4212 58.
515 4159 556 4214 69.

428 4309 500 4366 1-2
519 4327 563 4364 am
577 4307 656 4362 Rand
670 4289 705 4364 λό’
719 4311 754 4362 4¹
771 4311 774 4376 Ι
792 4309 806 4364 l
827 4303 1145 4378 οἷπομνημονεδμιιταΔ
1161 4300 1406 4376 α’πομνημόνεομα
1419 4311 1477 4362 τῶν
1492 4307 1627 4374 MAusgg.

340 4395 500 4466 4τονβοῦν
509 4389 606 4466 λαβὼν
615 4398 640 4448 A
649 4387 746 4466 λαβών
757 4387 889 4465 τόνβοῦν
897 4397 998 4462 Ausgg.
1015 4395 1019 4460 Ι
1040 4395 1057 4450 8
1072 4385 1283 4462 προειρηκότας
1292 4407 1340 4444 aus
1349 4386 1502 4462 εἰρηκότας
1511 4407 1578 4445 corr.
1589 4395 1625 4445 A¹

343 4479 380 4536 12
400 4475 572 4548 έξειτελίσρ]
590 4476 605 4534 ’ί
617 4479 646 4532 in
659 4479 838 4534 CorreeturA
853 4481 857 4546 Ι
875 4479 913 4535 18
931 4472 1056 4549 ιίσεβέσι]
1076 4493 1104 4532 σι
1117 4476 1169 4530 auf
1176 4475 1299 4530 RasurA
1314 4475 1318 4541 Ι
1335 4473 1373 4530 14
1389 4477 1439 4531 καί
1458 4475 1580 4530 ιυίεεείοε
1593 4476 1646 4543 ich,

341 4557 358 4634 ἢ
376 4561 399 4618 Α
417 4573 450 4622 <
468 4565 571 4632 Αυεςς.
594 4565 599 4632 Ι
624 4563 662 4618 25
685 4558 905 4630 ἀπιστουμένοις
926 4556 981 4617 {mh
1000 4560 1114 4616 Κέλσου
1135 4563 1184 4615 καί
1202 4553 1308 4629 λόγοις]
1326 4561 1376 4614 καί
1394 4555 1494 4630 λόγοις
1511 4554 1646 4616 α’πιστον·

340 4645 438 4716 μένοις
455 4639 510 4702 ὑπὸ
531 4645 645 4704 Κέλσον
663 4648 722 4703 Del.
738 4651 742 4716 Ι
758 4649 798 4704 20
816 4646 907 4701 hinter
925 4639 970 4701 δτι
989 4653 1021 4710 -Ι-
1040 4637 1056 4714 ίγ
1075 4645 1210 4713 MAusgg.
1228 4642 1374 4713 unriohtig.
