3772 5526
338 487 377 551 ης
886 483 1111 539 ammoys

337 649 376 713 τί
404 671 504 715 ποτε
525 647 644 716 ’ἐστὶν
674 639 1015 733 άέπαγγέλλεται,
1038 643 1112 734 τὴν
1133 649 1338 734 γλῶτταν,
1362 639 1448 716 οὐδ’
1469 641 1648 718 αὐτόθεν

336 740 490 814 κελεύει
520 739 758 830 φθάσαντας
786 744 995 816 πιστεύειν
1021 738 1084 816 άτι
1111 739 1270 815 τοιάσδε
1296 747 1405 816 ἐστὶν
1427 739 1447 816 ά
1468 745 1564 830 θεὸς
1584 753 1648 817 καὶ

338 841 426 914 υίὸν
447 843 526 932 ἔχει
548 839 724 926 τοιόνδε,
751 850 816 914 καὶ
843 834 966 927 οὗτος
991 843 1207 916 κατελθὼν
1229 845 1314 930 ἐμοὶ
1337 847 1550 930 διελέξατο.
1592 851 1647 916 καὶ

335 940 423 1032 πρὸς
449 939 559 1013 ταῦτά
587 969 674 1032 φημι
701 935 755 1014 Iu
780 951 856 1030 περὶ
881 949 943 1033 μέν
963 941 1184 1026 Πλάτωνος
1203 935 1435 1031 Ἀρίστανδρος
1462 944 1554 1034 οίμαι
1575 939 1649 1016 άνέ-

303 1053 319 1108 5
337 1061 466 1130 γραφεν
489 1033 537 1124 ω“ς
555 1037 619 1113 ούκ
634 1038 868 1130 Ἀρίστωνος
889 1047 965 1114 υίοῦ
987 1039 1074 1116 άλλά
1090 1039 1275 1130 φάσματος,
1291 1045 1328 1112 έν
1341 1036 1555 1126 Ἀπόλλωνος
1570 1047 1649 1114 εἴδει

335 1135 595 1230 προσελθόντος
625 1145 667 1229 τῇ
694 1137 927 1231 Ἀμφικτιόνη·
961 1149 1018 1212 καὶ
1045 1137 1145 1214 άλλοι
1168 1146 1203 1212 δὲ
1229 1145 1382 1222 πλείονες
1408 1146 1482 1214 ταῖν
1507 1149 1647 1214 Πλατω·

336 1243 444 1311 νικῶν
465 1244 505 1311 έν
526 1247 577 1330 τῷ
600 1237 819 1324 Πλάτωνος
844 1249 907 1331 βίω
930 1234 1063 1312 τοιαῦτ’
1085 1236 1252 1329 εἰρήκασι.
1275 1245 1353 1329 περὶ
1374 1244 1410 1310 δὲ
1431 1238 1646 1332 Πυθαγόρου,

336 1349 479 1411 πλείστα
510 1332 572 1412 ὅσα
585 1341 587 1344 ’
600 1345 887 1430 τερατευσαμένου
911 1345 966 1412 καί
994 1346 1167 1428 δείξαντος
1192 1343 1254 1428 μέν
1276 1343 1313 1410 έν
1334 1339 1518 1429 πανηγύρει
1537 1336 1648 1431 Ἑλλή-

337 1465 409 1510 νων
430 1435 656 1526 ἐλεφάντινον
676 1437 740 1510 τὸν
759 1437 870 1529 μηρὸν
891 1435 1153 1530 άνεγνωρικέναι
1174 1443 1210 1510 δέ
1233 1435 1408 1528 φήσαντος
1428 1438 1492 1530 τὴν
1513 1437 1646 1526 ἀσπίδα,

253 1527 386 1626 1411ίῇ
414 1539 545 1628 ἐχρῆτο,
577 1531 629 1610 ὅτ’
652 1533 833 1628 Εὔφορβος
860 1531 916 1627 ἦν,
946 1547 1002 1610 καὶ
1031 1543 1069 1612 έν
1098 1543 1158 1631 μιᾷ
1184 1543 1367 1628 λεγομένου
1395 1533 1500 1632 ἡμέρη
1527 1543 1565 1610 έν
1587 1538 1648 1612 δύο

336 1641 526 1725 πεφηνέναι
555 1632 684 1722 πόλεσι,
716 1642 750 1708 τί
777 1637 842 1728 χρὴ
872 1643 926 1708 καί
957 1643 1081 1724 λέγειν;
1111 1631 1130 1709 ά
1157 1640 1194 1708 δὲ
1219 1633 1425 1726 βουλόμενος
1445 1658 1648 1730 κατηγορεῖν

338 1733 385 1820 τάς
408 1742 581 1823 τερατείας
603 1739 843 1826 ἱστορουμένης
864 1743 941 1826 περὶ
962 1734 1182 1820 Πλάτωνος
1207 1743 1264 1806 καί
1284 1733 1494 1826 Σωκράτους
1513 1735 1649 1828 ίκθὴσε·

338 1863 395 1906 ται
415 1841 472 1906 καὶ
495 1833 558 1906 τὸν
580 1832 824 1926 συνιστάμενον
846 1832 1025 1926 Σωκράτει
1047 1830 1127 1908 καθ’
1149 1829 1262 1907 ύιινον
1287 1835 1415 1908 κύκνον
1439 1845 1496 1908 καί
1518 1835 1581 1909 τὸν
1602 1844 1648 1909 δι-

337 1931 506 2008 δάσκαλον
541 1929 683 2006 εἰπόντα
718 1939 783 2028 ἐπὶ,
804 1943 846 2026 τῇ
877 1933 1031 2007 συστάσει
1063 1942 1126 2006 τοῦ
1156 1941 1345 2008 νεανίσκου·
1379 1925 1504 2020 ,οὗτος
1533 1931 1597 2025 ἄρα
1627 1931 1647 2010 δ

287 2045 319 2100 15
335 2033 460 2118 κύκνος
490 2025 562 2123 ἦν.“
605 2031 691 2106 άλλά
725 2041 781 2106 καί
814 2030 855 2107 δν
886 2042 1006 2124 τρίτον
1036 2035 1124 2107 είδεν
1157 2029 1343 2124 ὀφθαλμὸν
1374 2033 1497 2106 ἑαυτὸν
1526 2040 1648 2124 ἔχοντα

337 2127 356 2204 ά
377 2130 550 2206 Πλάτων
579 2139 625 2216 είς
652 2141 828 2224 τερατείαν
852 2131 1073 2224 ἀναλήψεται
1115 2129 1157 2207 ού
1178 2139 1285 2220 λείψει
1307 2139 1342 2204 δέ
1365 2133 1446 2217 τούς
1466 2131 1648 2224 κακοήθεις

335 2239 392 2304 καὶ
418 2251 620 2323 κακηγορεῖν
648 2237 874 2322 βουλομένους
905 2231 947 2303 τά
979 2252 1053 2317 τοῖς
1078 2237 1249 2323 κρείττοσι
1275 2231 1368 2323 παρά
1394 2233 1476 2318 τούς
1497 2233 1648 2317 πολλούς

336 2335 556 2420 ἐπιφανέντα,
582 2330 721 2421 διαβολὴ
747 2337 804 2402 καὶ
830 2337 1028 2422 κακηγορία·
1057 2337 1180 2415 οίτινες
1204 2337 1260 2402 καὶ
1287 2330 1328 2404 τὸ
1350 2329 1561 2422 Σωκράτους
1582 2339 1648 2405 δαι-

335 2427 458 2520 μόνιον
480 2427 529 2515 ιύς
550 2427 686 2520 πλάσμα
706 2427 933 2519 χλευάσουσιν.

285 2537 320 2596 20
424 2537 429 2617 Ι
452 2525 494 2600 ού
520 2526 819 2621 τερατευόμεθα
846 2522 979 2602 οὖντά
1006 2539 1084 2622 περὶ
1110 2538 1173 2604 τοῦ
1193 2527 1300 2622 Ἰησοῦ
1323 2530 1548 2623 διηγούμενοι,
1574 2527 1646 2605 οὐδ’
1667 2541 1718 2599 636

337 2632 370 2702 ol
393 2625 524 2719 γνήσιοι
552 2625 658 2702 αύτοῦ
683 2637 836 2721 μαθηταὶ
862 2629 1041 2714 τοιούτους
1067 2626 1261 2720 άνέγραφαν
1288 2627 1409 2721 λόγους
1434 2639 1512 2722 περί
1534 2627 1646 2704 αύτοῦ.

338 2722 357 2802 δ
384 2733 419 2800 δὲ
445 2723 566 2801 πάντ’
593 2725 879 2818 ἐπαγγελλόμενος
907 2735 1055 2802 είδέναι
1079 2735 1207 2813 Κέλσος
1229 2737 1285 2802 καὶ
1311 2730 1423 2804 πολλά
1449 2739 1524 2804 τῶν
1545 2729 1647 2804 Πλά-

338 2856 468 2912 τωνος
494 2835 767 2919 παρατιθέμενος
794 2830 883 2902 έκών
909 2832 1001 2920 οἶμαι
1027 2835 1140 2922 σιωπᾷ
1167 2827 1231 2901 τὸν
1252 2838 1329 2918 περί
1350 2835 1439 2902 νίού
1465 2837 1565 2902 θεοῦ
1590 2833 1646 2904 λό-

338 2955 408 3018 γον,
432 2925 496 2999 τὸν
515 2927 607 3016 παρὰ
623 2925 814 3000 Πλάτωνι
836 2935 1035 3019 λελεγμένον
1056 2933 1093 3000 έν
1112 2937 1154 3020 τῇ
1175 2927 1263 3020 πρὸς
1283 2924 1433 3020 Ἑρμείαν
1454 2938 1511 3002 καὶ
1526 2937 1646 3020 Κορίσ-

286 3037 319 3093 25
337 3055 401 3100 κον
422 3031 592 3118 ἐπιστολῇ.
636 3021 731 3100 ούτω
759 3035 795 3102 δὲ
821 3031 886 3120 ἔχει
908 3025 929 3120 ἡ
952 3035 1014 3101 τοῦ
1035 3025 1225 3111 Πλάτωνος
1250 3035 1350 3115 λέξις·
1380 3035 1457 3116 ,καί
1483 3026 1547 3102 τὸν
1573 3037 1646 3102 τῶν

421 3214 439 3270 4
460 3214 523 3284 Vgl.
542 3214 682 3283 Plutarch,
700 3215 810 3282 Quaeat.
828 3215 935 3270 conviv.
953 3215 1019 3270 VIII
1037 3218 1051 3269 1
1071 3233 1098 3285 p.
1112 3217 1160 3270 717
1174 3213 1291 3272 Ε-718
1303 3216 1334 3270 Β.
1357 3215 1494 3287 Diogenes
1505 3217 1595 3272 Ιιεδτί.
1608 3217 1647 3270 III

338 3301 360 3364 1,
379 3299 403 3354 2.
427 3299 572 3370 Apuleius,
595 3299 635 3355 De
653 3300 783 3370 dogmate
805 3299 913 3356 Platon.
931 3300 986 3354 11.
1015 3298 1206 3371 Olympiodor,
1224 3298 1291 3354 Viba
1313 3299 1421 3356 Platon.
1439 3319 1464 3356 ε»
1485 3303 1517 3356 A.
1549 3301 1646 3354 Suidnn

336 3401 356 3438 ι.
375 3401 400 3438 v.
419 3379 542 3440 Πλάτων
564 3401 589 3440 ε.
607 3387 639 3440 A.
658 3415 691 3424 -
714 3387 728 3442 7
749 3383 813 3455 Vgl.
830 3383 986 3448 Iamblich„
1008 3384 1049 3440 Do
1071 3385 1189 3455 Pythag.
1211 3383 1271 3439 vita
1289 3385 1353 3456 Cap.
1371 3385 1435 3440 XIV
1452 3387 1494 3441 63.
1523 3385 1587 3440 XIX
1604 3387 1646 3442 92.

337 3469 453 3524 XXVIII
478 3471 620 3526 134-136.
645 3471 702 3524 140.
731 3469 870 3540 Ροιρὶιγτ,
889 3468 930 3523 De
947 3468 1006 3524 vita
1022 3469 1140 3540 Pythag.
1158 3469 1268 3526 26-29.
1285 3472 1327 3525 45.
1361 3469 1500 3524 Αωιαίειι.
1523 3470 1646 3526 ΜεεοεΠ.

337 3553 413 3608 XXII
427 3557 466 3622 16,
484 3557 525 3610 21.
542 3583 577 3594 -
596 3555 635 3610 13
653 3552 716 3623 Vgl.
728 3553 852 3616 Ρευεειι..
865 3552 999 3624 Πεεαεὶρί.
1012 3553 1058 3609 Gr.
1070 3555 1136 3619 130,
1148 3555 1172 3609 3.
1191 3553 1328 3622 Diogenes
1340 3553 1429 3608 Ιιεέτί.
1442 3555 1481 3609 ΠΙ
1494 3557 1517 3618 1,
1530 3557 1554 3610 θ.
1572 3555 1646 3626 Apu·

337 3637 415 3704 leina,
432 3639 472 3694 De
490 3639 620 3709 dogmate
637 3638 745 3694 Platon.
764 3640 776 3692 I
795 3643 818 3694 1.
841 3637 938 3692 δείδιε
960 3657 981 3694 ε.
998 3655 1024 3692 v.
1043 3630 1168 3694 Πλάτων
1184 3655 1210 3693 ιι.
1227 3641 1261 3692 A.
1288 3668 1321 3678 —
1349 3638 1386 3695 15
1410 3637 1646 3707 vgl.1mblieh.,

336 3720 377 3777 De
395 3721 511 3792 Pythag.
530 3722 589 3778 viba
607 3723 671 3794 Gap.
690 3722 806 3778 XXVIII
825 3725 874 3778 144
887 3722 929 3792 (8).
946 3751 980 3763 -
999 3723 1038 3780 18
1057 3721 1119 3792 Vgl.
1136 3721 1225 3787 Plato,
1243 3721 1323 3794 Apol.
1341 3722 1405 3793 Cap.
1422 3723 1485 3777 XIX
1502 3742 1528 3795 p.
1537 3723 1645 3780 3101).

336 3833 370 3846 -
388 3805 427 3862 18
445 3805 507 3876 Vgl.
525 3805 597 3862 oben
615 3807 654 3862 VI
671 3811 694 3870 1.
712 3807 737 3862 S.
756 3808 789 3863 70
805 3807 832 3860 Ζ.
845 3808 869 3862 7.
886 3835 920 3846 -
938 3806 976 3864 2⁶
993 3807 1082 3873 Plato,
1099 3806 1185 3878 Epish
1204 3807 1243 3863 VI
1259 3823 1286 3880 p.
1303 3809 1354 3864 323
1366 3807 1398 3862 D.

421 3955 441 4012 θ
464 3949 647 4028 δμφικιιδνη,
666 3956 737 4012 doch
760 3977 776 4027 η
802 3955 831 4011 in
850 3957 999 4024 eorrectur,
1018 3959 1054 4024 A;
1081 3957 1117 4014 da
1135 3957 1266 4028 On'genefl
1292 3959 1363 4013 auch
1388 3957 1460 4012 oben
1482 3959 1559 4024 137,
1581 3961 1645 4016 189

337 4039 364 4096 Ζ.
382 4041 416 4096 10
440 4033 636 4111 Ἄμφικτιόνης
661 4041 840 4112 gesehrieben
865 4043 927 4107 hat,
954 4059 984 4096 ιο
1008 4043 1073 4098 διαί
1090 4044 1183 4099 weder
1204 4043 1264 4099 hier
1285 4043 1356 4098 noch
1378 4042 1442 4097 dort
1463 4043 1512 4098 der
1528 4043 1645 4112 richtige

336 4123 424 4180 Name
442 4121 614 4198 Περικτιόνη
632 4126 684 4182 mit
701 4127 745 4198 Sp.
764 4127 875 4196 (Δροσί.
893 4145 919 4198 ρ.
937 4127 979 4184 28.
998 4128 1040 4196 74)
1057 4127 1086 4182 in
1104 4128 1157 4184 den
1174 4128 1244 4184 Text
1261 4129 1365 4197 gesetzt
1381 4127 1493 4182 werden
1516 4129 1520 4197 Ι
1548 4129 1562 4184 7
1586 4146 1644 4183 τοι-

338 4203 399 4266 αῦτ’
416 4227 464 4266 αυτ
482 4213 527 4266 τοί
546 4203 607 4267 αὔτ’
624 4228 692 4266 corr.
711 4213 736 4266 A
753 4205 833 4268 ταῦτ’
851 4213 987 4282 MAusgg.
1003 4213 1007 4280 1
1025 4211 1063 4268 14
1086 4209 1222 4270 συστάσει
1239 4213 1376 4282 MAusgg.
1396 4207 1556 4276 συνστάσει.
1573 4211 1645 4266 doch

339 4311 373 4350 στ
391 4295 468 4350 niuht
484 4312 555 4366 ganz
574 4296 670 4362 sicher,
688 4297 786 4366 11113
804 4297 898 4366 λείψει
915 4297 1016 4362 P⁰⁰¹¹·,
1034 4298 1085 4354 Ησ.
1103 4315 1149 4352 am
1168 4297 1254 4366 Rand,
1273 4297 1318 4366 Sp.
1325 4295 1384 4352 Del.
1402 4297 1442 4350 im
1459 4297 1540 4362 Τειλς
1559 4293 1645 4368 λήψει

338 4381 382 4448 Al
398 4379 434 4436 17
453 4388 630 4452 κακηγορεῖν
648 4381 681 4449 V,
698 4381 749 4436 Ηδ.
768 4399 794 4437 υ.
813 4381 856 4452 Sp.
875 4399 921 4437 am
938 4383 1030 4448 Πααδς
1056 4389 1231 4455 κατηγορεῖν
1251 4379 1310 4438 DeL
1328 4389 1509 4454 κατηγορεῖν,
1532 4381 1603 4436 doch
1620 4400 1645 4437 ει

337 4463 367 4518 iu
384 4461 527 4521 eorreotur
544 4469 569 4520 A
592 4471 597 4534 Ι
623 4467 661 4522 18
686 4469 803 4538 διαβαίη
826 4473 851 4523 A
871 4471 874 4536 Ι
894 4467 1056 4538 κακηγορία
1074 4471 1106 4530 A.
1124 4467 1175 4522 Ηδ.
1194 4485 1219 4522 u.
1239 4467 1284 4536 Sp.
1303 4483 1348 4520 am
1366 4467 1458 4530 Παυδς
1484 4467 1644 4538 κατηγορία

338 4565 476 4636 MAusgg.
494 4567 532 4622 im
544 4567 612 4622 Text
627 4569 631 4636 ί
646 4567 684 4622 ‘11
702 4567 873 4640 λελεγμένον
885 4572 910 4624 A
921 4563 1224 4640 λεγόμενονΜΔυεςρ.
1241 4537 1404 4640 Ικίίίιίσκον
1420 4567 1476 4622 ΡΜ
1493 4569 1645 4640 Κορίσκον

338 4650 439 4722 Imp.
456 4645 599 4724 κόρισκον
615 4653 704 4707 ΑΠεΙ.
