3780 5532
362 472 420 536 198
901 467 1125 524 ΩΡΙΡΕΝΟΥΣ

361 632 445 711 εικὲς
473 635 530 698 καί
560 626 600 699 τό
629 624 805 714 εὐσταθὲς,
837 634 1066 721 ένεσπαρμένα
1097 639 1248 718 φυσικῶς
1278 625 1346 701 ῦπό
1374 633 1438 700 τοῦ
1461 632 1666 716 δημιουργοῦ

361 735 405 816 τῇ
431 732 549 815 λογικῇ
576 727 680 816 φύσει
724 733 757 801 οί
783 735 819 802 δὲ
844 730 931 821 πρὸς
958 733 1085 822 ἑτέροις
1110 728 1282 819 μαθόντες
1308 725 1376 802 άπό
1403 731 1467 800 τοῦ
1489 733 1588 798 θείου
1609 723 1665 798 λό-

361 855 423 916 γου
448 833 504 897 καὶ
530 835 709 912 ποιοῦντες
738 836 795 901 καὶ
825 831 867 902 τὸ
897 829 1193 921 ,,λοιδορούμενοι“
1228 826 1390 919 εὐλογεῖν,
1420 823 1664 917 ,,διωκόμενοι“

361 922 551 1014 ἀνέχεσθαι,
578 927 893 1018 ,,δνσφημούμενοι“
922 941 1139 1018 παρακαλεῖν,
1171 920 1269 1001 οῦτοι
1295 923 1339 1000 άν
1364 930 1430 999 είεν
1454 931 1486 998 οί
1513 925 1573 1009 τὰς
1595 931 1665 1016 τῆς

326 1031 486 1115 ὁφυχῆς
513 1022 623 1108 βάσεις
652 1022 871 1116 ὀρθώσαντες
899 1036 956 1100 καὶ
986 1023 1071 1120 όλην
1104 1029 1176 1120 τὴν
1202 1029 1331 1118 ψυχὴν
1357 1033 1584 1116 καθαίροντες
1609 1033 1665 1096 καί

361 1121 626 1214 εὐτρεπίζοντες·
653 1123 713 1215 οὐχ
739 1128 795 1197 ἵνα
822 1133 928 1215 λέξεσι
952 1125 1071 1218 μόναις
1093 1124 1234 1200 οὐσίαν
1260 1125 1329 1200 άπὸ
1355 1132 1546 1217 γενέσεως
1567 1131 1666 1214 χωρί-

362 1235 444 1311 ζωοι
465 1231 521 1296 καί
549 1228 703 1316 νοητόν
732 1223 801 1298 άπὸ
830 1223 993 1318 ὁρατοῦ,
1023 1235 1078 1299 καί
1100 1227 1165 1318 τὴν
1185 1235 1247 1318 μέν
1268 1223 1465 1316 άλὴθειαν
1486 1230 1528 1313 τῇ
1551 1221 1666 1316 οὐσίᾳ

361 1322 559 1397 συνάπτωσι
581 1325 646 1415 τὴν
667 1331 702 1398 δὲ
723 1326 807 1414 μετά
833 1332 1027 1416 γενέσεως
1053 1325 1211 1417 πλάνην
1234 1334 1339 1398 παντὶ
1361 1321 1481 1414 τρόπῳ
1504 1322 1663 1415 φεύγωσι,

361 1431 584 1508 σκοποῦντες,
614 1422 663 1508 σός
691 1427 829 1513 ἔμαθον,
856 1423 898 1498 οὐ
926 1427 969 1498 τά
995 1432 1198 1516 γενέσεως,
1230 1419 1314 1513 άπερ
1341 1429 1411 1496 ἐστὶ
1436 1421 1665 1514 ,,βλεκόμενα“

312 1541 345 1596 10
360 1530 417 1594 καὶ
444 1523 498 1596 διά
524 1529 632 1595 τοῦτο
658 1521 899 1615 ,,πρόσκαιρα,“
925 1523 1011 1598 άλλά
1037 1527 1080 1598 τά
1100 1533 1294 1615 κρείττονα,
1326 1520 1387 1597 εἴτ’
1409 1520 1549 1596 οὐσίαν
1576 1519 1665 1596 αὐτά

362 1651 416 1707 τις
436 1623 594 1708 βούλεται
615 1634 729 1696 καλεῖν
750 1630 816 1698 είτε
839 1625 893 1698 διό
914 1625 957 1697 τὸ
978 1625 1103 1715 νοητά
1131 1621 1309 1715 τυγχάνειν
1328 1621 1500 1715 ,,άόρατα“
1522 1628 1588 1695 εἴτε
1610 1625 1665 1695 διὰ

362 1722 404 1797 τό
425 1726 490 1811 ἔξω
513 1720 701 1815 αἰσθήσεως
723 1725 808 1796 είναι
830 1721 949 1797 αὐτῶν
970 1726 1036 1816 τὴν
1059 1723 1159 1812 φύσιν
1180 1725 1245 1814 ,μὴ
1267 1721 1485 1814 βλεπόμενα.“

445 1815 540 1895 ούτω
566 1829 683 1896 δὲκαὶ
711 1842 783 1908 τοῖς
813 1831 1005 1914 γενέσεως
1036 1829 1200 1914 ἐνορῶσιν
1227 1828 1259 1896 σί
1286 1830 1349 1896 τοῦ
1369 1820 1475 1914 Ἰησοῦ
1501 1830 1663 1912 μαθηταὶ,

363 1914 453 1994 τόστε
476 1927 580 1994 οίονεὶ
601 1920 771 2015 ἐπιβάθρα
791 1930 937 2015 χρῆσθαι
959 1922 1076 2008 αὐτοῖς
1097 1923 1185 2012 πρός
1206 1922 1271 2013 τὴν
1290 1919 1499 2013 κατανόησιν
1515 1929 1575 2014 τῆς
1591 1930 1664 1994 τῶν

313 2048 345 2102 15
363 2029 521 2112 νοητῶν
552 2021 694 2110 φάσεως·
727 2023 792 2110 ,τὰ
823 2023 885 2114 γάρ
917 2021 1066 2114 άόραταέί
1092 2029 1156 2097 τοῦ
1187 2029 1271 2095 θεοῦ
1305 2019 1394 2108 ,ἀπό
1423 2030 1564 2105 κτίσεως
1591 2019 1665 2094 κόσ-

362 2131 458 2210 μου,“
480 2129 636 2194 τουτέστι
657 2122 701 2194 τά
722 2123 861 2213 νοητά,
883 2143 976 2208 ,τοῖς
996 2121 1158 2214 ποιήμασι
1180 2120 1367 2211 νοούμενα(
1388 2127 1426 2194 έν
1443 2129 1494 2213 τῷ
1514 2132 1666 2194 νοεῖσθαι

363 2227 603 2307 ,,καθορῦται.“
644 2228 700 2292 καί
726 2218 789 2310 οὐχ
815 2225 970 2296 ἵστανταί
995 2251 1032 2311 γε
1058 2219 1243 2311 ἀναβάντες
1269 2218 1338 2294 άπὸ
1358 2229 1431 2293 τῶν
1453 2227 1517 2294 τοῦ
1539 2219 1666 2311 κόσμου

363 2316 561 2408 κτισμάτων
590 2323 628 2391 ἐν
657 2341 730 2403 τοῖς
760 2318 921 2411 άοράτσις
949 2328 1012 2394 τοῦ
1043 2329 1142 2394 θεοῦ·
1171 2318 1257 2394 άλλά
1284 2320 1347 2412 γὰρ
1374 2323 1500 2405 ἱκανῶς
1526 2326 1666 2405 ἐκείνοις

364 2417 646 2509 έγγυμνασάμενοι
671 2427 726 2491 καί
752 2427 923 2505 συνιέντες
949 2419 1034 2494 αὐτά
1055 2419 1294 2507 άναβαίνσυσιν
1314 2426 1369 2492 έπί
1391 2421 1456 2510 τὴν
1477 2417 1588 2492 άΐδιον
1609 2419 1665 2492 δύ-

314 2541 349 2597 20
366 2547 466 2608 ναμιν
495 2525 558 2590 τοῦ
588 2525 673 2590 θεοῦ
703 2527 759 2592 καί
789 2515 999 2608 ἁπαξαπλῶς
1027 2519 1092 2610 τὴν
1121 2516 1273 2610 θεότητα
1302 2520 1422 2605 αὐτοῦ,
1450 2518 1665 2608 ἐπιστάμενοι

367 2612 421 2690 ότι
450 2613 469 2689 ό
499 2625 560 2706 μέν
589 2615 839 2708 φιλάνθρωπος
868 2621 950 2704 θεὸς
980 2620 1065 2710 ,τὴν
1094 2617 1311 2710 οἰλήθειανα
1340 2626 1396 2690 καί
1425 2619 1509 2704 ,,τό“
1540 2620 1664 2692 ἑαυτοῦ

364 2716 562 2808 ,,γνωστόν“
587 2721 842 2808 ,,έφανέρωσεν“
872 2717 913 2792 οὐ
943 2717 1051 2810 μόνον
1081 2739 1155 2803 τοῖς
1189 2717 1418 2808 ἀνακειμένοις
1446 2715 1540 2809 αὐτῷ
1577 2715 1664 2792 άλλά

364 2824 421 2889 καί
442 2841 508 2888 τισι
529 2826 603 2890 τῶν
624 2820 690 2905 ἔξω
713 2825 774 2909 τῆς
795 2825 996 2909 εἰλικρινοῦς
1017 2825 1206 2904 θεοσεβείας
1226 2826 1282 2889 καί
1300 2824 1346 2902 είς
1365 2815 1471 2891 αὐτόν
1486 2814 1663 2902 εὐσεβείας·

365 2921 454 3000 τινές
480 2922 516 2988 δὲ
541 2923 616 2988 τῶν
634 2924 720 2989 θεοῦ
743 2927 888 3011 προνοίᾳ
909 2915 1172 3009 ἀναβεβηκότων
1193 2922 1248 2988 έπὶ
1269 2917 1334 3008 τὴν
1357 2927 1429 2990 τῶν
1450 2916 1665 3008 τηλικούτων

313 3033 347 3089 25
364 3025 491 3106 γνῶσιν
512 3013 575 3088 οὐκ
596 3012 672 3102 ἄξια
694 3023 755 3108 τῆς
776 3019 934 3108 γνῶσεως
956 3025 1106 3109 δρῶντες
1125 3016 1279 3104 άοεβοῦσι
1292 3026 1349 3089 καί
1363 3017 1448 3108 ,τὴν
1469 3014 1665 3108 ἀλήθειαν

364 3119 401 3187 έν
422 3113 554 3208 άδικίᾳ“
568 3124 775 3205 κατέχουσιν,
797 3114 876 3190 οὐδ’
890 3115 1076 3208 άπολσγίας
1098 3123 1149 3190 ἔτι
1170 3119 1285 3209 χῶραν
1307 3122 1362 3190 έπὶ
1384 3124 1426 3206 τῇ
1449 3117 1571 3206 γνῶσει
1592 3125 1666 3190 τῶν

364 3215 576 3306 τηλικούτων
599 3219 684 3304 ἔχειν
705 3214 883 3307 δυνάμενοι
904 3217 997 3307 παρὰ
1019 3226 1071 3309 τῷ
1093 3224 1175 3308 θεῷ.

446 3337 571 3403 XLVII.
608 3339 871 3422 Μαρτυροῦνται
898 3341 984 3424 γοῦν
1007 3330 1077 3406 ύπό
1105 3340 1168 3406 τοῦ
1197 3339 1294 3406 θείου
1321 3331 1425 3423 λόγου
1450 3337 1483 3405 οί
1509 3334 1553 3406 τά
1575 3335 1666 3424 παρὰ

363 3439 414 3523 τῷ
440 3439 558 3523 Κέλσῳ
586 3435 756 3520 ἐκκείμενα
777 3431 1029 3518 καταλαβόντες
1053 3433 1217 3505 καὶκατὰ
1239 3432 1282 3505 τά
1304 3431 1455 3522 δόγματα
1479 3440 1590 3506 ταῦτα
1610 3463 1665 3522 φι-

312 3549 347 3605 30
364 3543 525 3618 λοσοφεῖν
554 3533 836 3622 ἐπαγγελλόμενοι
859 3538 863 3622 Ι
892 3527 947 3604 ότι
978 3530 1171 3623 ,γνόντες
1204 3534 1268 3605 τὸν
1298 3533 1383 3605 θεὸν
1411 3527 1474 3621 οὐχ
1503 3531 1551 3617 ῶς
1581 3533 1666 3607 θεόν
1684 3551 1741 3634 729,

363 3629 525 3718 ἐδόξασαν
554 3625 574 3722 ἢ
603 3627 856 3722 εὐχαρίστησαν,
883 3629 956 3704 ἀλλ’
979 3634 1241 3724 έματαιῶθησαν
1272 3635 1309 3703 ἐν
1340 3651 1412 3716 τοῖς
1439 3637 1666 3724 διαλογισμοῖς

280 3741 345 3798 183r
363 3727 490 3815 αὐτῶν,
520 3737 574 3802 καί
604 3735 817 3822 ἐσκοῖτίσθηίέ
838 3731 922 3820 μετά
952 3732 993 3803 τὸ
1018 3737 1204 3821 τηλικοῦτο
1231 3737 1306 3819 φῶς
1332 3737 1394 3820 τῆς
1414 3737 1491 3822 περὶ
1514 3723 1566 3804 ῶν
1587 3738 1666 3820 έφα-

363 3836 510 3920 νέρωσεν
538 3826 655 3915 αὐτοῖς
681 3827 700 3904 ό
727 3831 810 3915 θεός
842 3830 999 3920 γνώσεως
1031 3827 1091 3922 ,ff
1118 3836 1313 3920 ἐπειγομένη
1340 3826 1521 3916 ,ἀσύνετος
1548 3827 1666 3904 αὐτῶν

361 3935 510 4020 καρδία.“

446 4119 464 4173 θ
486 4119 548 4187 Vgl.
568 4121 580 4173 1
599 4118 661 4173 Kor.
679 4122 704 4182 4,
723 4119 763 4174 12.
783 4119 822 4174 13.
840 4147 873 4158 -
893 4119 912 4173 θ
931 4118 993 4187 Vgl.
1012 4119 1038 4172 II
1056 4119 1119 4172 Kor.
1137 4120 1162 4180 4,
1181 4117 1220 4172 18
1239 4147 1272 4158 -
1293 4119 1329 4174 11
1354 4118 1417 4188 Vgl.
1435 4118 1512 4172 Rom.
1532 4120 1555 4184 1,
1573 4119 1614 4172 20.
1632 4147 1666 4156 -

364 4201 401 4258 12
420 4201 483 4272 Vgl.
501 4203 527 4256 II
545 4203 608 4258 Kor.
625 4206 650 4264 4,
670 4204 709 4258 18
727 4233 761 4242 -
781 4204 818 4260 15
838 4219 864 4257 u.
883 4203 922 4258 19
941 4203 1005 4272 Vgl.
1023 4203 1101 4259 Rbm.
1120 4205 1143 4268 1,
1161 4203 1203 4259 20.
1226 4231 1259 4241 -
1285 4201 1322 4257 21
1343 4201 1405 4272 Vgl.
1425 4203 1502 4258 Rom.
1522 4207 1545 4266 1,
1565 4203 1605 4257 18.
1625 4203 1665 4256 19.

362 4317 395 4326 -
413 4287 453 4344 25
472 4287 535 4358 ng
554 4287 630 4343 Rom.
650 4291 672 4350 1,
691 4288 731 4342 18.
749 4318 783 4327 -
801 4287 841 4344 26
860 4287 923 4356 Vgl.
942 4287 1021 4343 Rom.
1034 4293 1057 4356 1,
1074 4289 1116 4344 20.
1134 4317 1167 4327 -
1185 4287 1224 4344 30
1241 4285 1305 4355 vgl.
1323 4286 1399 4340 Rom.
1413 4291 1437 4354 1,
1449 4288 1490 4341 21.

446 4464 465 4519 2
484 4461 594 4534 ἑτέροις
610 4468 635 4518 Α
653 4459 769 4536 ἑτέρους
786 4465 922 4536 MAusgg.
939 4464 978 4534 14
997 4459 1151 4535 ὐνέχεσθαι
1168 4481 1217 4518 aus
1236 4459 1405 4533 άννέχεσθαι
1422 4479 1490 4517 corr.
1502 4467 1527 4518 Δ
1542 4465 1546 4531 Ι
1561 4464 1597 4520 18
1614 4465 1664 4518 καί

361 4559 393 4606 <
410 4549 470 4603 Del.
486 4550 490 4618 Ι
505 4565 554 4603 vor
571 4546 711 4620 γενέσεως
728 4555 761 4612 -1-
775 4553 825 4618 τῆς
847 4549 996 4620 M²Ausgg.
1021 4553 1025 4618 Ι
1050 4549 1088 4606 14
1110 4543 1286 4618 κατανόησιν
1308 4565 1356 4602 aus
1378 4541 1453 4603 κατὰ
1477 4543 1579 4619 νόησιν
1596 4565 1663 4603 corr.

361 4633 460 4701 14126
479 4627 577 4688 oum
595 4626 653 4688 οὐτ’
672 4636 776 4703 Ausgg.
