3780 5532
373 475 430 536 192
909 469 1131 524 σαίνουσιν

371 626 531 719 ἀληθείας
562 625 712 718 δόγματα
742 635 978 721 ἐσφαλμένους.
1020 627 1080 702 εἴτ’
1103 623 1167 702 οῦν
1194 628 1312 719 Ὀρφέα
1339 629 1497 714 βούλεται
1529 637 1675 703 ένθεον

372 731 457 800 εἶναι
492 729 669 818 ποιητὴν
706 735 771 800 είτε
797 738 1010 820 Παρμενίδην
1046 729 1106 801 εἴτ’
1136 728 1355 820 Ἐμπεδοκλέα
1391 737 1457 802 ε’ίτε
1485 739 1539 802 καὶ
1569 729 1675 804 αύτόιΙ

373 824 512 918 Όμηρον
539 823 559 917 ἢ
588 836 641 898 καὶ
664 825 829 914 Ἡσίοδον,
852 830 1016 901 δεικνύτω
1044 827 1063 902 δ
1089 827 1306 919 βουλόμενος,
1329 839 1404 914 πιῦς
1425 838 1560 916 βέλτιον
1582 827 1674 902 ὁδεύ-

372 953 488 1000 σουσιν
509 931 540 997 οἱ
564 928 734 1012 τοιούτοις
756 926 889 1019 ὁδηγοῖς
912 931 1080 1018 χρεόμενοι
1103 937 1157 1000 καί
1181 927 1379 1019 ὠφέληνται
1400 938 1475 1018 περὶ
1496 939 1570 1002 τῶν
1589 930 1675 1002 κατὰ

339 1026 436 1100 υτόν
466 1036 541 1112 βίον
571 1027 664 1117 παρὰ
696 1029 775 1111 τοῦς
800 1026 1053 1111 καταλιπόντας
1080 1028 1134 1100 διά
1161 1029 1225 1118 τὴν
1246 1026 1348 1118 Ἰησοῦ
1370 1038 1432 1100 τοῦ
1457 1037 1606 1117 Χριστοῦ
1628 1037 1673 1100 δι-

373 1134 556 1199 δασκαλίαν
592 1126 706 1198 πάντα
743 1124 917 1216 ἀγάλματα
952 1138 1007 1199 καὶ
1035 1136 1038 1217 Ι
1071 1127 1235 1218 ἱδρύματα
1266 1126 1350 1200 ἀλλὰ
1381 1136 1434 1200 καί
1468 1137 1580 1201 πᾶσαν
1604 1126 1676 1200 'Iov
1698 1150 1747 1204 124

372 1225 492 1315 δαϊκὴν
520 1233 780 1314 δεισιδαιμονίαν
805 1233 860 1296 καὶ
887 1227 974 1314 πρός
1000 1225 1109 1315 μόνον
1135 1225 1388 1312 ἀναβλέποντας
1413 1229 1466 1299 διά
1487 1234 1550 1300 τοῦ
1574 1226 1677 1317 λόγου

374 1333 438 1398 τοῦ
460 1333 546 1397 θεοῦ
569 1325 632 1396 τὸν
652 1333 782 1413 πατέρα
804 1334 867 1398 τοῦ
889 1325 992 1414 λόγου
1013 1325 1104 1398 θεόν.

456 1433 546 1508 τίνες
577 1433 612 1496 δὲ
642 1434 698 1496 καί
728 1430 760 1496 οἱ
796 1434 915 1514 σοφοὶ
943 1422 964 1516 ἢ
994 1431 1026 1498 οἱ
1054 1424 1288 1514 φιλόσοφοι.
1318 1422 1408 1513 παρ’
1436 1419 1493 1497 ὧν
1520 1427 1677 1514 βούλεται

324 1543 357 1597 10
374 1526 503 1597 πολλὰ
527 1531 590 1594 καὶ
612 1536 702 1596 θεία
724 1522 892 1597 ἀκοῦσαι
914 1523 999 1616 ἡμᾶς
1014 1523 1033 1598 ό
1051 1533 1187 1610 Κέλσος,
1210 1524 1463 1609 καταλιπόντας
1478 1525 1677 1617 θεράποντα

375 1631 460 1696 θεοῦ
479 1631 624 1694 Μωύσέα
645 1633 700 1695 καὶ
723 1624 902 1715 προφήτας
924 1634 988 1698 τοῦ
1012 1635 1085 1698 τῶν
1108 1620 1202 1698 όλων
1217 1632 1429 1715 δημιουργοῦ,
1456 1624 1596 1716 ἀληθῶς
1618 1631 1677 1696 ἐν·

375 1731 483 1806 θέως
513 1733 613 1813 μυρία
640 1717 702 1796 όσα
733 1723 920 1816 εἰρηκότας,
949 1735 1004 1798 καὶ
1030 1724 1137 1797 αύτόν
1163 1723 1399 1816 ἐπιλάμψαντα
1425 1734 1475 1815 τῷ
1498 1733 1584 1814 γένει
1606 1733 1679 1797 τῶν

375 1821 574 1910 ἀνθρώπων
603 1831 658 1895 καὶ
684 1833 952 1915 καταγγείλαντα
978 1821 1060 1897 δδόν
1085 1832 1275 1910 θεοσεβείας
1300 1835 1356 1896 καὶ
1381 1831 1507 1915 μηδένα
1534 1823 1575 1896 τό
1597 1819 1679 1896 όσον

376 1920 428 2011 ἐφ’
452 1923 564 2011 ἐαυτῷ
595 1921 760 2012 ἄγευστον
789 1923 1025 1997 καταλιπόντα
1059 1935 1132 1998 τῶν
1161 1932 1258 1997 ίδίων
1288 1932 1494 2016 μυστηρίων,
1525 1923 1611 1998 ἀλλὰ
1637 1921 1678 1994 δι’

326 2040 358 2092 15
376 2019 652 2112 ὑπερβάλλουσαν
680 2033 945 2114 φιλανθρωπίαν
972 2030 1094 2114 έχοντα
1115 2031 1175 2116 μὲν
1198 2023 1328 2098 διδόναι
1351 2045 1423 2108 τοῖς
1438 2031 1680 2112 συνετωτέροις

376 2129 571 2210 θεολογίαν,
595 2127 715 2208 ἐπᾶραι
743 2123 806 2212 τὴν
829 2124 939 2214 ψυχὴν
961 2121 1030 2196 ἀπό
1052 2134 1125 2196 τῶν
1147 2132 1227 2213 τῇδε
1248 2122 1458 2214 πραγμάτων
1481 2131 1680 2213 δυναμένην.

376 2218 476 2293 οῦδὲν
510 2218 576 2310 <δ’>
607 2213 717 2310 ἧττον
755 2232 1066 2311 συγκαταβαίνοντα
1100 2229 1154 2294 καὶ
1190 2242 1263 2304 ταῖς
1293 2221 1547 2312 ῦποδεεστέραις
1577 2223 1681 2310 ἕξεσιν

377 2326 526 2393 ἰδιωτῶν
553 2319 691 2410 ἀνδρῶν
716 2331 771 2393 καὶ
798 2319 1041 2411 ἁπλουστέρων
1063 2331 1232 2411 γυναικῶν
1253 2329 1400 2393 οίκετοῦν
1421 2333 1535 2394 τεκαὶ
1556 2320 1681 2408 άπαξα-

376 2427 473 2502 πλιῦς
502 2427 575 2490 τῶν
604 2418 670 2491 ύπό
699 2419 842 2510 μηδενός
869 2416 888 2510 ἢ
911 2418 1015 2510 Ἰησοῦ
1040 2418 1148 2509 μόνου
1168 2428 1429 2510 βεβοηθημένων
1450 2422 1535 2510 πρὸς
1558 2422 1608 2504 τό,
1633 2420 1681 2506 αδς

327 2542 361 2596 20
378 2519 546 2606 ἐνεχώρει,
578 2525 713 2602 βέλτιον
741 2518 864 2602 αύτούς
895 2527 990 2603 βιοῦν
1015 2520 1098 2608 μετά
1127 2518 1308 2608 δογμάτων
1335 2512 1386 2588 ὦν
1412 2520 1578 2594 ἐδύναντο
1605 2532 1681 2612 περὶ

378 2627 461 2690 θεοῦ
480 2639 619 2706 χωρείν;

462 2723 555 2788 ΧΙιΠ.
592 2721 676 2788 Είτα
707 2717 790 2808 μετά
829 2725 936 2789 ταῦτα
967 2718 1014 2802 αδς
1045 2724 1099 2790 ἐπὶ
1131 2725 1412 2809 ἐνεργέστερον
1441 2720 1683 2792 διδάσκαλον

380 2825 452 2890 τῶν
491 2825 669 2907 θεολογίας
704 2815 913 2907 πραγμάτων
947 2816 1135 2908 ἀναπέμπει
1167 2817 1252 2908 ἡμᾶς
1284 2825 1338 2891 ἐπὶ
1376 2817 1439 2891 τὸν
1473 2818 1682 2904 Πλάτωνα,

379 2923 651 3005 παρατιθέμενος
678 2913 784 2989 αύτοῦ
811 2917 870 3002 τάς
895 2915 963 2990 ἀπὸ
992 2926 1062 2990 τοῦ
1089 2927 1252 3007 Τιμαίου
1273 2925 1377 3005 λέξεις
1399 2913 1513 3002 ούτως
1534 2917 1684 3006 ἐχούσας·

329 3049 362 3102 25
382 3017 473 3104 ,τόν
502 3025 572 3108 μὲν
606 3009 679 3089 οῦν
710 3017 884 3107 ποιητὴν
914 3028 978 3088 καὶ
1007 3026 1160 3108 πατέρα
1195 3024 1314 3090 τοῦδε
1346 3025 1417 3090 τοῦ
1444 3017 1595 3101 παντὸς
1626 3017 1684 3090 εῦ-

382 3137 465 3207 ρεῑν
496 3146 538 3187 τε
574 3120 692 3207 ἐργον
726 3124 790 3188 καί
822 3113 991 3204 εύρόντα
1024 3124 1079 3201 είς
1110 3116 1266 3200 πάντας
1293 3116 1495 3190 ἀδύνατον
1526 3125 1683 3207 λέγειν.“

383 3214 443 3289 εἶτ’
465 3223 616 3305 ἐπιφέρει
638 3220 778 3301 τούτοις
800 3224 923 3306 λέγων·
949 3214 1069 3306 δρᾶτε
1096 3212 1205 3300 ὅπως
1233 3228 1412 3308 ζητεῖται
1433 3215 1684 3308 θεοπρόποις

382 3325 444 3388 καὶ
473 3313 665 3406 ἀληθείας
695 3314 800 3401 ὁδός,
831 3325 895 3389 καί
927 3314 979 3400 (ῦς
1010 3313 1094 3404 ᾔδει
1122 3316 1295 3390 Πλάτων
1323 3312 1387 3390 ότι
1418 3315 1545 3406 ταύτῃ
1567 3324 1685 3408 βῆναι

381 3425 502 3490 πᾶσιν
531 3414 788 3500 ,,ἀδύνατον.“
832 3416 968 3506 ἐπειδὴ
998 3422 1037 3488 δὲ
1065 3413 1217 3488 τούτου
1241 3420 1362 3506 χάριν
1388 3420 1605 3507 ἐξηύρηται
1627 3443 1686 3489 σο-

332 3537 474 3605 3οφοῑς
500 3513 703 3606 ἀνδράσιν,
734 3514 785 3597 ιύς
814 3510 861 3586 ἀν
883 3523 954 3588 τοῦ
984 3513 1319 3605 ἀκατονομάστου
1346 3527 1409 3588 καὶ
1436 3518 1685 3607 πρώτουλά-

383 3622 521 3705 βοιμέν
543 3645 632 3687 τινα
655 3619 848 3698 ἐπίνοιαν,
876 3621 1147 3706 διαδηλοῦσαν
1173 3613 1296 3688 αύτόν
1322 3613 1343 3704 ἢ
1367 3625 1414 3705 τῇ
1436 3624 1619 3688 συνθέσει
1641 3625 1688 3705 τῇ

383 3720 445 3786 ἐπὶ
476 3716 522 3786 τά
554 3714 651 3786 ἀλλα
679 3709 701 3803 ἢ
731 3712 920 3786 ἀναλύσει
949 3712 1010 3786 ἀπ’
1033 3711 1167 3787 αύτιῦν
1197 3710 1216 3805 ἢ
1246 3715 1454 3809 ἀναλογίᾳ,
1485 3715 1531 3788 τὸ
1558 3713 1689 3797 άλλως

471 3887 508 3942 10
531 3887 594 3952 val.
612 3885 694 3940 Hebr.
713 3887 736 3947 3,
755 3887 779 3938 5.
803 3885 884 3938 Num.
904 3887 944 3950 12,
963 3889 986 3938 1.
1004 3887 1028 3939 8.
1058 3885 1111 3939 ίοε.
1132 3889 1155 3948 1,
1174 3887 1197 3939 2.
1219 3887 1242 3952 9,
1260 3890 1284 3939 4.
1303 3887 1319 3940 6
1338 3888 1371 3954 Ι8,
1389 3888 1430 3940 31.
1449 3889 1500 3956 33).
1519 3888 1622 3941 Weish.
1635 3887 1689 3940 Sal.

385 3972 424 4032 10,
445 3972 483 4026 16.
506 4002 539 4010 -
558 3971 595 4025 25
614 3971 703 4030 Plato,
720 3969 789 4022 Tim.
808 3968 872 4038 Gap.
892 3967 914 4020 V
933 3987 958 4038 p.
977 3971 1010 4025 28
1022 3969 1050 4022 0.

471 4121 509 4176 11
528 4116 634 4191 ἐπάραι
646 4125 669 4174 Α
685 4122 688 4188 Ι
706 4121 741 4175 11
763 4113 816 4188 <δ’>
836 4119 902 4186 stige
914 4119 958 4172 ich
971 4118 1022 4173 mit
1034 4120 1132 4172 Μέθη·
1145 4140 1170 4174 u.
1184 4120 1237 4175 den
1250 4123 1350 4190 Ausgg.
1364 4123 1406 4175 ein
1424 4125 1428 4190 Ι
1443 4123 1482 4178 23
1500 4117 1689 4194 πραγμάτων]

385 4199 539 4275 δογμάτων
556 4209 692 4258 vermutet
710 4205 793 4259 Guiet
811 4203 865 4272 (bei
883 4205 941 4259 Del.
961 4206 972 4257 Ι
991 4207 1041 4259 ί24
1059 4210 1139 4260 Anm.
1158 4205 1185 4273 a)
1203 4206 1342 4274 unrichtig
1362 4209 1365 4273 Ι
1386 4207 1425 4262 211
1443 4205 1483 4272 είς
1500 4203 1609 4270 πάντας
1626 4199 1690 4260 ἀδύ-

385 4307 474 4344 νατον
491 4287 585 4358 λέγειν
602 4294 627 4342 Α
645 4288 738 4356 λέγειν
753 4287 793 4352 είς
810 4282 921 4352 πάντας
938 4281 1079 4344 ἀδύνατον
1096 4293 1198 4358 Ausgg.
1219 4293 1223 4356 Ι
1245 4289 1282 4345 27
1308 4287 1435 4361 ἐπιφέρει
1453 4291 1504 4344 ΡΜ
1512 4295 1615 4358 Ausgg.
1634 4285 1690 4344 ἐπι-

385 4371 519 4443 φέρεινΑ
535 4375 538 4440 Ι
554 4374 676 4442 ζητεῖται
694 4373 865 4437 M²,H11.am
877 4373 964 4435 fiand,
983 4373 1091 4443 Sp.Del.
1111 4375 1149 4427 im
1161 4373 1241 4436 Τειίς
1261 4377 1367 4442 ζητεῖτε
1380 4379 1403 4428 Α
1419 4379 1422 4442 Ι
1438 4376 1478 4430 28
1496 4377 1546 4430 καὶ
1558 4378 1616 4441 (vor
1626 4368 1690 4442 ἀλη-

385 4457 483 4525 θείαςΙΙ
501 4467 533 4514 <
552 4457 580 4518 Ρ,
598 4457 698 4526 getilgt
717 4474 768 4510 von
794 4455 844 4510 Ηὸ.
868 4464 923 4524 (am
942 4456 1043 4523 θεοῦ),
1069 4459 1111 4528 sp.
1124 4458 1183 4513 Del.
1202 4459 1249 4526 (im
1267 4459 1357 4526 Text);
1384 4450 1401 4527 ἡ
1425 4459 1533 4525 112101,
1551 4458 1692 4512 vielloioht

386 4540 486 4609 riohtig
509 4544 513 4608 Ι
538 4533 605 4606 δδδς
627 4543 677 4606 M2,
700 4540 749 4594 Ηδ.
774 4558 819 4594 am
842 4541 934 4608 Rand,
958 4543 1001 4612 Sp.
1012 4541 1071 4597 Del.
1089 4544 1128 4596 im
1150 4542 1230 4606 Tem
1258 4537 1336 4607 ὁδοῖς
1354 4549 1379 4597 Δ
1402 4545 1406 4612 Ι
1431 4545 1468 4600 31
1492 4549 1527 4613 τῇ
1550 4544 1610 4612 (vor
1629 4561 1690 4597 συν-

385 4623 486 4694 θέσειΙΙ
506 4645 522 4694 η
545 4625 573 4678 in
591 4625 733 4680 correctur
750 4627 784 4678 A.
