3790 5526
653 471 755 527 ΚΑΤΑ
776 471 937 526 ΚΕΔΣΟΥ
958 471 1001 530 Π
1026 471 1125 526 7178.
1480 474 1538 536 149

235 639 474 719 σαρκωθέντος
499 629 604 723 λόγου
629 629 869 725 ἀνακλιθῶμεν
895 640 950 704 καί
977 629 1112 706 ἀνιόντι
1134 628 1228 721 αὐτῷ
1250 635 1317 716 ,είς
1339 628 1381 702 τὸ
1402 625 1538 719 ῦψηλον
1555 645 1604 700 Ph.
1616 645 1704 710 85,16

236 726 335 820 500&
356 727 588 822 ἀκολουθῆσαι
610 741 822 823 δυνηθῶμεν,
845 737 984 823 ἐροῦμεν
1010 729 1065 804 τό·
1093 735 1245 820 ,είδομεν
1266 729 1330 820 τῆν
1353 727 1455 817 δόξαν
1482 726 1538 802 αῦ-

234 837 331 902 τοῦ“·
361 828 447 920 τάχα
471 838 533 922 μέν
558 861 666 905 τινων
691 841 747 904 καὶ
769 834 896 922 ἑτέρων
914 832 1005 923 παρὰ
1025 831 1106 913 τοῦς
1127 827 1375 913 ἀνακλιθέντας
1396 835 1452 902 έπὶ
1473 835 1537 901 τοῦ

234 928 384 1020 στήθους
410 927 518 1003 αὐτοῦ
542 938 599 1003 καί
628 929 928 1022 ἀκολουθήσαντας
948 929 1044 1020 αῦτῶ
1066 934 1133 1016 ,είς
1154 929 1196 1002 τὸ
1219 923 1297 1018 ὅρος
1319 929 1361 1002 τὸ
1382 925 1538 1019 ῦψηλόνίί

200 1045 216 1098 5
234 1027 409 1118 λεξάντων
434 1027 490 1102 τό·
517 1037 671 1122 ,εἴδομεν
696 1031 760 1123 τὴν
782 1028 886 1117 δόξαν
908 1028 1046 1116 αῦτοῦ,“
1068 1026 1181 1102 οῦκέτι
1203 1035 1239 1100 δὲ
1261 1025 1538 1117 προσθησόντων
1644 1047 1652 1060 ’

234 1126 289 1200 τό·
316 1126 441 1216 ,δόξαν
471 1124 520 1214 ῶς
544 1139 751 1223 μονογενοῦς
776 1131 869 1220 παρὰ
889 1130 1033 1220 πατρὸς,
1060 1126 1191 1220 πλήρης
1214 1125 1354 1217 χάριτος
1378 1137 1435 1200 καί
1460 1125 1538 1219 ἀλη-

233 1236 363 1313 θείαςίί·
384 1225 522 1318 Ἰωάννη
544 1233 606 1320 γὰρ
627 1238 683 1304 καὶ
704 1249 777 1316 τοῖς
799 1226 928 1320 ὁμοίοις
949 1237 1124 1319 πρέπουσα
1144 1223 1232 1318 αῦτη
1255 1225 1276 1318 ῆ
1298 1226 1405 1319 φωνή.

316 1334 371 1400 καί
388 1325 469 1401 καθ’
484 1329 604 1419 ἑτέραν
626 1337 661 1404 δὲ
682 1329 897 1421 ῦφηλοτέραν
919 1328 1071 1420 διήγησιν
1094 1328 1126 1400 οί
1147 1333 1351 1418 δυνηθέντες
1369 1347 1442 1412 τοῖς
1457 1332 1539 1418 ίχνε-

234 1449 286 1498 σιν
299 1424 406 1518 Ἰησοῦ
427 1442 709 1517 κατακολουθεῖν,
724 1427 972 1515 ἀναβαίνοντος
985 1436 1041 1500 καί
1055 1433 1380 1518 μεταμορφουμένου
1393 1423 1463 1501 ἀπὸ
1477 1435 1539 1519 τῆς

184 1538 217 1593 10
234 1531 291 1597 ἐπὶ
312 1533 373 1616 γῆς
395 1525 520 1615 ὄψεως,
544 1523 693 1616 ὄψονται
714 1528 822 1602 αὐτοῦ
844 1528 909 1620 τῆν
929 1525 1193 1618 μεταμόρφωσιυ
1206 1523 1285 1599 καθ’
1305 1525 1448 1618 ἑκάστην
1463 1557 1540 1618 γρα-

235 1623 320 1714 φῆν·
351 1631 454 1700 οίονεί
481 1635 545 1700 τοῦ
570 1636 631 1718 μὲν
659 1649 732 1713 τοῖς
758 1639 900 1712 πολλοῖς
921 1633 1130 1717 φαινομένου
1150 1622 1255 1716 Ἰησοῦ
1277 1632 1339 1716 τῆς
1359 1635 1540 1716 προχείρου

234 1732 354 1812 λέξεως
381 1722 497 1812 ὄντος,
525 1734 589 1798 τοῦ
616 1735 651 1799 δὲ
671 1733 740 1814 ,είς
766 1724 847 1818 όρος
868 1725 1022 1818 ῦιρηλὸνίί
1049 1722 1209 1808 ἀνιόντος
1229 1733 1285 1796 καί
1305 1755 1539 1816 μεταμορφου

234 1831 338 1914 μένου
369 1822 500 1916 σφόδρα
525 1822 661 1916 ,ὀλίγοις
690 1835 763 1899 τῶν
791 1835 960 1917 μαθητῶν
985 1834 1041 1898 καὶ
1068 1844 1140 1908 τοῖς
1165 1821 1398 1916 ἀκολουθῆσαι
1423 1832 1470 1911 είς
1496 1825 1539 1896 τοὶ

233 1920 347 2014 ῦψηλά
370 1930 601 2016 δεδυνημένοις
623 1933 687 1998 τοῦ
709 1923 893 1998 ἀνωτάτου
913 1934 969 1997 καὶ
990 1921 1213 2016 ὑψηλοτάτου
1233 1932 1306 2014 νοῦ,
1321 1931 1539 2016 περιέχοντος

185 2043 217 2096 15
234 2021 332 2114 λόγια
358 2030 419 2115 τῆς
444 2030 503 2110 ,έν
527 2034 720 2116 μυστηρίῳκ
742 2023 1038 2116 ἀποκεκρυμμένης
1063 2032 1198 2114 σοφίας,
1220 2018 1285 2116 ,ῆν
1306 2024 1498 2114 προώρισεν
1520 2019 1539 2096 ό

235 2123 317 2207 θεὸς
338 2125 405 2212 πρὸ
428 2131 502 2196 τῶν
523 2125 662 2197 αἰώνων
684 2131 730 2208 είς
752 2122 875 2212 δόξανα
896 2133 970 2196 τῶν
992 2131 1132 2196 δικαίων
1152 2121 1284 2214 αῦτοῦ.>

318 2216 404 2294 ἀλλὰ
433 2219 546 2296 πόθεν
569 2230 688 2315 Κέλσῳ
717 2233 774 2296 καί
803 2243 877 2308 τοῖς
907 2229 1041 2313 ἐχθροῖς
1073 2231 1137 2296 τοῦ
1162 2229 1260 2297 θείου
1286 2219 1390 2313 λόγου
1409 2231 1471 2294 καὶ
1494 2221 1539 2313 μῆ

235 2319 436 2412 φιλαλήθως
473 2322 517 2394 τὰ
547 2330 801 2416 χριστιανισμσῦ
835 2321 1029 2410 έξετάσασιν
1061 2329 1182 2395 εἰδέναι
1215 2321 1256 2395 τό
1288 2321 1437 2414 βούλημα
1465 2331 1540 2395 τῶν

235 2417 412 2511 διαφόρων
442 2429 505 2494 τοῦ
529 2419 634 2512 Ἰησοῦ
659 2431 822 2513 μορφῶν,·
851 2424 917 2512 έγῶ
945 2429 980 2494 δὲ
1007 2430 1094 2512 λέγω
1121 2429 1176 2494 καί
1199 2418 1351 2512 ἡλικιῶν,
1378 2429 1434 2493 καί
1456 2427 1486 2494 εί
1506 2452 1540 2494 τι

183 2537 216 2592 20
234 2528 308 2592 τῶν
330 2520 398 2611 πρὸ
420 2529 484 2594 τοῦ
505 2533 630 2596 παθεῖν
653 2517 746 2613 αῦτῷ
767 2527 1013 2611 πεπραγμένων
1034 2530 1091 2594 καὶ
1109 2529 1184 2594 τῶν
1197 2519 1281 2612 μετὰ
1296 2520 1338 2594 τό
1354 2519 1539 2612 ἀναστῆναι

234 2617 302 2693 ἀπό
325 2629 399 2692 τῶν
420 2631 560 2714 νεκρῶν.

315 2725 484 2792 LXXVIII.
518 2715 609 2812 Ἑξῆς
635 2728 671 2794 δὲ
698 2719 843 2794 τοιαῦτά
870 2750 947 2794 τινα
973 2727 1060 2812 λέγει
1088 2717 1107 2794 o‘
1135 2728 1275 2806 Κέλσος·
1301 2724 1361 2793 έτι
1387 2719 1463 2812 μὴν
1490 2725 1540 2792 εί-

233 2848 306 2910 περ
336 2819 528 2906 ἐβούλετο
560 2817 579 2894 ό
609 2819 705 2905 θεός
737 2815 869 2910 ῶσπερ
901 2815 920 2893 ό
950 2820 1056 2909 παρὰ
1087 2829 1143 2911 τῷ
1169 2827 1348 2912 κωμῳδῷ
1375 2821 1471 2902 Ζεὺς
1499 2825 1540 2892 έκ

234 2925 306 2992 τοῦ
326 2927 477 3011 μακροῦ
498 2913 630 2992 ῦπνου
651 2926 862 3003 διῦπνίσας
884 2917 1081 3009 ῥύσασθαι
1104 2918 1150 2991 τὸ
1173 2926 1286 3010 <τῶν>
1309 2917 1540 3010 ἀνθρώπων

183 3035 216 3088 25
233 3025 348 3108 γένος
374 3025 416 3091 έκ
440 3027 584 3105 κακῶν,
612 3025 650 3091 τί
676 3017 722 3110 δή
748 3048 847 3092 ποτε
874 3023 929 3102 είς
949 3025 1042 3108 μίαν
1064 3026 1212 3108 γωνίαν
1235 3023 1385 3109 έπεμψε
1406 3025 1539 3104 τοῦτο,

235 3114 254 3192 ό
285 3148 401 3208 φατε,
430 3125 602 3208 πνεῦμα,·
637 3125 728 3191 δέον
759 3117 889 3190 πολλὰ
925 3113 1073 3205 ὁμοίως
1108 3124 1349 3209 διαφυσῆσαι
1378 3118 1540 3204 σῶματα

233 3227 298 3291 καὶ
332 3217 433 3290 κατὰ
467 3224 600 3290 πᾶσαν
634 3215 873 3290 ἀποστεῖλαι
907 3216 981 3308 τῆν
1018 3222 1270 3308 οἰκουμένην.
1313 3213 1440 3289 ἀλλ’ό
1471 3223 1539 3306 μὲν

233 3317 427 3409 κωμῳδὸς
452 3322 494 3389 έν
515 3325 572 3409 τῶ
594 3315 756 3408 θεάτρῳ
779 3311 1067 3407 γελωτοποιῶν
1089 3323 1337 3406 συνέγραψεν
1358 3310 1423 3388 ότι
1446 3316 1540 3398 Ζεὺς
1598 3383 1601 3390 .

234 3424 490 3506 ἐξυπνισθεὶς
530 3413 756 3507 Ἀθηναίοις
802 3422 868 3488 καί
908 3422 1245 3505 Λακεδαιμονίοις
1287 3414 1360 3488 τὸν
1402 3411 1540 3506 Ἑρμῆν

183 3530 217 3585 30
234 3521 398 3607 έπεμψε·
423 3517 468 3589 σῦ
489 3523 529 3588 δὲ
551 3513 622 3589 οῦκ
644 3522 722 3590 οίει
742 3513 1148 3606 καταγελαστότερον
1168 3521 1431 3606 πεποιηκέναι
1449 3511 1540 3587 Ἰου-

234 3622 363 3700 δαίοις
388 3613 646 3707 πεμπόμενον
673 3623 745 3688 τοῦ
771 3621 869 3688 θεοῦ
891 3615 965 3688 τόν
985 3612 1090 3701 υίόν;
1121 3609 1185 3704 όρα
1206 3613 1246 3703 δῆ
1267 3625 1324 3686 καὶ
1345 3621 1382 3686 έν
1404 3614 1540 3698 τούτοις

234 3715 274 3788 τό
306 3713 451 3807 ἄσεμνον
479 3723 542 3788 τοῦ
565 3723 708 3802 Κέλσου,
737 3711 962 3804 ἀφιλοσόφως
987 3720 1167 3805 κωμῳδίας
1193 3714 1342 3806 ποιητὴν
1368 3724 1539 3804 γελωτο·

233 3815 352 3889 ποιόν
378 3813 637 3907 παραλαβόντος
658 3822 714 3887 καί
736 3823 788 3908 τῷ
810 3811 889 3906 παρ’
911 3811 1005 3905 αῦτῶ
1033 3820 1318 3887 διῦπνισθέντι
1338 3821 1539 3903 πέμποντι

233 3911 371 4007 Ἑρμῆν
399 3913 680 4008 παραβάλλοντος
711 3913 784 3987 τὸν
818 3921 882 3986 τοῦ
913 3912 1044 3998 παντὸς
1075 3912 1277 4005 δημιουργόν
1306 3912 1405 3986 θεὸν
1435 3911 1540 4004 ἡμῶν.

182 4028 216 4082 35
234 4021 372 4105 είπομεν
408 4016 448 4106 δὴ
484 4020 521 4087 έν
555 4035 628 4100 τοῖς
664 4013 731 4105 πρό
767 4008 995 4087 τοῦτωνότι
1028 4008 1088 4102 οῦχ
1125 4008 1240 4103 ῶσπερ
1274 4010 1351 4086 ἀπὸ
1386 4020 1540 4104 μακροῦ

320 4167 1538 4241 lvgl.Matth.17‚1.-2vgl.J0h.1,14.-4v31.Matth.17‚1.-5vg1.

234 4256 295 4311 Joh.
315 4260 339 4318 1,
358 4259 397 4311 14.
420 4287 453 4296 —
472 4256 490 4311 ίί
507 4255 569 4310 Joh.
587 4259 611 4319 1,
630 4258 670 4310 14.
694 4285 727 4294 -
752 4255 791 4310 12
810 4254 872 4324 Vgl.
891 4253 989 4308 Matth.
1009 4257 1050 4314 17.
1069 4256 1092 4308 1.
1115 4285 1148 4294 -
1172 4255 1291 4324 15Vg1.
1310 4255 1322 4308 I
1339 4254 1404 4308 Kor.
1421 4255 1445 4320 2,
1465 4255 1488 4307 ί.
1505 4281 1539 4291 -

234 4339 274 4397 25
292 4339 355 4410 vgl.
373 4341 445 4396 oben
462 4339 501 4395 IV
517 4343 571 4395 42.
584 4339 615 4394 E.
634 4341 667 4394 23
679 4356 704 4393 a.
716 4341 749 4394 A.
767 4341 800 4396 36
812 4357 836 4393 ο.
849 4341 883 4392 Α.
900 4338 970 4395 V50
983 4356 1007 4393 ε.
1019 4337 1050 4392 Ε.
1069 4368 1103 4378 -
1121 4339 1160 4394 δῦ
1178 4338 1241 4407 Vgl.
1260 4338 1331 4392 oben
1349 4338 1388 4393 IV
1405 4339 1429 4393 3.
1447 4341 1473 4394 4.

320 4459 448 4538 ῦπαρά]
468 4469 535 4538 περί
552 4465 604 4522 Ρεί
623 4467 628 4536 Ι
649 4468 667 4524 8
684 4467 734 4521 καί
751 4475 785 4525 <
802 4463 918 4520 PatEH
937 4466 941 4534 Ι
962 4460 1000 4534 οὶ]
1020 4457 1055 4519 οὐ
1072 4463 1125 4520 Ραί
1144 4466 1148 4533 1
1169 4465 1207 4520 21
1226 4465 1278 4519 mit
1294 4466 1405 4534 νεκρῶν
1422 4462 1540 4532 endigt

235 4552 279 4607 die
297 4547 462 4618 Phssokalia}
481 4549 545 4620 Cap.
564 4549 614 4604 XV
632 4552 666 4608 20
688 4551 722 4622 (p.
740 4551 812 4613 86,ss
829 4549 871 4604 ed.
889 4548 968 4618 Rob.)
992 4552 996 4618 Ι
1020 4547 1059 4604 24
1078 4549 1164 4621 <τῶν>
1182 4549 1247 4619 fuge
1264 4548 1309 4602 ich
1326 4548 1379 4602 mib
1395 4547 1424 4600 M
1442 4565 1468 4602 u.
1487 4548 1540 4601 den

234 4640 336 4706 Ausgg.
354 4635 406 4692 ein.
