3780 5532
617 471 717 526 ΚΑΤΑ
742 473 900 528 ΚΕΔΣΟΥ
926 475 983 532 vll
1006 475 1047 530 39.
1065 474 1107 528 40.
1124 475 1165 528 41.
1473 479 1527 540 191

311 623 366 702 ότι
397 630 459 720 γὰρ
489 632 534 723 μὴ
556 632 791 722 ἐπιστάμενος,
823 645 857 707 τί
875 641 937 725 μέν
960 641 1198 724 Χριστιανοὶ
1226 641 1357 722 λέγουσι
1384 642 1417 705 τί
1441 640 1476 706 δὲ
1498 637 1530 705 οί

228 728 406 815 τοιούτους
435 731 565 819 μύθους
595 729 879 820 ἀναπλάσσοντες,
902 731 976 806 ἀλλ’
1000 732 1154 824 σίόμενος
1185 730 1262 823 ἡμῖν
1290 753 1465 824 προσεῖναι
1487 732 1530 806 τά

227 833 367 914 ἐκείνοις
389 829 625 922 προσαγόμενα
647 831 836 924 ἐγκλήματα
858 841 966 906 ταῦτα
989 841 1075 923 λέγει
1097 832 1183 921 πρὸς
1203 829 1288 922 ἡμᾶς
1302 829 1343 904 ού
1357 829 1531 921 προσόντα

228 924 314 1018 ἡμῖν,
338 936 441 1020 δῆλον
462 936 500 1003 ἐκ
519 938 592 1003 τοῦ·
615 932 688 1022 τὴν
709 940 778 1023 μέν
801 933 846 1023 δὴ
869 932 1032 1006 τοιάνδε
1054 931 1214 1022 ἀπάτην
1235 940 1300 1004 καὶ
1323 933 1415 1015 τούς
1437 943 1531 1002 θαυ-

192 1030 401 1117 5μαστούς
427 1035 607 1116 ἐκείνους
633 1032 879 1121 συμβούλους
906 1041 970 1106 καὶ
998 1033 1045 1106 τὰ
1073 1028 1261 1121 δαιμόνια
1287 1029 1460 1122 ῥήματα,
1484 1031 1531 1103 τὰ

226 1127 327 1216 πρός
362 1129 435 1202 τόν
470 1138 615 1203 λέοντα
650 1140 714 1202 καὶ
752 1131 823 1204 τὸν
855 1130 1049 1222 ἀμφίβιον
1079 1140 1142 1204 καὶ
1173 1131 1245 1204 τόν
1277 1128 1437 1221 όνοειδῆ
1466 1139 1529 1202 καὶ

228 1227 320 1312 τούς
351 1224 496 1314 ἄλλους
528 1239 593 1302 καὶ
624 1233 717 1317 τούς
747 1241 985 1318 θεσπεσίους
1015 1232 1239 1322 θυρωροὺς,
1275 1222 1331 1301 ὦν
1363 1230 1410 1303 τά
1441 1227 1530 1303 όνό-

225 1355 328 1415 ματα
352 1325 506 1414 ἀθλίως
528 1330 852 1418 ἐκμανθάνοντες
879 1337 915 1406 ολ
941 1331 1135 1422 δύστηνοι
1156 1337 1289 1414 κακῶς
1314 1337 1531 1420 δαιμσνᾶτε

226 1436 289 1498 καὶ
315 1425 701 1518 ἀνασκολοπίζεσθε.
744 1440 798 1504 καὶ
821 1430 883 1505 ούκ
906 1433 973 1504 είδέ
991 1460 1028 1521 γε
1051 1425 1106 1504 ότι
1127 1427 1236 1513 ούδεὶς
1257 1437 1330 1502 τῶν
1353 1429 1415 1501 τόν
1438 1443 1528 1503 λεον-

177 1541 209 1594 10
228 1533 340 1617 τοειδῆ
361 1537 425 1600 καὶ
448 1529 520 1601 τὸν
542 1525 702 1621 όνοειδῆ
723 1540 788 1604 καὶ
811 1532 883 1605 τόν
905 1530 1096 1622 ἀμφίβιον
1118 1526 1329 1620 νομιζόντων
1352 1532 1437 1601 είναι
1459 1542 1529 1602 θυ·

228 1627 384 1714 ρωρούς
406 1635 467 1718 τῆς
488 1625 615 1701 ἀνόδου
635 1629 699 1712 έως
720 1628 877 1702 θανάτου
899 1636 1032 1703 ἵσταται
1053 1624 1118 1703 κάν
1139 1627 1223 1718 ύπὲρ
1245 1635 1305 1722 τῆς
1325 1637 1530 1720 φαινομένης

228 1721 322 1814 αύτῷ
351 1723 521 1815 ἀληθείας.
566 1725 651 1800 ἀλλὰ
681 1728 722 1800 τὸ
752 1726 808 1818 ἀφ’
832 1727 929 1820 ἡμῶν
956 1726 997 1800 δι’
1021 1727 1196 1812 εὐσεβείας,
1228 1725 1269 1799 ἵν’
1292 1723 1406 1813 ούτως
1433 1735 1527 1804 είπω.

226 1820 418 1914 ύπερβολὴν
446 1824 637 1916 γινόμενον,
667 1826 890 1918 παρεχόντων
918 1829 1058 1912 ἑαυτούς
1088 1836 1192 1900 παντί
1220 1825 1339 1916 τρόπῳ
1366 1827 1529 1913 θανάτου,

226 1922 344 1995 καὶτὸ
376 1921 770 2014 άνασκολοπίζεσθαι
799 1932 940 2011 ἐκείνοις
968 1925 1129 2016 προσάγει
1162 1947 1234 2011 τοῖς
1262 1933 1366 2017 μηδὲν
1395 1927 1531 2000 τούτων

176 2035 207 2088 15
225 2019 425 2112 πάσχουσιν·
453 2034 509 2096 καὶ
531 2023 609 2118 ἡμῖν
631 2046 704 2110 τοις
730 2023 1168 2117 ἀνασκολοπιζομένοις
1194 2023 1235 2096 δι’
1258 2023 1423 2112 εύσέβειαν
1445 2023 1529 2100 όνει-

226 2127 306 2209 δίζει
334 2122 398 2213 τὴν
429 2127 569 2196 ἐκείνων
598 2132 674 2212 περὶ
698 2124 760 2198 τόν
782 2131 979 2217 λεοντοειδῆ
1005 2134 1070 2198 καί
1098 2125 1170 2199 τὸν
1196 2122 1388 2215 ἀμφίβιον
1409 2127 1529 2198 καὶτὰ

226 2221 328 2294 λοιπά
357 2228 572 2310 μυθοποιίαν.
619 2223 659 2296 ού
689 2224 742 2297 διὰ
766 2232 897 2298 Κέλσον
925 2233 1043 2298 τοίνυν
1070 2225 1235 2315 φεύγομεν
1257 2223 1320 2296 τὸν
1341 2233 1416 2313 περὶ
1438 2235 1530 2298 λεον-

226 2328 378 2406 τοειδοῦς
407 2331 462 2394 καὶ
492 2331 566 2394 τοῖιν
598 2333 731 2396 λοιπῶν
761 2322 874 2415 λόγον,
901 2323 979 2398 ούδὲ
1006 2325 1068 2415 γάρ
1097 2325 1160 2414 τὴν
1187 2321 1291 2414 ἀρχὴν
1313 2322 1472 2396 τοιοῦτόν
1495 2356 1529 2397 τι

225 2420 490 2513 παρειλήφαμεν·
518 2420 593 2495 ἀλλ’
617 2421 891 2508 ἀκολουθοῦντες
921 2433 964 2514 τῇ
988 2429 1183 2515 διδασκαλίᾳ
1202 2419 1308 2512 Ἰησοῦ
1329 2423 1372 2495 τὰ
1394 2428 1529 2496 ἐναντία

175 2541 208 2595 20
225 2527 365 2607 ἐκείνοις
387 2530 537 2612 λέγομεν,
560 2520 602 2594 σύ
624 2530 947 2613 συγκατατιθέμενοι
968 2531 1018 2615 τῷ
1038 2519 1171 2595 τοιόνδε
1187 2524 1272 2594 εἶναι
1287 2530 1337 2614 τῷ
1352 2523 1528 2614 προσώπῳ

225 2620 289 2694 τόν
310 2621 443 2711 Μιχαὴλ
464 2631 519 2694 καὶ
543 2621 676 2695 τοιόνδε
701 2619 816 2713 έτερόν
840 2653 918 2695 τινα
940 2632 1013 2694 τῶν
1033 2628 1375 2712 προκατειλεγμένων.

307 2741 385 2808 XLI.
425 2743 493 2808 Τίνι
528 2744 567 2810 δὲ
596 2747 651 2811 καὶ
681 2743 849 2812 έπεσθαι
879 2736 963 2829 ἡμᾶς
992 2735 1010 2810 ὁ
1039 2745 1165 2822 Κέλσος
1191 2738 1348 2828 βούλεται
1379 2738 1431 2824 οός
1458 2737 1529 2813 ούκ

224 2833 506 2927 άπορὴσοντας
533 2847 719 2911 παλαιῶν
746 2837 956 2930 ἡγεμόνων
982 2846 1046 2908 καί
1068 2841 1189 2927 ίεροόν
1210 2835 1366 2926 ἀνδρῶν
1387 2868 1529 2911 κατανο-

227 2944 336 3028 ητέον.
379 2934 567 3026 ἀναπέμπει
589 2935 673 3027 ἡμᾶς
695 2944 748 3010 ἐπὶ
780 2943 959 3023 ἐνθέους,
986 2936 1034 3021 ιύς
1055 2945 1155 3028 λέγει,
1178 2936 1350 3025 ποιητὰς
1376 2945 1439 3008 καί
1466 2962 1529 3010 σο-

173 3063 206 3115 25
226 3039 325 3126 φσύς
356 3042 461 3126 (καὶ)
494 3033 756 3125 φιλοσόφους,
791 3037 836 3128 μὴ
872 3047 980 3121 τιθεὶς
1016 3035 1130 3119 αὐτοῖς
1165 3033 1331 3124 όνόματα,
1363 3044 1418 3108 καὶ
1450 3038 1530 3120 τούς

225 3133 367 3227 ὁδηγούς
405 3143 524 3220 δείξειν
565 3134 851 3228 ἐπαγγελλόμενος
893 3133 1059 3222 ἀορίστως
1094 3135 1319 3222 ἀποφαίνεται
1360 3136 1439 3220 τούς
1470 3141 1529 3208 ἐν-

140 3256 206 3313 130v
224 3244 344 3319 θέσυς
373 3235 546 3324 ποιητάς
572 3245 634 3306 καὶ
661 3236 811 3321 σοφούς
837 3243 900 3307 καὶ
933 3233 1189 3324 φιλοσόφους.
1214 3246 1218 3322 Ι
1243 3241 1271 3306 εί
1297 3233 1330 3305 δ’
1353 3240 1459 3306 ἐτίθει
1486 3236 1528 3308 τά

224 3332 378 3427 όνόματα
406 3333 549 3407 ἑκάστου
571 3335 721 3419 τούτων,
748 3329 813 3406 κάν
838 3332 1062 3423 ἀγωνίζεσθαι
1090 3331 1232 3424 εύλογον
1259 3331 1336 3424 ἡμῖν
1358 3338 1527 3422 ἐφαίνετο,

225 3429 279 3508 ότι
309 3435 583 3522 τυφλώττοντας
615 3443 691 3523 περὶ
722 3433 786 3524 τὴν
818 3431 982 3524 ἀλήθειαν
1015 3431 1156 3526 όδηγσύς
1182 3431 1260 3524 ἡμῖν
1286 3441 1440 3520 δίδωσιν,
1472 3437 1527 3506 ίνα

173 3552 206 3606 30
223 3532 416 3624 σφάλωμεν,
448 3531 467 3623 ἢ
499 3539 526 3605 εί
556 3545 611 3605 καί
643 3532 687 3622 μὴ
716 3531 807 3605 πάνυ
837 3535 1121 3620 τυφλοίττοντας,
1155 3543 1230 3624 περὶ
1260 3531 1373 3605 πολλά
1402 3563 1438 3624 χε
1469 3543 1528 3625 τῆς

308 3741 328 3796 4
348 3741 407 3810 Vgl.
422 3741 499 3817 ¹oben
517 3742 553 3793 VI
572 3741 680 3794 24-31.
700 3771 732 3778 —
751 3738 788 3794 21
810 3738 872 3806 vgl.
891 3739 963 3792 oben
982 3739 1019 3792 VI
1038 3743 1079 3799 30,
1096 3741 1121 3792 S.
1141 3742 1190 3794 100
1207 3739 1233 3790 Ζ.
1252 3739 1276 3792 8.

307 3925 324 3979 2
348 3917 585 3989 ἀναπλάσσοντες
608 3929 631 3978 A
655 3917 872 3988 ἀναπλάσαντες
890 3923 1027 3992 MAusgg.
1047 3926 1051 3992 Ι
1071 3923 1088 3978 4
1111 3923 1200 3976 hinter
1217 3928 1314 3987 τοῦ-Ι-
1332 3918 1375 3977 διά
1393 3923 1502 3993 Sp.Del.
1523 3980 1525 3990 ,

224 4009 242 4065 5
260 4001 296 4063 τά
314 4008 415 4076 (hinter
427 4004 552 4080 ῥήματα)
565 4009 614 4064 Hb.
628 4025 673 4062 am
687 4007 773 4071 Rand,
784 4007 891 4078 Sp.Del.
904 4010 943 4061 im
952 4009 1033 4072 ’λειω
1053 3998 1071 4062 ά
1085 4011 1106 4062 A
1123 4011 1127 4076 Ι
1143 4008 1161 4064 8
1181 4007 1343 4076 δαιμονᾶτε]
1363 4009 1485 4074 δαιμονα
1497 4025 1528 4062 τε

224 4092 272 4162 [so]
290 4095 314 4146 A
329 4097 333 4162 Ι
349 4095 368 4149 θ
387 4087 441 4148 είθε
459 4095 497 4156 Α,
516 4094 566 4147 Ηθ.
576 4094 620 4164 Sp.
639 4113 683 4148 am
708 4093 799 4156 Rand;
827 4087 885 4149 οίδε
903 4093 931 4145 M
943 4096 1044 4162 Ausgg.
1062 4093 1100 4146 im
1118 4092 1187 4146 'l'ext
1202 4093 1206 4159 Ι
1223 4091 1261 4146 14
1278 4084 1322 4160 τό]
1341 4097 1381 4164 τῷ
1399 4091 1463 4144 lieet
1479 4091 1527 4145 Βο.

224 4177 321 4245 (Notae
333 4195 359 4248 p.
371 4179 440 4246 402),
460 4177 526 4232 aber
542 4177 584 4234 τὸ.
596 4179 674 4248 giebt
692 4180 763 4233 auch
780 4179 860 4232 einen
872 4180 957 4246 guten
970 4177 1036 4230 Sinn
1051 4181 1055 4246 Ι
1073 4177 1111 4234 15
1134 4177 1184 4232 καί
1202 4168 1270 4246 ἡμῖν
1286 4176 1409 4230 εολιεείσε
1421 4176 1466 4229 ich
1479 4176 1529 4228 mit

224 4289 270 4342 Βο.
284 4288 381 4356 (Notae
394 4305 421 4358 p.
433 4289 501 4355 ιον),
521 4280 589 4357 ἡμῖν
601 4286 631 4344 ιε
650 4289 717 4351 σει,
739 4281 753 4356 ἢ
773 4281 978 4357 Ιμιιεειιερ.
994 4289 998 4355 Ι
1015 4288 1051 4342 ει
1069 4281 1193 4358 Μιχαὴλ]
1211 4273 1249 4358 a}
1272 4288 1321 4358 [ει]
1339 4289 1363 4340 A
1379 4293 1382 4353 ι
1398 4287 1437 4341 ει
1458 4287 1526 4355 τοι]

222 4375 280 4428 τίσι
304 4376 445 4428 vermuten
463 4373 510 4425 Βο.
530 4372 628 4438 (Notae
646 4390 670 4442 p.
689 4375 749 4429 402}
768 4391 793 4426 u.
812 4372 870 4426 Del.
890 4373 911 4440 ΙΙ
930 4374 980 4427 723
998 4375 1078 4426 Anm.
1097 4377 1125 4440 g)
1149 4373 1227 4427 nicht
1248 4373 1319 4426 ohne
1337 4371 1527 4425 Wahrschein·
1630 4419 1633 4427 .

222 4457 410 4524 liehkeit125
429 4457 506 4526 (καί)
526 4458 591 4526 stige
609 4459 653 4510 ich
672 4460 723 4510 mit
740 4457 792 4512 den
811 4461 913 4524 Ausgg.
932 4456 985 4523 ein,
1003 4457 1059 4525 vgl.
1078 4457 1122 4510 die
1141 4456 1356 4524 Wiederholung
1373 4457 1421 4509 der
1435 4455 1529 4510 warte

223 4545 305 4596 unten
327 4541 353 4596 Z.
372 4542 403 4594 27
420 4543 424 4608 Ι
441 4536 546 4610 αὐτοῖς]
566 4535 661 4596 αύιιῦν
679 4535 714 4596 τά
734 4545 874 4595 εεεωιιίειι
893 4541 941 4595 Βο.
955 4541 1052 4608 [Notae
1064 4559 1089 4611 p.
1100 4542 1160 4608 402)
1179 4559 1204 4595 u.
1217 4541 1275 4595 Del.
1289 4542 1310 4608 ΙΙ
1324 4543 1373 4595 723
1385 4544 1464 4596 Anm.
1476 4540 1505 4609 h)
1522 4541 1525 4608 Ι

224 4625 263 4681 ‘28
281 4620 336 4680 κάν
354 4631 375 4678 Α
395 4627 443 4680 καί
461 4628 563 4695 Ausgg.
