3772 5526
377 494 416 558 ης
916 487 1142 542 οεινταοεε

377 655 545 738 <σίκείοις>
577 657 670 720 παισὶ
704 647 765 731 τὰς
794 655 941 739 μητέρας
971 654 1053 737 μηδὲ
1084 644 1151 719 ύπὸ
1183 654 1256 718 τῶν
1281 653 1443 734 πατέρων
1465 644 1526 728 τὰς
1550 647 1681 716 ἑαυτῶν
1698 659 1875 728 Ρίι.179,;]

376 755 573 836 θυγατέρας.
620 757 676 819 καί
707 757 741 819 τί
769 777 810 836 με
840 755 892 819 δεῖ
920 744 1159 837 ἐπιλεγόμενον
1189 743 1257 817 άπὸ
1290 753 1363 816 τῶν
1388 751 1680 834 πραγματευσαμέ-

378 877 451 919 νων
472 855 548 937 περὶ
570 857 644 920 τῶν
665 853 702 920 έν
725 868 798 930 τοῖς
820 845 998 935 διαφόροις
1025 851 1159 918 ἔθνεσι
1185 848 1321 936 νόμων
1343 863 1583 933 προσαπορεῐν,
1605 852 1681 928 πῶς

377 943 470 1034 παρ’
494 944 679 1031 ἑκάστοις
700 943 836 1036 ὀρθῶς
858 944 1124 1035 πράττονται,
1151 947 1270 1028 καθώς
1298 963 1379 1026 τοῖς
1401 940 1598 1026 ἐπόπταις
1620 951 1681 1030 φί·

344 1057 463 1134 ὅλον,
495 1051 528 1118 οί
557 1046 688 1134 νόμοι;
719 1053 843 1136 λεγέτω
872 1043 906 1115 δ’
929 1042 1007 1135 ἡμῖν
1029 1041 1048 1118 ά
1072 1052 1214 1129 Κέλσος,
1236 1052 1312 1127 πῶς
1333 1040 1402 1132 σύγ
1425 1037 1537 1116 όσιον
1558 1071 1680 1132 παρα·

377 1144 490 1218 λύειν
520 1145 670 1235 νόμους
701 1153 896 1235 πατρίους
917 1151 992 1233 περὶ
1015 1151 1078 1216 τού
1101 1162 1217 1233 γαμεῖν
1237 1149 1384 1233 μητέρας
1404 1149 1460 1212 καὶ
1481 1148 1680 1232 θυγατέρας,

376 1239 396 1332 ἢ
426 1251 503 1334 περὶ
537 1251 601 1317 τού
631 1242 798 1333 μακάριον
829 1247 913 1316 είναι
943 1240 1069 1332 ἀγχόνη
1100 1241 1162 1314 τὸν
1192 1251 1267 1327 βίον
1299 1248 1463 1328 ἐξελθεῖν,
1494 1237 1513 1330 ἢ
1539 1239 1681 1324 πάντως

374 1347 601 1434 καθαίρεσθαι
626 1344 708 1428 τούς
733 1344 875 1426 ἑαυτούς
900 1339 1151 1432 παραδιδόντας
1176 1349 1227 1432 τῷ
1254 1349 1334 1428 πυρί
1355 1345 1412 1410 καὶ
1433 1348 1477 1429 τῇ
1499 1340 1553 1412 διά
1574 1341 1681 1429 πυρὸς

375 1439 554 1532 ἀπαλλαγῇ
580 1451 623 1532 τῇ
649 1440 718 1514 άπὸ
741 1448 805 1513 τοῦ
826 1450 913 1530 βίου·
942 1448 1095 1524 καὶπῶς
1126 1437 1196 1530 ούχ
1226 1435 1339 1512 ὅσιον
1366 1438 1587 1528 παραλύειν
1617 1439 1681 1513 νό-

291 1555 356 1610 1291
374 1569 470 1628 μους
499 1542 581 1624 τούς
613 1539 687 1631 φέρ’
711 1547 816 1612 εἰπεῖν
835 1551 839 1626 Ι
858 1540 949 1628 παρὰ
975 1538 1115 1628 Ταύροις
1143 1548 1221 1628 περὶ
1250 1546 1314 1611 τοῦ
1340 1545 1441 1628 ἱερεῖα
1464 1540 1543 1622 τούς
1565 1545 1679 1626 ξένους

374 1637 605 1729 προσάγεσθαι
635 1649 677 1729 τῇ
698 1637 874 1729 Ἀρτέμιδι,
901 1635 1035 1730 ἢπαρά
1057 1637 1197 1724 Λιβύων
1218 1645 1285 1710 τισὶ
1307 1648 1384 1726 περὶ
1406 1645 1470 1710 τοῦ
1491 1635 1679 1710 καταθύειν

376 1738 418 1809 τά
446 1744 548 1808 τέκνα
576 1745 627 1828 τῷ
651 1737 783 1830 Κρόνῳ.
826 1738 917 1829 πλὴν
938 1737 1124 1811 άκολουθεῖ
1144 1745 1196 1828 τῷ
1219 1743 1338 1828 Κέλσῳ
1361 1736 1467 1827 τὸμὴ
1497 1732 1612 1809 ὅσιον
1637 1739 1679 1808 εί·

376 1865 431 1908 ναι
460 1835 666 1920 Ἰουδαίοις
695 1838 916 1924 παραλύειν
947 1838 1093 1927 νόμους
1122 1845 1318 1926 πατρίους
1344 1837 1424 1919 τούς
1450 1843 1613 1925 περὶτοῦ
1635 1836 1679 1926 μὴ

376 1943 446 2008 δεῖν
475 1932 582 2009 ἄλλον
611 1938 689 2008 τινὰ
718 1944 826 2022 σέβειν
847 1939 933 2010 θεὸν
953 1938 1044 2024 παρὰ
1066 1937 1130 2009 τὸν
1158 1945 1232 2008 τῶν
1254 1931 1348 2008 όλων
1369 1934 1583 2026 δημιουργόν.
1624 1943 1680 2005 καί

324 2053 356 2106 15
374 2037 467 2107 έσται
495 2033 570 2108 κατ’
594 2033 699 2108 αύτὸν
731 2035 773 2109 ού
801 2039 899 2124 φύσει
929 2037 970 2109 τό
1004 2033 1120 2108 ὅσιον
1150 2033 1236 2108 άλλά
1268 2064 1335 2106 τινι
1361 2041 1454 2106 θέσει
1475 2043 1531 2106 καὶ
1554 2043 1679 2124 νομίσει

374 2147 484 2207 θεῖον·
507 2131 621 2208 όσισν
642 2135 704 2226 γάρ
722 2137 813 2226 παρὰ
831 2143 942 2208 τοῖσδε
960 2140 1021 2225 μέν
1042 2141 1173 2220 σέβειν
1193 2133 1459 2223 κροκόδειλον
1480 2140 1535 2204 καί
1553 2139 1680 2206 ἐσθίειν

375 2241 448 2305 τῶν
475 2233 555 2322 παρ’
578 2231 694 2316 ἄλλοις
723 2264 756 2305 τι
782 2242 1100 2324 προσκυνουμένων,
1122 2241 1177 2304 καί
1201 2228 1313 2305 όσιον
1335 2236 1462 2323 ἑτέροις
1483 2233 1525 2306 τό
1548 2241 1679 2318 σέβειν

375 2333 438 2404 τόν
465 2332 602 2422 μόσχον,
630 2340 685 2404 καί
706 2331 785 2422 παρ’
805 2343 809 2422 Ι
834 2331 950 2416 ἄλλοις
972 2334 1036 2406 τόν
1059 2331 1186 2423 τράγον
1207 2341 1354 2422 νομίζειν
1376 2335 1469 2405 θεόν.
1512 2327 1627 2416 ούτως
1649 2329 1678 2402 δ
1695 2341 1746 2396 598

376 2435 469 2504 έσται
497 2429 550 2522 <ύ>
579 2430 683 2516 αὐτὸς
718 2428 806 2506 ύσια
840 2441 901 2522 μὲν
928 2441 1042 2504 ποιῶν
1070 2431 1117 2516 οδς
1146 2434 1232 2521 πρὸς
1259 2431 1382 2504 τούσδε
1409 2435 1491 2516 τούς
1518 2433 1677 2521 νόμους,

323 2547 358 2602 20
375 2527 494 2602 άνόσια
517 2539 552 2603 δὲ
574 2529 622 2616 τός
643 2532 730 2622 πρὸς
751 2533 899 2622 ἑτέρους·
929 2525 1012 2620 ὅπερ
1035 2537 1104 2603 ἐστὶ
1126 2528 1272 2604 πάντων
1293 2529 1533 2604 ἀτοπώτατον.

457 2635 602 2703 XXVIII.
636 2627 722 2702 'Au'
745 2631 832 2715 εἰκὸς
864 2626 918 2704 ὅτι
948 2629 1092 2721 φήσουσι
1120 2631 1206 2720 πρδς
1235 2639 1345 2703 ταῦτα
1375 2627 1487 2704 ὅσιον
1508 2633 1593 2702 εἶναι
1615 2628 1679 2703 τόν

375 2730 424 2798 τὰ
452 2727 602 2819 πάτρια
632 2728 895 2816 φυλάττοντα
926 2735 983 2800 καὶ
1007 2736 1167 2820 μηδαμῶς
1192 2729 1341 2816 ἀνόσιον,
1364 2736 1436 2802 ἐπεὶ
1457 2731 1502 2821 μὴ
1525 2737 1611 2818 (καὶ)
1635 2728 1678 2801 τὰ

460 2900 499 2955 10
518 2899 580 2968 Vgl.
600 2900 723 2955 Herodot
740 2901 778 2954 IV
797 2901 853 2955 103.
883 2900 989 2966 Strabo,
1009 2901 1106 2969 Geogr.
1125 2899 1176 2954 VII
1192 2904 1217 2968 4,
1236 2902 1252 2955 2
1270 2920 1294 2972 p.
1307 2902 1365 2956 308.
1384 2931 1417 2940 -
1436 2901 1473 2957 11
1498 2899 1559 2970 Vgl.
1576 2899 1680 2954 Diodor

374 2983 438 3036 IIIII
455 2983 497 3046 86,
515 2985 538 3037 3.
564 2983 612 3037 XX
631 2987 673 3050 14,
690 2987 714 3039 4.
733 3016 765 3026 —
789 2985 827 3041 16
846 2983 908 3054 Vgl.
920 2985 1045 3040 Ηοεοδοί
1061 2985 1086 3039 II
1104 2987 1180 3041 6911.
1199 2989 1285 3040 unten
1303 2986 1327 3039 V
1345 2987 1378 3040 34
1396 2985 1484 3041 Mitte.
1503 3015 1535 3024 -
1560 2984 1596 3040 17
1617 2983 1679 3053 vgl.

374 3067 596 3123 Herodot1138.
621 3069 661 3122 III
679 3070 720 3124 28.
738 3099 771 3108 —
790 3067 829 3124 18
848 3067 911 3139 vgl.
929 3069 1052 3124 Herodot
1069 3071 1094 3123 II
1112 3073 1153 3125 46.

460 3201 476 3257 1
501 3199 646 3270 (οἰκείοις)
676 3218 724 3254 aus
753 3202 780 3254 Φ
805 3201 858 3256 mit
883 3201 952 3257 Rob.
978 3203 1127 3273 eingeftlgt,
1155 3205 1210 3273 vgl.
1238 3204 1345 3258 moine
1372 3201 1678 3270 „Textfiberlieferung“

373 3285 398 3340 S.
415 3286 464 3340 138
480 3285 527 3339 Nr.
545 3288 561 3340 5
585 3287 589 3353 Ι
612 3278 710 3354 ὲμὴδὲ
728 3276 783 3340 ύπδ
802 3290 861 3341 τῶν
879 3285 1015 3359 πατέρων
1031 3281 1081 3352 τάς
1099 3285 1209 3343 ἑαυτῶν
1226 3288 1388 3358 θυγατέρας
1405 3305 1451 3341 am
1463 3285 1544 3340 Rand
1560 3285 1678 3354 nachge·

373 3373 469 3438 tragen
481 3371 520 3422 A²
534 3371 538 3436 Ι
553 3369 570 3423 4
582 3364 721 3433 ἐπόπταις
733 3387 780 3423 aus
794 3366 933 3440 έφόπταις
944 3388 1011 3425 corr.
1023 3373 1047 3423 A
1063 3373 1067 3432 Ι
1083 3373 1168 3434 φίλον
1181 3371 1355 3439 Φῦείέίοο,
1368 3372 1423 3440 vgl.
1434 3371 1505 3425 oben
1517 3371 1542 3424 V
1554 3372 1595 3434 25,
1609 3371 1634 3424 S.
1646 3371 1679 3425 26

374 3454 400 3507 Z.
419 3455 464 3516 12;
491 3455 619 3522 δῆλονΑ
643 3455 647 3522 Ι
672 3454 690 3510 5
718 3449 754 3523 δ’]
778 3452 807 3510 δὲ
826 3454 933 3509 CDEH
952 3449 983 3524 δι]
1002 3472 1049 3508 ονε
1069 3453 1099 3509 δὲ
1117 3455 1149 3524 [1]
1169 3457 1276 3509 eorr.B
1300 3459 1304 3523 Ι
1329 3457 1347 3511 θ
1375 3457 1425 3510 καὶ
1447 3453 1612 3525 θυγατέρας
1633 3471 1678 3507 σαι

373 3537 453 3590 Rand
480 3538 683 3606 naohgetragen
700 3539 740 3591 A²
763 3542 767 3607 Ι
791 3540 805 3594 I
828 3533 942 3608 α’γχώνη
959 3539 1043 3593 ΡείΒ
1067 3541 1071 3607 Ι
1096 3540 1132 3594 11
1158 3556 1207 3593 vor
1229 3534 1245 3610 ἢ
1269 3541 1313 3595 ein
1331 3541 1441 3595 Buchsn
1460 3538 1612 3593 austadiert
1629 3540 1676 3605 ΑΙ

374 3615 488 3690 λῖβύων]
506 3627 518 3676 ῖ
533 3621 562 3674 in
580 3621 721 3675 Conectur
738 3626 763 3676 A
778 3623 782 3691 Ι
799 3623 836 3678 18
854 3617 997 3688 Ἰουδαίοις
1014 3632 1047 3682 <
1065 3623 1227 3686 ΒῙΟΒΕΗ,
1250 3625 1304 3693 vgl.
1322 3624 1429 3679 meino
1447 3622 1677 3690 „TextiiberIIese-

373 3708 462 3774 rung“
480 3705 505 3760 S.
524 3706 575 3760 142
592 3705 637 3760 Nr.
657 3708 688 3760 17
704 3709 708 3776 Ι
725 3707 763 3763 16
781 3707 873 3777 θεῖον]
891 3708 1061 3777 fibergeschr.
1079 3714 1115 3763 A¹
1136 3716 1199 3765 στεῖ
1214 3709 1248 3779 [1]
1266 3709 1318 3764 Pat
1330 3709 1397 3768 <B
1412 3711 1417 3776 Ι
1431 3725 1480 3761 vor
1502 3699 1558 3778 γάρ
1571 3710 1605 3772 -Ι-
1617 3704 1679 3774 μἐν,

374 3789 445 3842 doch
463 3789 631 3860 expungiert,
650 3791 673 3844 A
698 3794 702 3859 Ι
725 3789 779 3859 μὲν
795 3792 966 3861 Abergeschr.
985 3797 1022 3847 A¹
1046 3795 1050 3862 Ι
1069 3790 1251 3864 κροκδδηλον
1268 3795 1322 3848 Ρεί
1340 3795 1345 3861 Ι
1362 3793 1397 3850 11
1418 3795 1475 3847 τῶν
1492 3785 1561 3863 παρ’
1579 3783 1679 3856 ἄλλοις

373 3891 399 3928 τι
421 3873 506 3927 ΦΗὸ.
516 3874 559 3944 Sp.
569 3873 639 3928 Rob.
656 3879 715 3930 τῶν
735 3869 804 3948 παρ’
823 3870 921 3942 ἄλλοις
942 3878 970 3932 τί
991 3881 1015 3932 Α
1036 3883 1141 3933 τιτῶν
1163 3873 1233 3950 παρ’
1252 3871 1351 3942 ἄλλοις
1368 3877 1426 3932 Del.
1450 3879 1454 3946 Ι
1480 3876 1517 3932 18
1545 3867 1637 3939 ούτως
1655 3877 1679 3928 Α

375 3949 451 4013 ούτω
472 3958 680 4028 ΦΑιιεςς.Ιίσί).
696 3963 701 4027 Ι
721 3955 756 4030 δ’]
775 3958 804 4015 δὲ
822 3960 962 4016 BCDIIH
982 3964 986 4031 Ι
1003 3963 1041 4018 11)
1060 3956 1106 4030 (ὃ)
1125 3979 1174 4016 aus
1194 3965 1220 4016 Φ
1237 3963 1289 4017 ωίί
1305 3963 1364 4018 Del.
1383 3979 1408 4016 u.
1426 3961 1494 4016 Καὶ).
1513 3960 1655 4028 eingefflgt
1674 3961 1676 4017 Ι

372 4042 474 4113 ποιῶν]
493 4050 586 4098 ποιεῖν
603 4043 655 4098 Ρειί
670 4047 673 4113 Ι
689 4045 727 4100 22
746 4038 783 4100 τά
797 4047 841 4116 (1)]
859 4056 892 4106 <
908 4047 1001 4101 ΡοίΒὶ
1018 4047 1192 4116 Abergeschr.
1210 4048 1247 4101 Β2
1261 4047 1265 4114 Ι
1281 4041 1472 4116 φυλάττοντα]
1491 4039 1679 4113 φυλάσσοντα

373 4126 511 4181 BODEH
526 4130 531 4197 Ι
546 4123 667 4184 ἀνόσιον
683 4147 732 4184 aus
751 4120 836 4186 ύσιον
852 4147 919 4185 corr.
932 4133 968 4185 A¹
984 4135 988 4200 Ι
1004 4127 1065 4186 ἐπεὶ
1081 4127 1122 4200 μὴ
1135 4133 1210 4200 (καί)
1227 4129 1263 4187 τδι
1282 4127 1389 4201 ἑτέρων
1407 4124 1442 4185 ού
1458 4137 1542 4202 τηρεῖ
1557 4128 1680 4182 schreibe

372 4211 417 4264 ich
443 4213 515 4266 nach
540 4212 722 4277 ΡαίΟΒΕΗ,
750 4210 811 4270 ἐπεί
836 4209 875 4285 μὴ
901 4210 937 4271 τά
964 4211 1073 4286 ἑτέρων
1095 4208 1129 4270 ού
1150 4223 1234 4286 τηρεῖ
1248 4215 1406 4285 ΑΒΗὸ.8ρ.
1429 4210 1490 4270 έπεί
1507 4211 1561 4282 μὲν
1579 4216 1627 4268 καί
1646 4230 1681 4266 τα

373 4291 481 4367 ἑτέρων
508 4289 543 4372 ού
568 4305 652 4370 τηρεῖ
673 4297 732 4352 Del.
760 4295 821 4354 ἐπεὶ
841 4293 881 4370 μὴ
898 4301 949 4355 καὶ
966 4293 1001 4355 τά
1021 4295 1129 4369 ἑτέρων
1146 4294 1200 4370 [ού]
1218 4307 1301 4372 τηρεῖ
1317 4299 1384 4354 Rob.
1403 4299 1440 4353 im
1458 4299 1534 4362 Text,
1553 4299 1624 4352 dazu
1642 4297 1680 4352 im

373 4383 442 4450 App.
465 4381 552 4446 „forte
570 4382 717 4452 legendum
734 4378 842 4453 ἐπειδὴ,
865 4384 909 4438 τοί
928 4388 1092 4454 συντηρεῖ“;
1120 4385 1187 4440 aber
1209 4393 1360 4456 συντηρεῖν
1381 4384 1466 4438 findet
1483 4383 1541 4438 sich
1559 4386 1635 4438 sonet
1652 4383 1681 4436 in

373 4464 421 4520 der
439 4465 541 4521 Schrist
557 4483 645 4536 gagen
663 4466 757 4522 Celsus
779 4467 867 4532 nicht,
890 4469 960 4522 auch
977 4468 1105 4522 stimmen
1122 4470 1146 4522 A
1164 4487 1189 4523 u.
1210 4469 1237 4522 Φ
1253 4469 1281 4522 in
1300 4470 1348 4524 der
1365 4469 1541 4538 Hauptsaohe
1559 4467 1680 4532 tiberem,

373 4551 482 4606 endlieh
499 4551 595 4607 wflrde
612 4553 698 4606 durch
711 4553 864 4607 Robiusons
877 4553 1019 4608 Oorroetur
1032 4553 1075 4608 die
1088 4571 1124 4608 an
1136 4555 1189 4608 den
1203 4555 1330 4622 Gegnern
1342 4556 1456 4622 gertigte
1473 4547 1584 4623 ταραχή
1603 4553 1638 4621 IS.
1648 4553 1681 4608 29

374 4635 399 4687 Ζ.
417 4637 443 4704 5)
463 4637 636 4707 αυίςείεοίισσ
653 4637 771 4692 werden.
