3780 5532
359 467 421 530 236
903 461 1125 515 ΩΡΙΓΕΝΟΥΣ

361 640 443 708 τοῖς,
468 617 510 693 δυ’
530 617 644 705 οὕτως
666 618 837 713 ὀνομάσω,
859 620 1067 714 συμμόρφοις
1090 619 1245 710 ἐφιζάνει.
1288 625 1344 690 καί
1367 616 1511 689 τοιαῦτά
1534 645 1569 706 γε
1591 626 1664 701 βου-

361 722 502 810 λόμενος
533 729 744 812 παραστῆσαι
777 719 796 796 δ
822 729 887 794 τοῦ
913 729 998 794 θεοῦ
1026 724 1127 811 λόγος
1153 717 1321 810 ἀνέγραψε
1347 717 1410 789 τόν
1434 724 1497 805 μὲν
1522 717 1607 788 θεὸν
1628 719 1666 788 ἐν

361 827 538 914 ἐπαγγελίᾳ
568 841 641 904 τοῖς
669 829 811 906 δικαίοις
843 829 1001 911 λέγοντα·
1031 818 1218 910 ,ἐνοικῆσω
1245 824 1282 891 ἐν
1309 815 1424 901 αύτοῑς
1454 823 1510 888 καὶ
1535 821 1665 906 ἐμπερι-

361 920 503 1010 πατῆσω
533 926 569 992 ἐν
601 919 730 1006 αὐτοῖς,
762 930 818 994 καὶ
846 924 961 1012 ἐσομαι
988 918 1104 994 αύτεῦυ
1126 919 1223 1003 θεός,
1244 928 1301 991 καί
1325 915 1423 990 αύτοὶ
1446 920 1580 988 ἔσονταί
1601 944 1667 1006 μου

327 1019 473 1102 57αὸς,“
497 1020 558 1090 τὸν
589 1027 625 1091 δὲ
657 1029 806 1113 σωτῆρα·
837 1019 918 1106 ,ἐάν
948 1050 1000 1104 τις
1031 1018 1139 1107 άκούη
1169 1047 1234 1108 μου
1261 1018 1341 1102 τοῦς
1363 1017 1487 1107 λόγους
1507 1023 1563 1087 καὶ
1583 1023 1667 1104 ποιῇ

361 1116 499 1202 αύτούς,
530 1123 596 1207 ἐγω
627 1127 682 1190 καὶ
714 1115 732 1191 ό
763 1118 876 1210 πατῆρ
906 1149 972 1210 μου
1001 1117 1206 1209 ἐλευσόμεθα
1236 1118 1324 1208 πρὸς
1349 1113 1456 1189 αὐτὸν
1482 1122 1538 1186 καὶ
1559 1115 1668 1204 μονὴν

360 1215 440 1306 παρ’
463 1214 557 1307 αύτῷ
579 1218 822 1310 ποιησόμεθα.“

444 1325 690 1404 συνεξεταζέτω
719 1311 782 1390 οῦν
804 1314 824 1390 δ
845 1320 1052 1408 βουλόμενος
1078 1318 1251 1408 βωμούς,
1274 1313 1335 1400 οῦς
1357 1312 1572 1404 διηγησάμην,
1593 1323 1665 1399 βω·

360 1435 450 1506 μοῑς
477 1416 527 1500 οἷς
550 1423 678 1501 Κέλσος
704 1423 804 1505 λέγει,
831 1425 887 1489 καί
913 1414 1121 1508 άγάλματα
1145 1422 1184 1488 ἐν
1205 1425 1248 1505 τῆ
1270 1422 1344 1488 τῶν
1366 1412 1600 1504 εὐσεβούντων
1621 1419 1667 1496 είς

311 1535 345 1590 10
362 1516 425 1588 τὸν
455 1524 530 1588 τῶν
560 1509 654 1588 ῦλων
685 1516 770 1589 θεόν
795 1525 886 1606 ψυχῆ
911 1513 1106 1607 άγάλμασι
1130 1523 1264 1588 Φειδίου
1284 1521 1340 1585 καὶ
1361 1521 1591 1585 Πολυκλείτου
1611 1519 1666 1583 καί

362 1621 436 1686 τοόν
466 1623 727 1706 παραπλησίων·
755 1624 811 1688 καὶ
842 1625 960 1703 σαφῶς
991 1622 1113 1688 τίσεται
1141 1622 1250 1688 ἐκεῖνα
1279 1621 1340 1703 μὲν
1365 1619 1421 1684 καί
1449 1609 1559 1700 άφυχα
1582 1614 1667 1684 εἶναι

361 1723 417 1786 καὶ
437 1715 553 1804 χρόνῳ
576 1717 794 1806 φθειρόμενα,
818 1722 927 1786 ταῦτα
949 1723 984 1787 δὲ
1006 1721 1043 1788 ἐν
1065 1745 1107 1805 τη
1092 1711 1287 1804 άθανάτομ
1302 1719 1516 1803 με’νεινιμυχῆ
1534 1705 1604 1794 ἐς“
1586 1736 1668 1784 οσον

361 1821 472 1902 μένειν
494 1819 530 1885 ἐν
552 1812 640 1905 αύτῆ
661 1811 682 1905 ῆ
704 1815 820 1905 λογικῆ
842 1815 931 1937 ηυχῆ
953 1818 1122 1900 βούλεται.

445 1919 526 1984 XIX.
567 1919 608 1984 Κλ
630 1922 665 1986 δέ
686 1922 742 1984 καὶ
768 1915 889 1998 ναοῦς
916 1936 1028 1998 ναοῖς
1054 1921 1105 1985 δεῖ
1127 1922 1345 2004 παραβαλεῖν,
1367 1917 1422 1983 ίνα
1442 1907 1665 2000 παραστήσω-

312 2031 344 2084 15
361 2043 423 2104 μεν
454 2033 525 2097 τοῖς
555 2010 815 2104 ἀποδεχομένοις
845 2015 888 2086 τά
912 2021 1042 2086 Κέλσου
1064 2008 1119 2086 ότι
1145 2015 1244 2096 νεώς
1269 2015 1330 2099 μὲν
1352 2011 1564 2100 ἱδρύεσθαι
1585 2011 1667 2093 τοῦς

362 2121 559 2204 πρέποντας
585 2132 657 2194 τοῖς
685 2118 868 2202 εἰρημένοις
901 2111 1095 2203 ἀγάλμασι
1121 2121 1186 2184 καί
1212 2121 1360 2201 βωμοῖς
1387 2108 1428 2183 ού
1456 2111 1665 2201 φεύγομεν,

363 2211 596 2303 ἐκτρεπόμεθα
624 2220 659 2284 δέ
686 2219 737 2302 τῷ
764 2212 872 2302 πάσης
899 2219 986 2302 ζωῆς
1011 2219 1146 2302 χορηγῷ
1167 2210 1318 2302 αἰμύχους
1340 2219 1396 2283 καί
1417 2213 1557 2300 νεκροὺς
1578 2217 1667 2283 οίκο-

363 2319 478 2401 δομεῑν
500 2313 611 2394 νεοός·
641 2285 795 2384 άκούέτω
822 2307 1083 2401 όβουλόμενος,
1112 2319 1189 2384 τίνα
1211 2310 1345 2402 τρόπον
1367 2305 1632 2401 διδασκάμεθα”
1614 2339 1669 2383 οτι

364 2414 406 2484 τά
434 2439 586 2531 σωματο.
601 2408 733 2501 ῆμοῦν,
736 2411 848 2496 ,ναός
870 2417 934 2482 τοῦ
956 2418 1061 2482 θεοῦ“
1083 2417 1167 2495 ἐστι,
1189 2419 1275 2496 καί,
1278 2416 1318 2496 ,εί
1338 2421 1400 2494 τις
1402 2409 1488 2482 διὰ
1510 2417 1571 2500 τῆς
1592 2407 1669 2481 άκο-

312 2527 346 2580 20
364 2521 480 2596 λασίας
501 2507 522 2600 ἢ
545 2517 606 2600 τῆς
628 2507 825 2600 άμαρτίας,
827 2518 1022 2599 ,φθείρειᾍ
1024 2511 1098 2596 ,τὸν
1128 2511 1226 2582 ναὸν
1257 2517 1321 2582 τοῦ
1351 2517 1468 2587 θεοῦέί
1491 2501 1594 2592 οῦτος
1620 2541 1669 2593 ως

364 2609 506 2701 άληθῶς
535 2607 654 2700 άσεβῆς
686 2616 732 2693 είς
758 2611 821 2683 τὸν
848 2607 961 2701 άληθῆ
988 2611 1086 2682 ναὸν
1106 2608 1326 2700 φθαρήσεται.
1369 2608 1515 2681 πάντων
1537 2616 1572 2680 δε
1593 2639 1667 2680 των

365 2705 479 2794 ούτως
509 2706 770 2798 ὀνομαζομένων
802 2719 911 2782 ναῶν
946 2717 1114 2799 κρείττων
1146 2713 1189 2797 ῆν
1217 2716 1273 2780 καί
1299 2713 1471 2798 διαφέρων
1502 2711 1599 2792 νεώς
1625 2709 1667 2780 τὸ

364 2813 457 2901 ἱερὸν
485 2817 542 2882 καὶ
570 2809 725 2897 καθαρὸν
754 2832 851 2936 σωμα
880 2815 943 2880 τοῦ
975 2815 1128 2898 σωτῆρος
1155 2804 1251 2899 ῆμοῦν
1272 2804 1391 2899 Ἰησοῦ,
1419 2802 1513 2890 όστις
1534 2805 1668 2880 ἐπιστά-

364 2938 463 3000 μενος
484 2909 762 2993 ἐπιβουλεύεσθαι
782 2914 844 2999 μὲν
865 2905 1076 2980 δύνασθαι(
1055 2909 1123 2980 υπὸ
1146 2913 1220 2980 τιῦν
1242 2903 1373 2992 άσεβων
1393 2907 1458 2980 τὸν
1485 2907 1584 2980 ναὸν
1605 2914 1668 2978 τοῦ

314 3029 347 3084 25
365 3015 402 3081 ἐν
425 3005 519 3098 αύτηῦ
538 3015 634 3094 θεοῦ,
658 3006 698 3080 ού
720 3008 787 3098 μὴν
810 3002 899 3080 οόστε
920 3013 1138 3096 ἰσχυροτέραν
1160 3008 1245 3080 είναι
1267 3005 1332 3097 τῆν
1347 3013 1421 3078 τῶν
1436 3007 1668 3095 ἐπιβουλευόν-

366 3137 439 3180 των
460 3117 656 3198 προαίρεσιν
679 3115 739 3199 τῆς
762 3110 826 3180 τὸν
847 3109 950 3178 νειῦν
973 3108 1215 3196 οίκοδομούσης
1235 3115 1239 3191 Ι
1258 3107 1454 3196 θειότητος,
1477 3115 1559 3196 φησὶ
1581 3107 1668 3195 πρὸς
1688 3125 1740 3181 767

365 3213 524 3300 ἐκείνους·
554 3209 698 3293 ,λύσατε
721 3206 783 3278 τόν
810 3205 908 3280 ναόν
931 3211 1073 3290 τοῦτον,
1099 3203 1193 3295 κάγώ
1217 3211 1254 3277 ἐν
1277 3213 1385 3296 τρισίν
1408 3203 1542 3295 ῆμέραις
1563 3210 1668 3296 ἐγερῶ

365 3305 503 3381 αύτόν.“
546 3315 653 3379 τοῦτο
676 3313 711 3377 δὲ
734 3311 843 3395 ,ἔλεγε
864 3312 941 3394 περὶ
964 3311 1027 3376 τοῦ
1048 3313 1146 3377 ναοῦ
1169 3312 1232 3377 τοῦ
1255 3307 1412 3394 σώματος
1434 3303 1572 3377 αύτοῦ.“

447 3414 502 3480 καί
529 3405 641 3490 άλλως
666 3411 703 3476 δὲ
730 3410 761 3478 οί
788 3419 877 3478 θεῖοι
904 3403 1000 3494 λόγοι
1026 3404 1069 3476 τά
1095 3413 1172 3494 περὶ
1198 3403 1412 3488 ἀναστάσεως
1431 3411 1603 3495 μυστικάς
1624 3410 1669 3476 δι-

314 3524 349 3579 30
366 3507 548 3588 δάσκοντες
583 3506 663 3588 τοῦς
698 3511 904 3594 δυναμένους
939 3499 1077 3576 ἀκούειν
1111 3511 1268 3597 θειοτέρα
1303 3503 1391 3594 οίκοῆ
1426 3503 1541 3594 λόγων
1573 3507 1669 3588 θεοῦ,

365 3602 742 3696 άνοικοδομηθῆσεσθαί
764 3609 877 3693 (φασι)
900 3611 1012 3687 λίθοις
1040 3610 1122 3690 ζῶσι
1143 3613 1199 3675 καὶ
1221 3605 1450 3694 τιμιωτάτοις·
1481 3603 1669 3692 αἰνιττόμε-

449 3794 468 3848 6
490 3791 639 3855 11K0r.6‚
658 3795 690 3847 16
713 3791 786 3860 (Lev.
805 3792 850 3854 26,
869 3794 909 3845 11.
929 3791 979 3858 12).
1001 3821 1035 3830 -
1057 3791 1076 3848 5
1099 3791 1279 3860 vgl.1{atth.
1298 3791 1469 3861 12411111.
1487 3794 1510 3856 6,
1529 3793 1581 3860 47).
1607 3789 1669 3845 ίοίε

364 3879 405 3940 14,
424 3877 464 3931 23.
482 3905 515 3914 -
539 3875 577 3930 19
599 3875 816 3946 ιριιιιοιει,
836 3877 926 3930 1617
949 3877 1052 3945 (619).
1080 3903 1114 3914 -
1140 3876 1178 3931 27
1207 3875 1268 3930 Joh.
1286 3878 1315 3943 2,
1335 3879 1374 3932 19.
1393 3905 1425 3914 —-
1445 3875 1484 3931 28
1502 3875 1564 3930 Joh.
1582 3877 1610 3940 2,
1628 3877 1669 3930 21.

365 3991 398 4000 -
424 3959 747 4030 31v31.11²etr.2,5.
775 3960 911 4025 IKor.3,
931 3961 970 4015 12.
992 3959 1091 4031 Ephes.
1109 3961 1133 4024 2,
1151 3962 1193 4016 20.
1211 3962 1252 4014 22.

449 4111 549 4179 4μου]
568 4129 585 4165 ν
601 4109 630 4163 in
643 4109 786 4164 eorreetur
802 4114 840 4165 Α1
854 4109 859 4177 Ι
875 4110 893 4166 5
911 4111 991 4180 ποιῇ]
1010 4117 1026 4180 ῆ
1043 4111 1072 4163 in
1086 4109 1228 4165 Correetur
1239 4112 1264 4164 A
1278 4109 1314 4178 18
1332 4098 1420 4166 οόνΑ
1432 4115 1504 4181 γοῦν
1515 4111 1667 4181 MAusgg.1

365 4196 385 4250 θ
403 4213 452 4249 vor
470 4193 583 4258 Κέλσος
599 4201 631 4258 -1-
650 4189 666 4249 δ
684 4194 819 4263 MAusgg.
836 4196 840 4263 Ι
857 4195 895 4250 16
914 4188 994 4265 αύτῆ]
1014 4188 1084 4264 αῦτῆ
1102 4195 1165 4249 lieet
1182 4195 1230 4249 Bo.
1248 4195 1346 4262 (Νοίεε
1358 4215 1382 4266 p.
1395 4197 1455 4263 405)
1472 4198 1475 4263 Ι
1490 4196 1528 4251 21
1545 4192 1668 4267 άληθῶς]

365 4272 475 4349 α’ληθῆς
492 4281 588 4348 6123
605 4279 697 4334 hinter
713 4273 803 4347 Ἰησοῦ
820 4287 853 4344 ÷
871 4281 1003 4349 Χριοτοῦ
1019 4279 1106 4334 PDel.
1122 4280 1180 4346 124
1196 4273 1249 4334 τόν
1265 4275 1346 4348 ναὸν]
1366 4278 1433 4348 (είς)
1452 4276 1504 4335 τδν
1521 4273 1594 4336 ναόν
1611 4299 1668 4336 ver·

365 4367 454 4418 mutet
464 4364 524 4418 Del.
543 4365 756 4432 (Ι766ι1οοι.ε)
775 4365 846 4418 ohne
859 4365 953 4417 Grund
969 4365 1026 4433 126
1044 4353 1092 4428 θῦ,
1109 4369 1128 4420 ῦ
1146 4365 1196 4418 auf
1205 4365 1301 4427 Rasur,
1319 4368 1363 4432 ΑΙ
1378 4366 1419 4420 2θ
1437 4365 1523 4435 θεῖοι]
1542 4365 1670 4421 θοίιίοεει

364 4447 394 4501 in
413 4445 597 4502 ΟοιιεοίιιιΑ
621 4451 626 4516 1
650 4449 687 4504 61
708 4446 808 4518 (φασι)
828 4449 892 4517 stige
910 4449 954 4501 ich
972 4449 1023 4503 mit
1039 4450 1082 4502 11²
1100 4457 1154 4518 (am
1172 4448 1261 4518 Rand)
1278 4467 1304 4504 u.
1323 4449 1392 4514 Del„
1410 4450 1476 4503 aber
1494 4467 1551 4504 vor
1567 4452 1670 4518 λίθοις,

364 4533 444 4587 nicht
464 4533 517 4586 wie
539 4532 613 4588 δίεεε
634 4534 719 4587 nach
742 4535 835 4597 λίθοις
852 4533 909 4596 eim
933 4532 1076 4605 (λέγουσι)
1095 4533 1154 4588 will
1172 4534 1262 4587 hinter
1279 4535 1374 4600 λίθοις
1392 4535 1439 4588 Bo.
1459 4533 1557 4602 (Notae
1570 4554 1596 4607 p.
1609 4538 1670 4605 105)

366 4615 503 4684 einsiigen.
