3780 5538
335 380 395 444 328
870 373 1092 428 αειοααουε

333 541 614 624 κεκρατημένους·
642 540 802 619 ,κατέπιε
823 533 885 624 γὰρ
908 529 928 606 δ
950 530 1103 616 θάνατος
1124 532 1270 622 ίσχῦσας,
1300 540 1355 604 καί
1376 530 1481 604 πάλιν
1502 529 1639 620 ἀφεῖλεν

337 629 357 706 δ
379 633 460 718 θεὸς
479 641 550 706 πᾶν
571 630 719 723 δάκρυον
740 630 809 706 ἀπὸ
830 633 961 717 παντὸς
983 633 1196 722 προσῶπου.“

419 747 446 805 4.
482 740 590 807 ταῦτα
616 740 653 804 δέ
677 762 733 823 μοι
760 729 1011 822 ἀναγκαιότατα
1036 730 1120 818 μετὰ
1147 730 1210 803 τὸν
1236 729 1429 821 κατάλογον
1456 739 1530 803 τῶν
1552 729 1638 820 ῶφε·

338 840 519 922 ληθέντων
546 831 601 904 διὰ
627 839 814 923 προσευχῆς
844 838 998 922 εἰρῆσθαι
1025 839 1166 918 νομίζω,
1194 827 1426 916 ἀποτρέποντι
1452 830 1516 921 τὴν
1541 860 1639 903 πνευ-

302 933 480 1024 σματικὴν
509 940 565 1005 καὶ
598 931 662 1022 τὴν
693 937 730 1004 ἐν
757 939 895 1022 Χριστῷ
928 930 1020 1021 ζωὴν
1050 927 1297 1014 ποθοῦντας’
1276 928 1344 1002 απὸ
1372 937 1435 1002 τοῦ
1463 938 1539 1019 περὶ
1566 939 1639 1004 τῶν

335 1041 468 1122 μικρῶν
496 1039 552 1105 καί
582 1038 741 1122 ἐπιγείων
772 1028 928 1120 εὔχεσθαι
960 1037 1015 1102 καὶ
1046 1038 1301 1119 παρακαλοῦντι
1331 1035 1386 1101 ἐπί
1418 1029 1460 1101 τὰ
1485 1029 1637 1118 μυστικὰ

337 1123 389 1204 ῶν
410 1130 513 1203 τῦποι
535 1123 621 1221 ἦσαν
643 1131 686 1202 τὰ
707 1137 933 1220 προειρημένα
953 1158 1020 1219 μοι,
1043 1129 1123 1213 τοῦς
1145 1127 1349 1218 ἐντυχόντας
1365 1135 1503 1218 τῇδε
1460 1152 1502 1218 τη
1512 1137 1639 1254 γραφῇ.

335 1237 427 1304 πᾶσα
461 1230 524 1321 γὰρ
559 1229 580 1321 ἡ
613 1238 691 1320 περὶ
725 1239 798 1302 τῶν
831 1235 1171 1320 προπαρατεθέντων
1206 1225 1283 1318 ἡμῖν
1312 1237 1552 1318 πνευματικῶν
1583 1236 1638 1300 καὶ

335 1337 509 1417 μυστικῶν
539 1328 617 1420 εῦχὴ
647 1327 697 1404 ἀεὶ
727 1326 796 1402 ἀπὸ
824 1336 886 1401 τοῦ
912 1329 957 1418 μὴ
979 1327 1086 1412 ,κατὰ
1108 1325 1232 1415 σάρκα“
1255 1334 1524 1416 στρατευομένου
1553 1324 1638 1400 ἀλλὰ

286 1448 319 1504 10
336 1428 522 1520 ,πνεύματι
562 1430 625 1514 τὰς
663 1427 799 1518 πράξεις
840 1435 903 1501 τοῦ
939 1428 1119 1516 οῶματος“
1150 1433 1391 1510 θανατοῦντος
1426 1429 1637 1510 ἐπιτελεῖται,

336 1536 617 1618 προκρινομένων
643 1535 718 1602 τῶν
744 1525 812 1601 ἀπὸ
844 1535 904 1617 τῆς
929 1524 1105 1617 ἀναγωγῆς
1135 1522 1206 1616 μετ’
1229 1522 1411 1611 ἐξετάσεως
1438 1531 1638 1616 παρισταμέ-

336 1657 408 1700 νων
440 1635 500 1718 τῆς
531 1633 778 1717 ἐμφαινομένης
808 1626 895 1698 κατὰ
929 1626 994 1715 τὴν
1027 1632 1117 1711 λέξιν
1149 1631 1321 1714 γεγονέναι
1355 1644 1428 1708 τοῖς
1457 1636 1637 1715 προσευξα-

335 1733 448 1816 μένοις
475 1725 668 1817 εὐεργεσίας.
710 1733 765 1797 καὶ
791 1730 829 1796 ἐν
856 1723 933 1815 ἡμῖν
959 1723 1021 1814 γὰρ
1044 1722 1211 1813 ἀσκητέον
1230 1723 1275 1814 μὴ
1298 1729 1491 1813 ἐγγενέσθαι
1513 1718 1638 1814 ἄγονον

336 1820 356 1916 ἢ
378 1845 524 1916 στεῖραν,
554 1823 713 1898 ἀκούουσι
743 1831 806 1897 τοῦ
833 1831 1061 1912 πνευματικοῦ
1089 1820 1195 1914 νόμον
1220 1819 1282 1894 ῶσὶ
1304 1843 1553 1912 πνευματικοῖς·
1582 1824 1638 1896 ἳνα

285 1944 318 1996 15
337 1922 580 2017 ἀποτιθέμενοι
603 1923 643 1996 τὸ
666 1926 752 1998 εἶναι
773 1919 892 2014 ἀγονοι
914 1917 934 2014 ἢ
957 1941 1085 2014 στεῖραι
1107 1929 1373 2012 ἐπακουσθῶμεν
1395 1921 1443 2005 ῶς
1459 1919 1561 1995 Ἄννα
1582 1930 1637 1994 καὶ

335 2021 486 2112 Ἑζεκίας,
508 2032 563 2096 καί
586 2029 640 2096 ἵνα
663 2021 731 2096 ἀπὸ
753 2019 1047 2108 ἐπιβουλευόντων
1069 2027 1205 2110 ἐχθρῶν
1220 2029 1300 2100 Ιτῶν
1321 2029 1559 2112 πνευματικῶν
1577 2029 1638 2112 τῆς

334 2133 501 2214 πονηρίας
522 2127 705 2214 ῥυσθῶμεν
727 2121 774 2206 ῶς
790 2129 1002 2212 Μαρδοχαῖος
1023 2128 1078 2192 καὶ
1100 2116 1219 2210 Ἐσθὴρ
1240 2127 1296 2192 καί
1317 2117 1457 2212 Ἰουδήθ.
1491 2131 1547 2193 καὶ
1569 2127 1637 2194 ἐπεὶ

269 2244 319 2297 111
335 2221 476 2312 κάμινός
501 2230 572 2296 ἐστι
599 2229 717 2312 σιδηρᾶ
744 2227 933 2310 Αἴγυπτος,
965 2220 1132 2310 σῦμβολον
1158 2217 1371 2308 τυγχάνουσα
1395 2220 1527 2305 παντὸς
1549 2231 1554 2307 Ι
1577 2227 1640 2294 τοῦ

335 2329 505 2412 περιγείου
530 2320 656 2406 τόπου,
683 2330 749 2406 πᾶς
776 2319 795 2394 ὁ
821 2323 1036 2409 έκπεφευγῶς
1063 2318 1127 2408 τὴν
1153 2327 1216 2390 τοῦ
1242 2327 1318 2402 βίον
1344 2329 1417 2392 τῶν
1438 2318 1639 2411 ἀνθρώπων

285 2443 320 2498 20
336 2430 458 2494 κακίαν
487 2430 542 2494 καί
574 2421 619 2512 μὴ
650 2427 891 2511 πεπυρωμένος
919 2417 986 2491 ῦπὸ
1017 2426 1078 2509 τῆς
1109 2415 1272 2510 ἀμαρτίας
1297 2425 1379 2509 μηδὲ
1405 2419 1454 2504 ῶς
1478 2429 1640 2506 κλίβανον

335 2518 448 2612 πλήρη
481 2520 588 2609 πυρὸς
619 2521 683 2613 τὴν
714 2528 855 2609 καρδίαν
882 2521 1029 2610 ἐσχηκῶς
1060 2519 1104 2608 μὴ
1132 2523 1278 2590 ἔλαττον
1303 2517 1540 2610 εῦχαριστείτω
1567 2528 1640 2592 τῶν

336 2625 373 2691 ἐν
399 2628 478 2709 πυρί
506 2618 672 2712 ,,δρόσου“
699 2627 963 2711 πεπειραμένων.
1007 2616 1092 2690 ἀλλὰ
1122 2624 1177 2689 καὶ
1209 2613 1227 2689 ὁ
1255 2621 1292 2690 ἐν
1318 2626 1369 2708 τῷ
1397 2617 1558 2704 εὔξασθαι
1584 2628 1640 2690 καί

336 2726 515 2810 είρηκέναι·
545 2719 610 2810 ,μὴ
635 2727 797 2810 παραδῶς
824 2739 896 2802 τοῖς
922 2725 1056 2808 θηρίοις
1085 2715 1197 2806 ψυχὴν
1228 2723 1539 2809 ἐξομολογουμένην
1566 2729 1638 2790 σοι“

337 2824 560 2902 ἐπακουσθείς
585 2826 639 2892 καί
665 2827 770 2909 μηδὲν
796 2817 865 2894 Ιἀπὸ
893 2825 954 2909 τῆς
975 2815 1116 2900 ἀσπίδος
1137 2824 1193 2887 καὶ
1215 2824 1279 2888 τοῦ
1300 2826 1493 2902 βασιλίσκου
1512 2820 1640 2890 παθῶν

285 2939 318 2994 25
337 2926 388 3008 τῷ
424 2918 477 2990 διὰ
500 2918 652 3006 Χριστὸν
682 2917 789 2991 αὐτὸν
818 2917 935 2991 αὐτῶν
964 2923 1194 3006 ἐπιβεβηκέναι
1219 2923 1275 2987 καὶ
1301 2916 1542 3008 καταπατήσας
1569 2925 1639 3002 ,λέ-

336 3046 422 3089 οντα
443 3025 499 3088 καί
521 3015 713 3106 δράκονταί(
736 3026 779 3107 τῇ
801 3048 838 3089 τε
859 3025 946 3106 καλῇ
971 3020 1103 3108 ἐξουσίᾳ
1124 3014 1191 3088 ἀπὸ
1213 3011 1318 3106 Ἰησοῦ
1340 3023 1499 3106 δεδομένη
1520 3015 1638 3108 χρησά·

335 3145 435 3205 μενος
461 3123 545 3200 ,τοῦ
570 3137 691 3188 πατεῖν
717 3115 834 3188 ἐπάνω
862 3113 979 3204 ὄφεων
1004 3124 1060 3188 καί
1087 3123 1261 3205 σκορπίων
1286 3123 1342 3186 καὶ
1364 3121 1418 3188 ἐπί
1441 3123 1554 3190 πᾶσαν
1576 3117 1639 3207 τὴν

336 3215 478 3306 δύναμιν
500 3224 563 3288 τοῦ
585 3222 728 3306 ἐχθροῦ(
743 3224 798 3287 καὶ
820 3223 925 3307 μηδὲν
945 3213 1012 3288 ῦπὸ
1035 3223 1109 3288 τῶν
1131 3213 1309 3286 τοσούτων
1331 3213 1503 3304 ἀδικηθείς
1520 3227 1639 3289 πλεῖον

335 3323 400 3388 τοῦ
423 3317 548 3407 Δανιὴλ
571 3313 856 3406 εὐχαριστησάτω,
884 3309 944 3388 ῦτε
971 3311 1038 3386 ἀπὸ
1061 3321 1310 3405 φοβερωτέραν
1331 3324 1387 3386 καὶ
1410 3320 1639 3404 ἐπιβλαβεστέ-

423 3504 439 3558 1
460 3503 512 3558 ίεε.
531 3505 572 3567 25,
590 3505 614 3559 8.
634 3533 666 3542 -
684 3503 704 3558 4
723 3501 875 3572 113111οα.
893 3505 919 3569 8,
936 3504 960 3557 2.
978 3532 1011 3542 -
1030 3502 1048 3557 5
1067 3501 1131 3568 vgl.
1150 3501 1299 3571 ουεαθεφ.
1313 3501 1374 3568 112,
1393 3503 1418 3557 S.
1431 3504 1481 3560 299
1494 3503 1520 3556 Ζ.
1533 3505 1566 3558 19
1575 3503 1594 3556 f.
1607 3533 1638 3542 -

335 3587 354 3641 θ
372 3585 435 3655 Vgl.
453 3587 479 3640 Π
498 3588 561 3644 Hor.
575 3589 614 3652 10,
628 3588 652 3641 3.
670 3617 703 3626 -
722 3589 760 3643 10
777 3587 840 3656 vgl.
856 3587 934 3642 1111111.
946 3587 970 3646 8,
984 3587 1024 3642 13.
1042 3615 1075 3625 -
1094 3586 1132 3640 111
1150 3584 1444 3657 Vgl.[1)eut.7,14u.]
1463 3587 1534 3642 oben
1551 3587 1577 3642 S.
1589 3589 1639 3642 326

335 3671 362 3726 Ζ.
372 3674 404 3725 14
411 3673 438 3724 ff.
452 3702 484 3710 -
498 3673 536 3728 18
550 3672 612 3741 Vgl.
624 3672 704 3726 Dent.
713 3676 738 3735 4,
748 3673 789 3727 20.
806 3671 955 3736 Jerem.11,
968 3675 985 3724 4
998 3688 1023 3724 u.
1035 3669 1174 3738 Origenes,
1187 3670 1218 3722 In
1231 3669 1329 3724 Jerem.
1339 3671 1411 3726 hom.
1424 3673 1462 3726 IX
1474 3673 1490 3728 2
1502 3675 1578 3742 (tom.
1587 3671 1636 3726 XV

336 3757 683 3826 p.2070d.110mm.).-
707 3756 745 3811 21
768 3755 829 3824 vgl.
847 3755 915 3808 Dan.
934 3771 985 3810 sec.
1004 3755 1075 3808 LXX
1093 3756 1117 3818 3,
1136 3753 1206 3809 5011.
1225 3785 1256 3793 -
1276 3755 1316 3810 28
1339 3755 1638 3820 Psal.73‚19.-24

336 3842 397 3911 Vgl.
417 3841 487 3896 Psal.
506 3843 547 3908 90,
566 3843 606 3896 13.
625 3872 658 3881 -
677 3841 716 3897 26
735 3839 797 3910 Vgl.
817 3841 885 3894 Luk.
903 3843 943 3904 10,
963 3841 1002 3894 19.
1021 3871 1054 3878 -
1072 3839 1112 3895 29
1131 3839 1193 3908 vgl.
1212 3839 1284 3894 oben
1302 3839 1327 3893 S.
1345 3843 1395 3898 326
1413 3841 1439 3896 Ζ.
1457 3842 1565 3898 26-28.

422 4009 493 4064 1-2
517 4027 561 4063 am
579 4009 657 4064 Hand
678 4012 715 4077 σῇ
733 4009 824 4063 vonl.
837 4007 869 4061 H
887 4007 934 4074 ΤΙ
956 4000 1017 4062 8²
999 4001 1214 4077 αναγκαιότατα
1237 4003 1359 4062 Lond.’
1340 4003 1572 4078 αναγκαιδτατον
1589 4007 1637 4063 Ox

336 4105 594 4182 Ιῖε1.,ἀναγκαιο
581 4095 668 4181 [ιο]
690 4111 712 4164 Τ
728 4111 764 4178 14
781 4103 976 4177 ἀποτρέποντι
994 4108 1078 4163 Lond.
1085 4107 1144 4164 Del
1163 4103 1377 4177 ἀποτρέπονται
1394 4109 1474 4164 TOx.
1490 4111 1549 4178 111
1567 4128 1637 4181 προ-

336 4193 515 4266 κρινομίνων
531 4195 574 4250 bis
591 4192 823 4268 παρισταμένων]
846 4194 1043 4267 προκρίνομεν
1069 4181 1120 4248 οῦν
1145 4187 1199 4248 τὸν
1226 4185 1283 4248 ἀπὸ
1312 4199 1362 4262 τῆς
1391 4186 1542 4264 ἀναγωγῆς
1566 4188 1639 4262 μετὰ

337 4275 492 4346 ἐξετάσεως
521 4275 740 4352 παριστάμενον
767 4296 835 4332 νονν
861 4281 996 4332 εεταιυῖεί
1023 4278 1100 4332 Bent.
1123 4277 1177 4346 (bei
1200 4276 1259 4332 Del.
1283 4279 1294 4330 1
1317 4279 1368 4333 218
1385 4279 1465 4331 λεια.
1484 4279 1508 4346 ο)
1535 4296 1569 4334 τα
1594 4295 1638 4348 ge·

337 4364 461 4418 waltsam
480 4383 505 4420 u.
524 4365 664 4435 unnotigl
689 4365 729 4421 14
751 4361 842 4416 hinter
860 4368 977 4430 στεῖραν
999 4365 1140 4416 νεηαυῖεα
1164 4361 1218 4415 den
1236 4360 1344 4416 Ausfall
1363 4379 1417 4416 von
1442 4356 1535 4432 ψυχὴν
1561 4363 1637 4418 Bent.

336 4467 362 4503 α.
379 4447 439 4505 Del.
457 4451 479 4515 (l
497 4452 547 4506 218
570 4455 649 4505 Anm.
669 4450 696 4518 δ)
721 4452 726 4518 Ι
749 4441 812 4516 ω’σῖ]
839 4439 909 4500 ὡσεὶ
936 4449 1071 4500 εετωοῖεῖ
1097 4447 1174 4500 Bent.
1193 4446 1248 4514 (bei
1265 4445 1325 4504 Del.
1344 4448 1354 4499 1
1373 4448 1424 4502 218
1440 4451 1520 4502 Δααι.
1539 4447 1639 4516 ο)126

337 4531 480 4603 δεδομένη]
499 4531 630 4606 διδομένη
647 4534 704 4588 Del.
