<?xml version="1.0" encoding="UTF-8"?>
<!DOCTYPE html PUBLIC "-//W3C//DTD XHTML 1.0 Transitional//EN"
    "http://www.w3.org/TR/xhtml1/DTD/xhtml1-transitional.dtd">
<html xmlns="http://www.w3.org/1999/xhtml" xml:lang="en" lang="en">
 <head>
  <title>
</title>
<meta http-equiv="Content-Type" content="text/html;charset=utf-8" />
  <meta name='ocr-system' content='tesseract 3.04.00' />
  <meta name='ocr-capabilities' content='ocr_page ocr_carea ocr_par ocr_line ocrx_word'/>
</head>
<body>
  <div class='ocr_page' id='page_1' title='image "./diegriechischen01wissgoog/diegriechischen01wissgoog_0309.png"; bbox 0 0 3780 5532; ppageno 0'>
   <div class='ocr_carea' id='block_1_1' title="bbox 615 511 1551 580">
    <p class='ocr_par' dir='ltr' id='par_1_1' title="bbox 615 511 1551 580">
     <span class='ocr_line' id='line_1_1' title="bbox 615 511 1551 580; baseline 0.016 -15"><span class='ocrx_word' id='word_1_1' title='bbox 615 511 712 565; x_wconf 79' lang='grc' dir='ltr'><strong><em>ΚΑΤΑ</em></strong></span> <span class='ocrx_word' id='word_1_2' title='bbox 739 511 899 565; x_wconf 81' lang='grc' dir='ltr'><em>ΚΕΔΣΟΥ</em></span> <span class='ocrx_word' id='word_1_3' title='bbox 923 512 998 569; x_wconf 78' lang='lat' dir='ltr'><strong><em>vm</em></strong></span> <span class='ocrx_word' id='word_1_4' title='bbox 1023 511 1180 566; x_wconf 79' lang='lat'>18.19.20.</span> <span class='ocrx_word' id='word_1_5' title='bbox 1490 516 1551 580; x_wconf 81' lang='lat'><strong><em>237</em></strong></span> 
     </span>
    </p>
   </div>
   <div class='ocr_carea' id='block_1_2' title="bbox 170 667 1562 3944">
    <p class='ocr_par' dir='ltr' id='par_1_2' title="bbox 219 667 1555 1261">
     <span class='ocr_line' id='line_1_2' title="bbox 253 667 1555 762; baseline -0.002 -18"><span class='ocrx_word' id='word_1_6' title='bbox 253 702 305 744; x_wconf 94' lang='grc' dir='ltr'><strong><em>νοι</em></strong></span> <span class='ocrx_word' id='word_1_7' title='bbox 335 667 390 746; x_wconf 76' lang='grc' dir='ltr'><strong><em>ὅτι</em></strong></span> <span class='ocrx_word' id='word_1_8' title='bbox 421 675 560 755; x_wconf 74' lang='grc' dir='ltr'><strong><em>ἕκαστος</em></strong></span> <span class='ocrx_word' id='word_1_9' title='bbox 591 679 664 744; x_wconf 87' lang='grc' dir='ltr'><strong><em>τῶν</em></strong></span> <span class='ocrx_word' id='word_1_10' title='bbox 695 671 939 762; x_wconf 87' lang='grc' dir='ltr'><strong><em>συμπνεὸντων</em></strong></span> <span class='ocrx_word' id='word_1_11' title='bbox 969 673 1022 744; x_wconf 82' lang='grc' dir='ltr'><strong><em>διὰ</em></strong></span> <span class='ocrx_word' id='word_1_12' title='bbox 1053 679 1117 744; x_wconf 87' lang='grc' dir='ltr'><strong><em>τοῦ</em></strong></span> <span class='ocrx_word' id='word_1_13' title='bbox 1148 668 1256 742; x_wconf 90' lang='grc' dir='ltr'><strong><em>αῦτοῦ</em></strong></span> <span class='ocrx_word' id='word_1_14' title='bbox 1285 668 1390 759; x_wconf 86' lang='grc' dir='ltr'><strong><em>λόγου</em></strong></span> <span class='ocrx_word' id='word_1_15' title='bbox 1417 677 1463 754; x_wconf 89' lang='grc' dir='ltr'><strong><em>εἰς</em></strong></span> <span class='ocrx_word' id='word_1_16' title='bbox 1490 671 1555 760; x_wconf 86' lang='grc' dir='ltr'><strong><em>τήν</em></strong></span> 
     </span>
     <span class='ocr_line' id='line_1_3' title="bbox 251 768 1553 862; baseline -0.002 -18"><span class='ocrx_word' id='word_1_17' title='bbox 251 768 326 844; x_wconf 82' lang='grc' dir='ltr'><strong><em>κατ’</em></strong></span> <span class='ocrx_word' id='word_1_18' title='bbox 349 769 457 843; x_wconf 88' lang='grc' dir='ltr'><strong><em>αῦτὸν</em></strong></span> <span class='ocrx_word' id='word_1_19' title='bbox 479 769 649 857; x_wconf 78' lang='grc' dir='ltr'><strong><em>εὐσέβειαν</em></strong></span> <span class='ocrx_word' id='word_1_20' title='bbox 671 779 769 856; x_wconf 89' lang='grc' dir='ltr'><strong><em>λίθος</em></strong></span> <span class='ocrx_word' id='word_1_21' title='bbox 789 777 858 844; x_wconf 77' lang='grc' dir='ltr'><strong><em>ἐστὶ</em></strong></span> <span class='ocrx_word' id='word_1_22' title='bbox 881 779 989 862; x_wconf 90' lang='grc' dir='ltr'><strong><em>τίμιος</em></strong></span> <span class='ocrx_word' id='word_1_23' title='bbox 1011 777 1075 842; x_wconf 87' lang='grc' dir='ltr'><strong><em>τοῦ</em></strong></span> <span class='ocrx_word' id='word_1_24' title='bbox 1094 770 1226 854; x_wconf 79' lang='grc' dir='ltr'><strong><em>παντὸς</em></strong></span> <span class='ocrx_word' id='word_1_25' title='bbox 1248 777 1348 842; x_wconf 92' lang='grc' dir='ltr'><strong><em>ναοῦ</em></strong></span> <span class='ocrx_word' id='word_1_26' title='bbox 1372 775 1436 841; x_wconf 91' lang='grc' dir='ltr'><strong><em>τοῦ</em></strong></span> <span class='ocrx_word' id='word_1_27' title='bbox 1460 776 1553 842; x_wconf 87' lang='grc' dir='ltr'><strong><em>θεοῦ.</em></strong></span> 
     </span>
     <span class='ocr_line' id='line_1_4' title="bbox 251 865 1554 961; baseline -0.001 -20"><span class='ocrx_word' id='word_1_28' title='bbox 251 871 342 942; x_wconf 85' lang='grc' dir='ltr'><strong><em>καθὸ</em></strong></span> <span class='ocrx_word' id='word_1_29' title='bbox 372 869 440 943; x_wconf 88' lang='grc' dir='ltr'><strong><em>ῦπδ</em></strong></span> <span class='ocrx_word' id='word_1_30' title='bbox 469 879 529 960; x_wconf 80' lang='grc' dir='ltr'><strong><em>μὲν</em></strong></span> <span class='ocrx_word' id='word_1_31' title='bbox 558 879 621 944; x_wconf 89' lang='grc' dir='ltr'><strong><em>τοῦ</em></strong></span> <span class='ocrx_word' id='word_1_32' title='bbox 649 879 782 960; x_wconf 80' lang='grc' dir='ltr'><strong><em>Πέτρου</em></strong></span> <span class='ocrx_word' id='word_1_33' title='bbox 813 877 955 961; x_wconf 88' lang='grc' dir='ltr'><strong><em>λέγεται·</em></strong></span> <span class='ocrx_word' id='word_1_34' title='bbox 988 865 1102 960; x_wconf 68' lang='grc' dir='ltr'><strong><em>,ῦμεῑς</em></strong></span> <span class='ocrx_word' id='word_1_35' title='bbox 1133 877 1169 944; x_wconf 85' lang='grc' dir='ltr'><strong><em>δὲ</em></strong></span> <span class='ocrx_word' id='word_1_36' title='bbox 1198 875 1431 958; x_wconf 73' lang='grc' dir='ltr'><strong><em>οἰκοδομεῖσθε</em></strong></span> <span class='ocrx_word' id='word_1_37' title='bbox 1461 877 1554 941; x_wconf 90' lang='grc' dir='ltr'><strong><em>λίθοι</em></strong></span> 
     </span>
     <span class='ocr_line' id='line_1_5' title="bbox 253 965 1554 1060; baseline -0.003 -18"><span class='ocrx_word' id='word_1_38' title='bbox 253 978 381 1059; x_wconf 77' lang='grc' dir='ltr'><strong><em>ζῶντες</em></strong></span> <span class='ocrx_word' id='word_1_39' title='bbox 410 981 467 1043; x_wconf 85' lang='grc' dir='ltr'><strong><em>καὶ</em></strong></span> <span class='ocrx_word' id='word_1_40' title='bbox 496 971 589 1054; x_wconf 89' lang='grc' dir='ltr'><strong><em>οἰκος</em></strong></span> <span class='ocrx_word' id='word_1_41' title='bbox 616 973 842 1060; x_wconf 86' lang='grc' dir='ltr'><strong><em>πνευματικὸς</em></strong></span> <span class='ocrx_word' id='word_1_42' title='bbox 867 977 914 1053; x_wconf 87' lang='grc' dir='ltr'><strong><em>εἰς</em></strong></span> <span class='ocrx_word' id='word_1_43' title='bbox 934 968 1111 1058; x_wconf 77' lang='grc' dir='ltr'><strong><em>ἱεράτευμα</em></strong></span> <span class='ocrx_word' id='word_1_44' title='bbox 1132 965 1238 1060; x_wconf 85' lang='grc' dir='ltr'><strong><em>άγιον,</em></strong></span> <span class='ocrx_word' id='word_1_45' title='bbox 1261 965 1435 1057; x_wconf 78' lang='grc' dir='ltr'><em>ἀνενέγκαι</em></span> <span class='ocrx_word' id='word_1_46' title='bbox 1456 997 1554 1040; x_wconf 81' lang='grc' dir='ltr'><strong><em>πνευ</em></strong></span> 
     </span>
     <span class='ocr_line' id='line_1_6' title="bbox 219 1064 1555 1161; baseline 0 -21"><span class='ocrx_word' id='word_1_47' title='bbox 219 1071 396 1161; x_wconf 85' lang='grc' dir='ltr'><strong><em>5ματικάς</em></strong></span> <span class='ocrx_word' id='word_1_48' title='bbox 425 1081 546 1155; x_wconf 82' lang='grc' dir='ltr'><strong><em>θυσίας</em></strong></span> <span class='ocrx_word' id='word_1_49' title='bbox 577 1068 844 1160; x_wconf 72' lang='grc' dir='ltr'><strong><em>εὐπροσδέκτους</em></strong></span> <span class='ocrx_word' id='word_1_50' title='bbox 875 1078 948 1159; x_wconf 80' lang='grc' dir='ltr'><strong><em>θεῷ</em></strong></span> <span class='ocrx_word' id='word_1_51' title='bbox 982 1069 1036 1141; x_wconf 87' lang='grc' dir='ltr'><strong><em>διά</em></strong></span> <span class='ocrx_word' id='word_1_52' title='bbox 1068 1067 1174 1160; x_wconf 82' lang='grc' dir='ltr'><strong><em>Ἰησοῦ</em></strong></span> <span class='ocrx_word' id='word_1_53' title='bbox 1206 1074 1388 1158; x_wconf 80' lang='grc' dir='ltr'><strong><em>Χριστοῦ,“</em></strong></span> <span class='ocrx_word' id='word_1_54' title='bbox 1420 1064 1488 1139; x_wconf 83' lang='grc' dir='ltr'><strong><em>ῦπδ</em></strong></span> <span class='ocrx_word' id='word_1_55' title='bbox 1518 1073 1555 1140; x_wconf 84' lang='grc' dir='ltr'><strong><em>δὲ</em></strong></span> 
     </span>
     <span class='ocr_line' id='line_1_7' title="bbox 253 1162 1555 1261; baseline 0 -21"><span class='ocrx_word' id='word_1_56' title='bbox 253 1177 317 1240; x_wconf 87' lang='grc' dir='ltr'><strong><em>τοῦ</em></strong></span> <span class='ocrx_word' id='word_1_57' title='bbox 341 1169 480 1241; x_wconf 81' lang='grc' dir='ltr'><strong><em>Παύλου</em></strong></span> <span class='ocrx_word' id='word_1_58' title='bbox 506 1169 559 1244; x_wconf 84' lang='grc' dir='ltr'><strong><em>τά·</em></strong></span> <span class='ocrx_word' id='word_1_59' title='bbox 587 1177 893 1261; x_wconf 88' lang='grc' dir='ltr'><strong><em>,,οἰκοδομηθέντες</em></strong></span> <span class='ocrx_word' id='word_1_60' title='bbox 916 1175 971 1241; x_wconf 87' lang='grc' dir='ltr'><strong><em>ἐπὶ</em></strong></span> <span class='ocrx_word' id='word_1_61' title='bbox 998 1176 1050 1259; x_wconf 84' lang='grc' dir='ltr'><strong><em>τῶ</em></strong></span> <span class='ocrx_word' id='word_1_62' title='bbox 1071 1174 1219 1259; x_wconf 78' lang='grc' dir='ltr'><strong><em>θεμελίῳ</em></strong></span> <span class='ocrx_word' id='word_1_63' title='bbox 1247 1173 1321 1238; x_wconf 87' lang='grc' dir='ltr'><strong><em>τῶν</em></strong></span> <span class='ocrx_word' id='word_1_64' title='bbox 1348 1162 1555 1240; x_wconf 80' lang='grc' dir='ltr'><strong><em>ἀποστόλων</em></strong></span> 
     </span>
    </p>

    <p class='ocr_par' dir='ltr' id='par_1_3' title="bbox 170 1263 1556 1560">
     <span class='ocr_line' id='line_1_8' title="bbox 253 1263 1554 1360; baseline -0.001 -21"><span class='ocrx_word' id='word_1_65' title='bbox 253 1276 308 1340; x_wconf 80' lang='grc' dir='ltr'><strong><em>καὶ</em></strong></span> <span class='ocrx_word' id='word_1_66' title='bbox 340 1277 541 1360; x_wconf 78' lang='grc' dir='ltr'><strong><em>προφητῶν,</em></strong></span> <span class='ocrx_word' id='word_1_67' title='bbox 579 1267 682 1354; x_wconf 85' lang='grc' dir='ltr'><strong><em>ὄντος</em></strong></span> <span class='ocrx_word' id='word_1_68' title='bbox 718 1265 965 1359; x_wconf 75' lang='grc' dir='ltr'><strong><em>ἀκρογωνιαίου</em></strong></span> <span class='ocrx_word' id='word_1_69' title='bbox 1001 1276 1103 1342; x_wconf 91' lang='grc' dir='ltr'><strong><em>λίθου</em></strong></span> <span class='ocrx_word' id='word_1_70' title='bbox 1131 1264 1240 1339; x_wconf 77' lang='grc' dir='ltr'><strong><em>αὐτοῦ</em></strong></span> <span class='ocrx_word' id='word_1_71' title='bbox 1271 1272 1422 1356; x_wconf 80' lang='grc' dir='ltr'><strong><em>Χριστοῦ</em></strong></span> <span class='ocrx_word' id='word_1_72' title='bbox 1448 1263 1554 1356; x_wconf 80' lang='grc' dir='ltr'><strong><em>Ἰησοῦ</em></strong></span> 
     </span>
     <span class='ocr_line' id='line_1_9' title="bbox 170 1361 1556 1459; baseline 0.001 -22"><span class='ocrx_word' id='word_1_73' title='bbox 170 1384 237 1439; x_wconf 73' lang='grc' dir='ltr'><strong><em>196τ</em></strong></span> <span class='ocrx_word' id='word_1_74' title='bbox 255 1375 318 1439; x_wconf 89' lang='grc' dir='ltr'><strong><em>τοῦ</em></strong></span> <span class='ocrx_word' id='word_1_75' title='bbox 345 1377 463 1458; x_wconf 85' lang='grc' dir='ltr'><strong><em>κυρίου</em></strong></span> <span class='ocrx_word' id='word_1_76' title='bbox 489 1365 614 1458; x_wconf 79' lang='grc' dir='ltr'><strong><em>ήμῶν.“</em></strong></span> <span class='ocrx_word' id='word_1_77' title='bbox 657 1375 820 1442; x_wconf 86' lang='grc' dir='ltr'><strong><em>τοιοῦτον</em></strong></span> <span class='ocrx_word' id='word_1_78' title='bbox 847 1376 884 1440; x_wconf 91' lang='grc' dir='ltr'><strong><em>δέ</em></strong></span> <span class='ocrx_word' id='word_1_79' title='bbox 904 1398 980 1440; x_wconf 89' lang='grc' dir='ltr'><strong><em>τινα</em></strong></span> <span class='ocrx_word' id='word_1_80' title='bbox 1002 1368 1164 1459; x_wconf 81' lang='grc' dir='ltr'><strong><em>μυστικὸν</em></strong></span> <span class='ocrx_word' id='word_1_81' title='bbox 1187 1372 1251 1455; x_wconf 80' lang='grc' dir='ltr'><strong><em>ἔχει</em></strong></span> <span class='ocrx_word' id='word_1_82' title='bbox 1269 1377 1274 1452; x_wconf 96' lang='grc' dir='ltr'>Ι</span> <span class='ocrx_word' id='word_1_83' title='bbox 1293 1372 1378 1439; x_wconf 90' lang='grc' dir='ltr'><strong><em>νοῦν</em></strong></span> <span class='ocrx_word' id='word_1_84' title='bbox 1399 1372 1454 1436; x_wconf 85' lang='grc' dir='ltr'><strong><em>καὶ</em></strong></span> <span class='ocrx_word' id='word_1_85' title='bbox 1476 1361 1497 1456; x_wconf 86' lang='grc' dir='ltr'><strong><em>ή</em></strong></span> <span class='ocrx_word' id='word_1_86' title='bbox 1519 1371 1556 1438; x_wconf 84' lang='grc' dir='ltr'><strong><em>ἐν</em></strong></span> 
     </span>
     <span class='ocr_line' id='line_1_10' title="bbox 256 1463 1554 1560; baseline 0 -24"><span class='ocrx_word' id='word_1_87' title='bbox 256 1475 305 1557; x_wconf 83' lang='grc' dir='ltr'><strong><em>τῷ</em></strong></span> <span class='ocrx_word' id='word_1_88' title='bbox 327 1464 440 1560; x_wconf 81' lang='grc' dir='ltr'><strong><em>Ἠσαίᾳ</em></strong></span> <span class='ocrx_word' id='word_1_89' title='bbox 462 1474 563 1555; x_wconf 79' lang='grc' dir='ltr'><strong><em>λέξις,</em></strong></span> <span class='ocrx_word' id='word_1_90' title='bbox 590 1463 705 1552; x_wconf 86' lang='grc' dir='ltr'><strong><em>οῦτως</em></strong></span> <span class='ocrx_word' id='word_1_91' title='bbox 728 1473 847 1557; x_wconf 85' lang='grc' dir='ltr'><strong><em>έχουσα</em></strong></span> <span class='ocrx_word' id='word_1_92' title='bbox 868 1477 923 1539; x_wconf 83' lang='grc' dir='ltr'><strong><em>καὶ</em></strong></span> <span class='ocrx_word' id='word_1_93' title='bbox 944 1475 1107 1559; x_wconf 79' lang='grc' dir='ltr'><strong><em>λεγομένη</em></strong></span> <span class='ocrx_word' id='word_1_94' title='bbox 1128 1465 1177 1550; x_wconf 88' lang='grc' dir='ltr'><strong><em>ῶς</em></strong></span> <span class='ocrx_word' id='word_1_95' title='bbox 1197 1465 1283 1556; x_wconf 87' lang='grc' dir='ltr'><strong><em>πρὸς</em></strong></span> <span class='ocrx_word' id='word_1_96' title='bbox 1310 1466 1376 1556; x_wconf 87' lang='grc' dir='ltr'><strong><em>τήν</em></strong></span> <span class='ocrx_word' id='word_1_97' title='bbox 1396 1463 1554 1555; x_wconf 77' lang='grc' dir='ltr'><strong><em>Ἰερουσα-</em></strong></span> 
     </span>
    </p>

    <p class='ocr_par' dir='ltr' id='par_1_4' title="bbox 205 1563 1557 2054">
     <span class='ocr_line' id='line_1_11' title="bbox 205 1563 1556 1658; baseline -0.001 -18"><span class='ocrx_word' id='word_1_98' title='bbox 205 1587 238 1642; x_wconf 88' lang='grc'><strong><em>10</em></strong></span> <span class='ocrx_word' id='word_1_99' title='bbox 255 1565 333 1656; x_wconf 89' lang='grc' dir='ltr'><strong><em>λήμ·</em></strong></span> <span class='ocrx_word' id='word_1_100' title='bbox 362 1567 459 1650; x_wconf 78' lang='grc' dir='ltr'><strong><em>,ἰδοὺ</em></strong></span> <span class='ocrx_word' id='word_1_101' title='bbox 488 1565 654 1658; x_wconf 77' lang='grc' dir='ltr'><strong><em>ἑτοιμάζοι</em></strong></span> <span class='ocrx_word' id='word_1_102' title='bbox 686 1591 739 1638; x_wconf 91' lang='grc' dir='ltr'><strong><em>σοι</em></strong></span> <span class='ocrx_word' id='word_1_103' title='bbox 769 1563 925 1655; x_wconf 86' lang='grc' dir='ltr'><strong><em>άνθρακα</em></strong></span> <span class='ocrx_word' id='word_1_104' title='bbox 958 1567 1022 1639; x_wconf 87' lang='grc' dir='ltr'><strong><em>τὸν</em></strong></span> <span class='ocrx_word' id='word_1_105' title='bbox 1048 1576 1150 1640; x_wconf 89' lang='grc' dir='ltr'><strong><em>λίθον</em></strong></span> <span class='ocrx_word' id='word_1_106' title='bbox 1178 1591 1239 1638; x_wconf 89' lang='grc' dir='ltr'><strong><em>σου</em></strong></span> <span class='ocrx_word' id='word_1_107' title='bbox 1269 1575 1326 1638; x_wconf 86' lang='grc' dir='ltr'><strong><em>καὶ</em></strong></span> <span class='ocrx_word' id='word_1_108' title='bbox 1351 1565 1395 1637; x_wconf 82' lang='grc' dir='ltr'><strong><em>τά</em></strong></span> <span class='ocrx_word' id='word_1_109' title='bbox 1416 1564 1556 1656; x_wconf 86' lang='grc' dir='ltr'><strong><em>θεμέλιά</em></strong></span> 
     </span>
     <span class='ocr_line' id='line_1_12' title="bbox 255 1663 1557 1757; baseline 0 -21"><span class='ocrx_word' id='word_1_110' title='bbox 255 1689 316 1736; x_wconf 91' lang='grc' dir='ltr'><strong><em>σου</em></strong></span> <span class='ocrx_word' id='word_1_111' title='bbox 345 1663 543 1754; x_wconf 81' lang='grc' dir='ltr'><strong><em>σάπφειρον,</em></strong></span> <span class='ocrx_word' id='word_1_112' title='bbox 573 1675 630 1738; x_wconf 84' lang='grc' dir='ltr'><strong><em>καὶ</em></strong></span> <span class='ocrx_word' id='word_1_113' title='bbox 660 1665 759 1757; x_wconf 85' lang='grc' dir='ltr'><strong><em>θήσω</em></strong></span> <span class='ocrx_word' id='word_1_114' title='bbox 789 1667 851 1751; x_wconf 86' lang='grc' dir='ltr'><strong><em>τάς</em></strong></span> <span class='ocrx_word' id='word_1_115' title='bbox 878 1665 1031 1753; x_wconf 76' lang='grc' dir='ltr'><strong><em>ἐπάλξεις</em></strong></span> <span class='ocrx_word' id='word_1_116' title='bbox 1058 1692 1119 1740; x_wconf 94' lang='grc' dir='ltr'><strong><em>σου</em></strong></span> <span class='ocrx_word' id='word_1_117' title='bbox 1144 1671 1259 1738; x_wconf 84' lang='grc' dir='ltr'><strong><em>ίασπιν</em></strong></span> <span class='ocrx_word' id='word_1_118' title='bbox 1285 1672 1340 1737; x_wconf 85' lang='grc' dir='ltr'><strong><em>καὶ</em></strong></span> <span class='ocrx_word' id='word_1_119' title='bbox 1365 1663 1427 1748; x_wconf 84' lang='grc' dir='ltr'><strong><em>τάς</em></strong></span> <span class='ocrx_word' id='word_1_120' title='bbox 1448 1664 1557 1748; x_wconf 84' lang='grc' dir='ltr'><strong><em>πύλας</em></strong></span> 
     </span>
     <span class='ocr_line' id='line_1_13' title="bbox 254 1762 1556 1855; baseline 0 -20"><span class='ocrx_word' id='word_1_121' title='bbox 254 1790 316 1836; x_wconf 87' lang='grc' dir='ltr'><strong><em>σου</em></strong></span> <span class='ocrx_word' id='word_1_122' title='bbox 346 1772 465 1848; x_wconf 87' lang='grc' dir='ltr'><strong><em>λίθους</em></strong></span> <span class='ocrx_word' id='word_1_123' title='bbox 494 1762 706 1853; x_wconf 89' lang='grc' dir='ltr'><strong><em>κρυστάλλου</em></strong></span> <span class='ocrx_word' id='word_1_124' title='bbox 740 1773 795 1838; x_wconf 90' lang='grc' dir='ltr'><strong><em>καί</em></strong></span> <span class='ocrx_word' id='word_1_125' title='bbox 826 1765 889 1837; x_wconf 89' lang='grc' dir='ltr'><strong><em>τὸν</em></strong></span> <span class='ocrx_word' id='word_1_126' title='bbox 918 1762 1101 1855; x_wconf 86' lang='grc' dir='ltr'><strong><em>περίβολόν</em></strong></span> <span class='ocrx_word' id='word_1_127' title='bbox 1132 1791 1193 1838; x_wconf 90' lang='grc' dir='ltr'><strong><em>σου</em></strong></span> <span class='ocrx_word' id='word_1_128' title='bbox 1223 1771 1342 1849; x_wconf 86' lang='grc' dir='ltr'><strong><em>λίθους</em></strong></span> <span class='ocrx_word' id='word_1_129' title='bbox 1367 1765 1556 1850; x_wconf 82' lang='grc' dir='ltr'><strong><em>ἐκλεκτοὺς,</em></strong></span> 
     </span>
     <span class='ocr_line' id='line_1_14' title="bbox 254 1861 1557 1954; baseline -0.001 -19"><span class='ocrx_word' id='word_1_130' title='bbox 254 1871 309 1935; x_wconf 87' lang='grc' dir='ltr'><strong><em>καὶ</em></strong></span> <span class='ocrx_word' id='word_1_131' title='bbox 331 1861 464 1948; x_wconf 86' lang='grc' dir='ltr'><strong><em>πάντας</em></strong></span> <span class='ocrx_word' id='word_1_132' title='bbox 486 1863 567 1948; x_wconf 81' lang='grc' dir='ltr'><strong><em>τοῦς</em></strong></span> <span class='ocrx_word' id='word_1_133' title='bbox 588 1865 681 1948; x_wconf 85' lang='grc' dir='ltr'><strong><em>υἰοῦς</em></strong></span> <span class='ocrx_word' id='word_1_134' title='bbox 702 1890 764 1937; x_wconf 91' lang='grc' dir='ltr'><strong><em>σου</em></strong></span> <span class='ocrx_word' id='word_1_135' title='bbox 786 1865 963 1947; x_wconf 86' lang='grc' dir='ltr'><strong><em>διδακτούς</em></strong></span> <span class='ocrx_word' id='word_1_136' title='bbox 985 1872 1084 1937; x_wconf 88' lang='grc' dir='ltr'><strong><em>θεοῦ·</em></strong></span> <span class='ocrx_word' id='word_1_137' title='bbox 1109 1873 1163 1934; x_wconf 86' lang='grc' dir='ltr'><strong><em>καί</em></strong></span> <span class='ocrx_word' id='word_1_138' title='bbox 1187 1870 1223 1936; x_wconf 91' lang='grc' dir='ltr'><strong><em>ἐν</em></strong></span> <span class='ocrx_word' id='word_1_139' title='bbox 1244 1871 1356 1952; x_wconf 83' lang='grc' dir='ltr'><strong><em>πολλή</em></strong></span> <span class='ocrx_word' id='word_1_140' title='bbox 1379 1862 1492 1954; x_wconf 83' lang='grc' dir='ltr'><strong><em>εἰρήνη</em></strong></span> <span class='ocrx_word' id='word_1_141' title='bbox 1514 1863 1557 1935; x_wconf 86' lang='grc' dir='ltr'><strong><em>τά</em></strong></span> 
     </span>
     <span class='ocr_line' id='line_1_15' title="bbox 255 1961 1104 2054; baseline 0 -20"><span class='ocrx_word' id='word_1_142' title='bbox 255 1969 358 2034; x_wconf 86' lang='grc' dir='ltr'><strong><em>τέκνα</em></strong></span> <span class='ocrx_word' id='word_1_143' title='bbox 380 1987 450 2048; x_wconf 91' lang='grc' dir='ltr'><strong><em>σου,</em></strong></span> <span class='ocrx_word' id='word_1_144' title='bbox 472 1972 529 2035; x_wconf 80' lang='grc' dir='ltr'><strong><em>καὶ</em></strong></span> <span class='ocrx_word' id='word_1_145' title='bbox 550 1969 587 2035; x_wconf 83' lang='grc' dir='ltr'><strong><em>ἐν</em></strong></span> <span class='ocrx_word' id='word_1_146' title='bbox 609 1963 802 2052; x_wconf 83' lang='grc' dir='ltr'><strong><em>δικαιοσύνη</em></strong></span> <span class='ocrx_word' id='word_1_147' title='bbox 824 1961 1104 2054; x_wconf 73' lang='grc' dir='ltr'><strong><em>οἰκοδομηθήση.“</em></strong></span> 
     </span>
    </p>

    <p class='ocr_par' dir='ltr' id='par_1_5' title="bbox 204 2055 1560 2550">
     <span class='ocr_line' id='line_1_16' title="bbox 204 2055 1557 2152; baseline 0.001 -21"><span class='ocrx_word' id='word_1_148' title='bbox 204 2085 237 2138; x_wconf 86' lang='lat'><strong><em>15</em></strong></span> <span class='ocrx_word' id='word_1_149' title='bbox 338 2067 403 2132; x_wconf 82' lang='lat' dir='ltr'><strong><em>XX.</em></strong></span> <span class='ocrx_word' id='word_1_150' title='bbox 448 2069 541 2134; x_wconf 84' lang='grc' dir='ltr'><strong><em>Εἰσὶν</em></strong></span> <span class='ocrx_word' id='word_1_151' title='bbox 577 2055 641 2136; x_wconf 83' lang='grc' dir='ltr'><strong><em>οὖν</em></strong></span> <span class='ocrx_word' id='word_1_152' title='bbox 675 2091 766 2146; x_wconf 87' lang='grc' dir='ltr'><strong><em>τινες</em></strong></span> <span class='ocrx_word' id='word_1_153' title='bbox 801 2073 875 2136; x_wconf 91' lang='grc' dir='ltr'><strong><em>τῶν</em></strong></span> <span class='ocrx_word' id='word_1_154' title='bbox 909 2069 1048 2136; x_wconf 90' lang='grc' dir='ltr'><strong><em>δικαίων</em></strong></span> <span class='ocrx_word' id='word_1_155' title='bbox 1082 2059 1215 2152; x_wconf 78' lang='grc' dir='ltr'><strong><em>ἄνθραξ</em></strong></span> <span class='ocrx_word' id='word_1_156' title='bbox 1244 2070 1343 2144; x_wconf 89' lang='grc' dir='ltr'><strong><em>λίθος</em></strong></span> <span class='ocrx_word' id='word_1_157' title='bbox 1375 2071 1431 2132; x_wconf 87' lang='grc' dir='ltr'><strong><em>καὶ</em></strong></span> <span class='ocrx_word' id='word_1_158' title='bbox 1461 2057 1557 2134; x_wconf 81' lang='grc' dir='ltr'><strong><em>ἄλλοι</em></strong></span> 
     </span>
     <span class='ocr_line' id='line_1_17' title="bbox 255 2155 1558 2252; baseline -0.001 -20"><span class='ocrx_word' id='word_1_159' title='bbox 255 2159 441 2251; x_wconf 87' lang='grc' dir='ltr'><strong><em>σάπφειρος</em></strong></span> <span class='ocrx_word' id='word_1_160' title='bbox 469 2172 526 2234; x_wconf 87' lang='grc' dir='ltr'><strong><em>καὶ</em></strong></span> <span class='ocrx_word' id='word_1_161' title='bbox 555 2157 655 2236; x_wconf 88' lang='grc' dir='ltr'><strong><em>ἀλλοι</em></strong></span> <span class='ocrx_word' id='word_1_162' title='bbox 686 2169 798 2246; x_wconf 86' lang='grc' dir='ltr'><strong><em>ἰασπις</em></strong></span> <span class='ocrx_word' id='word_1_163' title='bbox 828 2171 884 2236; x_wconf 84' lang='grc' dir='ltr'><strong><em>καὶ</em></strong></span> <span class='ocrx_word' id='word_1_164' title='bbox 915 2159 1013 2236; x_wconf 77' lang='grc' dir='ltr'><strong><em>ἄλλοι</em></strong></span> <span class='ocrx_word' id='word_1_165' title='bbox 1039 2161 1260 2252; x_wconf 83' lang='grc' dir='ltr'><strong><em>κρύσταλλος·</em></strong></span> <span class='ocrx_word' id='word_1_166' title='bbox 1288 2169 1344 2232; x_wconf 84' lang='grc' dir='ltr'><strong><em>καὶ</em></strong></span> <span class='ocrx_word' id='word_1_167' title='bbox 1370 2155 1465 2232; x_wconf 84' lang='grc' dir='ltr'><strong><em>οῦτω</em></strong></span> <span class='ocrx_word' id='word_1_168' title='bbox 1488 2168 1558 2233; x_wconf 83' lang='grc' dir='ltr'><strong><em>πᾶν</em></strong></span> 
     </span>
     <span class='ocr_line' id='line_1_18' title="bbox 255 2259 1558 2351; baseline -0.002 -20"><span class='ocrx_word' id='word_1_169' title='bbox 255 2267 350 2351; x_wconf 90' lang='grc' dir='ltr'><strong><em>γένος</em></strong></span> <span class='ocrx_word' id='word_1_170' title='bbox 376 2266 547 2334; x_wconf 80' lang='grc' dir='ltr'><strong><em>ἐκλεκτῶν</em></strong></span> <span class='ocrx_word' id='word_1_171' title='bbox 573 2270 628 2334; x_wconf 80' lang='grc' dir='ltr'><strong><em>καὶ</em></strong></span> <span class='ocrx_word' id='word_1_172' title='bbox 655 2270 778 2350; x_wconf 90' lang='grc' dir='ltr'><strong><em>τιμίων</em></strong></span> <span class='ocrx_word' id='word_1_173' title='bbox 805 2271 916 2335; x_wconf 86' lang='grc' dir='ltr'><strong><em>λίθων</em></strong></span> <span class='ocrx_word' id='word_1_174' title='bbox 938 2268 1020 2334; x_wconf 85' lang='grc' dir='ltr'><strong><em>εἰσὶν</em></strong></span> <span class='ocrx_word' id='word_1_175' title='bbox 1047 2266 1080 2335; x_wconf 87' lang='grc' dir='ltr'><strong><em>οὶ</em></strong></span> <span class='ocrx_word' id='word_1_176' title='bbox 1102 2268 1231 2334; x_wconf 91' lang='grc' dir='ltr'><strong><em>δίκαιοι.</em></strong></span> <span class='ocrx_word' id='word_1_177' title='bbox 1274 2259 1337 2331; x_wconf 86' lang='grc' dir='ltr'><strong><em>τὸν</em></strong></span> <span class='ocrx_word' id='word_1_178' title='bbox 1359 2265 1394 2330; x_wconf 81' lang='grc' dir='ltr'><strong><em>δέ</em></strong></span> <span class='ocrx_word' id='word_1_179' title='bbox 1415 2269 1491 2350; x_wconf 78' lang='grc' dir='ltr'><strong><em>περὶ</em></strong></span> <span class='ocrx_word' id='word_1_180' title='bbox 1514 2267 1558 2329; x_wconf 89' lang='grc' dir='ltr'><strong><em>λί-</em></strong></span> 
     </span>
     <span class='ocr_line' id='line_1_19' title="bbox 254 2358 1559 2452; baseline 0.002 -23"><span class='ocrx_word' id='word_1_181' title='bbox 254 2370 333 2432; x_wconf 90' lang='grc' dir='ltr'><strong><em>θων</em></strong></span> <span class='ocrx_word' id='word_1_182' title='bbox 362 2367 444 2432; x_wconf 92' lang='grc' dir='ltr'><strong><em>νοῦν</em></strong></span> <span class='ocrx_word' id='word_1_183' title='bbox 473 2368 528 2432; x_wconf 88' lang='grc' dir='ltr'><strong><em>καί</em></strong></span> <span class='ocrx_word' id='word_1_184' title='bbox 557 2369 619 2452; x_wconf 83' lang='grc' dir='ltr'><strong><em>τῆς</em></strong></span> <span class='ocrx_word' id='word_1_185' title='bbox 648 2361 781 2449; x_wconf 82' lang='grc' dir='ltr'><strong><em>φύσεως</em></strong></span> <span class='ocrx_word' id='word_1_186' title='bbox 810 2360 927 2436; x_wconf 78' lang='grc' dir='ltr'><strong><em>αὐτῶν</em></strong></span> <span class='ocrx_word' id='word_1_187' title='bbox 956 2359 1075 2452; x_wconf 88' lang='grc' dir='ltr'><strong><em>λόγον,</em></strong></span> <span class='ocrx_word' id='word_1_188' title='bbox 1106 2369 1161 2432; x_wconf 90' lang='grc' dir='ltr'><strong><em>καὶ</em></strong></span> <span class='ocrx_word' id='word_1_189' title='bbox 1193 2366 1238 2444; x_wconf 92' lang='grc' dir='ltr'><strong><em>εἰς</em></strong></span> <span class='ocrx_word' id='word_1_190' title='bbox 1268 2358 1425 2444; x_wconf 84' lang='grc' dir='ltr'><strong><em>ποδαπὰς</em></strong></span> <span class='ocrx_word' id='word_1_191' title='bbox 1450 2359 1559 2448; x_wconf 86' lang='grc' dir='ltr'><strong><em>ψυχάς</em></strong></span> 
     </span>
     <span class='ocr_line' id='line_1_20' title="bbox 255 2455 1560 2550; baseline 0.001 -20"><span class='ocrx_word' id='word_1_192' title='bbox 255 2455 485 2548; x_wconf 75' lang='grc' dir='ltr'><strong><em>ἀναφέρεσθαι</em></strong></span> <span class='ocrx_word' id='word_1_193' title='bbox 514 2460 655 2532; x_wconf 87' lang='grc' dir='ltr'><strong><em>δύναται</em></strong></span> <span class='ocrx_word' id='word_1_194' title='bbox 684 2465 721 2532; x_wconf 88' lang='grc' dir='ltr'><strong><em>ἐκ</em></strong></span> <span class='ocrx_word' id='word_1_195' title='bbox 749 2469 813 2534; x_wconf 89' lang='grc' dir='ltr'><strong><em>τοῦ</em></strong></span> <span class='ocrx_word' id='word_1_196' title='bbox 842 2468 955 2550; x_wconf 90' lang='grc' dir='ltr'><strong><em>τιμίου</em></strong></span> <span class='ocrx_word' id='word_1_197' title='bbox 982 2470 1085 2534; x_wconf 87' lang='grc' dir='ltr'><strong><em>λίθου</em></strong></span> <span class='ocrx_word' id='word_1_198' title='bbox 1113 2459 1154 2532; x_wconf 85' lang='grc' dir='ltr'><strong><em>τὸ</em></strong></span> <span class='ocrx_word' id='word_1_199' title='bbox 1178 2457 1299 2548; x_wconf 81' lang='grc' dir='ltr'><strong><em>ὄνομα,</em></strong></span> <span class='ocrx_word' id='word_1_200' title='bbox 1326 2455 1367 2530; x_wconf 83' lang='grc' dir='ltr'><strong><em>ου’</em></strong></span> <span class='ocrx_word' id='word_1_201' title='bbox 1387 2457 1473 2530; x_wconf 84' lang='grc' dir='ltr'><strong><em>κατὰ</em></strong></span> <span class='ocrx_word' id='word_1_202' title='bbox 1497 2461 1560 2531; x_wconf 88' lang='grc' dir='ltr'><strong><em>τὸν</em></strong></span> 
     </span>
    </p>

    <p class='ocr_par' dir='ltr' id='par_1_6' title="bbox 203 2555 1561 3049">
     <span class='ocr_line' id='line_1_21' title="bbox 203 2555 1558 2651; baseline -0.004 -17"><span class='ocrx_word' id='word_1_203' title='bbox 203 2579 238 2634; x_wconf 84' lang='grc'><strong><em>20</em></strong></span> <span class='ocrx_word' id='word_1_204' title='bbox 254 2555 412 2648; x_wconf 85' lang='grc' dir='ltr'><strong><em>παρόντα</em></strong></span> <span class='ocrx_word' id='word_1_205' title='bbox 433 2557 554 2649; x_wconf 89' lang='grc' dir='ltr'><strong><em>καιρόν</em></strong></span> <span class='ocrx_word' id='word_1_206' title='bbox 573 2565 644 2633; x_wconf 85' lang='grc' dir='ltr'><strong><em>ἐστι</em></strong></span> <span class='ocrx_word' id='word_1_207' title='bbox 666 2559 899 2651; x_wconf 89' lang='grc' dir='ltr'><strong><em>διηγήσασθαι·</em></strong></span> <span class='ocrx_word' id='word_1_208' title='bbox 929 2559 1036 2651; x_wconf 88' lang='grc' dir='ltr'><strong><em>μόνον</em></strong></span> <span class='ocrx_word' id='word_1_209' title='bbox 1057 2556 1090 2630; x_wconf 81' lang='grc' dir='ltr'><strong><em>δ’</em></strong></span> <span class='ocrx_word' id='word_1_210' title='bbox 1105 2565 1205 2650; x_wconf 78' lang='grc' dir='ltr'><strong><em>ἐχρῆν</em></strong></span> <span class='ocrx_word' id='word_1_211' title='bbox 1226 2557 1484 2649; x_wconf 78' lang='grc' dir='ltr'><strong><em>ὑπομνησθῆναι</em></strong></span> <span class='ocrx_word' id='word_1_212' title='bbox 1507 2555 1558 2630; x_wconf 80' lang='grc' dir='ltr'><strong><em>ἐπ’</em></strong></span> 
     </span>
     <span class='ocr_line' id='line_1_22' title="bbox 255 2655 1560 2751; baseline 0 -21"><span class='ocrx_word' id='word_1_213' title='bbox 255 2655 373 2748; x_wconf 80' lang='grc' dir='ltr'><strong><em>ὀλίγον</em></strong></span> <span class='ocrx_word' id='word_1_214' title='bbox 395 2666 459 2732; x_wconf 91' lang='grc' dir='ltr'><strong><em>τοῦ</em></strong></span> <span class='ocrx_word' id='word_1_215' title='bbox 480 2657 692 2750; x_wconf 81' lang='grc' dir='ltr'><strong><em>βουλήματος</em></strong></span> <span class='ocrx_word' id='word_1_216' title='bbox 714 2667 789 2732; x_wconf 89' lang='grc' dir='ltr'><strong><em>τῶν</em></strong></span> <span class='ocrx_word' id='word_1_217' title='bbox 811 2658 890 2732; x_wconf 77' lang='grc' dir='ltr'><strong><em>καθ’</em></strong></span> <span class='ocrx_word' id='word_1_218' title='bbox 907 2658 991 2751; x_wconf 82' lang='grc' dir='ltr'><strong><em>ἡμᾶς</em></strong></span> <span class='ocrx_word' id='word_1_219' title='bbox 1012 2668 1120 2732; x_wconf 89' lang='grc' dir='ltr'><strong><em>ναῶν</em></strong></span> <span class='ocrx_word' id='word_1_220' title='bbox 1141 2668 1197 2730; x_wconf 84' lang='grc' dir='ltr'><strong><em>καὶ</em></strong></span> <span class='ocrx_word' id='word_1_221' title='bbox 1217 2660 1293 2742; x_wconf 77' lang='grc' dir='ltr'><strong><em>ἑνὸς</em></strong></span> <span class='ocrx_word' id='word_1_222' title='bbox 1315 2665 1377 2730; x_wconf 85' lang='grc' dir='ltr'><strong><em>τοῦ</em></strong></span> <span class='ocrx_word' id='word_1_223' title='bbox 1395 2662 1431 2728; x_wconf 83' lang='grc' dir='ltr'><strong><em>ἐκ</em></strong></span> <span class='ocrx_word' id='word_1_224' title='bbox 1450 2667 1560 2730; x_wconf 88' lang='grc' dir='ltr'><strong><em>λίθων</em></strong></span> 
     </span>
     <span class='ocr_line' id='line_1_23' title="bbox 256 2756 1560 2850; baseline 0.001 -22"><span class='ocrx_word' id='word_1_225' title='bbox 256 2765 378 2846; x_wconf 89' lang='grc' dir='ltr'><strong><em>τιμίων</em></strong></span> <span class='ocrx_word' id='word_1_226' title='bbox 400 2760 477 2830; x_wconf 89' lang='grc' dir='ltr'><strong><em>νεῶ</em></strong></span> <span class='ocrx_word' id='word_1_227' title='bbox 500 2766 563 2832; x_wconf 89' lang='grc' dir='ltr'><strong><em>τοῦ</em></strong></span> <span class='ocrx_word' id='word_1_228' title='bbox 584 2766 677 2832; x_wconf 90' lang='grc' dir='ltr'><strong><em>θεοῦ.</em></strong></span> <span class='ocrx_word' id='word_1_229' title='bbox 722 2756 836 2850; x_wconf 87' lang='grc' dir='ltr'><strong><em>ῶσπερ</em></strong></span> <span class='ocrx_word' id='word_1_230' title='bbox 859 2760 936 2850; x_wconf 84' lang='grc' dir='ltr'><strong><em>γὰρ,</em></strong></span> <span class='ocrx_word' id='word_1_231' title='bbox 964 2767 993 2832; x_wconf 90' lang='grc' dir='ltr'><strong><em>εἰ</em></strong></span> <span class='ocrx_word' id='word_1_232' title='bbox 1020 2765 1073 2830; x_wconf 86' lang='grc' dir='ltr'><strong><em>ἐπὶ</em></strong></span> <span class='ocrx_word' id='word_1_233' title='bbox 1098 2778 1168 2842; x_wconf 88' lang='grc' dir='ltr'><strong><em>τοῖς</em></strong></span> <span class='ocrx_word' id='word_1_234' title='bbox 1197 2763 1427 2848; x_wconf 77' lang='grc' dir='ltr'><strong><em>νομιζομένοις</em></strong></span> <span class='ocrx_word' id='word_1_235' title='bbox 1450 2779 1560 2840; x_wconf 80' lang='grc' dir='ltr'><strong><em>ναοῖς</em></strong></span> 
     </span>
     <span class='ocr_line' id='line_1_24' title="bbox 256 2856 1561 2950; baseline 0.002 -22"><span class='ocrx_word' id='word_1_236' title='bbox 256 2859 390 2929; x_wconf 80' lang='grc' dir='ltr'><strong><em>έκαστοι</em></strong></span> <span class='ocrx_word' id='word_1_237' title='bbox 409 2858 498 2930; x_wconf 83' lang='grc' dir='ltr'><strong><em>κατὰ</em></strong></span> <span class='ocrx_word' id='word_1_238' title='bbox 520 2858 581 2943; x_wconf 85' lang='grc' dir='ltr'><strong><em>τάς</em></strong></span> <span class='ocrx_word' id='word_1_239' title='bbox 596 2867 695 2948; x_wconf 89' lang='grc' dir='ltr'><strong><em>σφῶν</em></strong></span> <span class='ocrx_word' id='word_1_240' title='bbox 709 2856 824 2942; x_wconf 88' lang='grc' dir='ltr'><strong><em>πόλεις</em></strong></span> <span class='ocrx_word' id='word_1_241' title='bbox 838 2859 1061 2950; x_wconf 78' lang='grc' dir='ltr'><strong><em>ἐσεμνύνοντο</em></strong></span> <span class='ocrx_word' id='word_1_242' title='bbox 1076 2861 1163 2948; x_wconf 89' lang='grc' dir='ltr'><strong><em>πρὸς</em></strong></span> <span class='ocrx_word' id='word_1_243' title='bbox 1178 2859 1258 2942; x_wconf 85' lang='grc' dir='ltr'><strong><em>τοῦς</em></strong></span> <span class='ocrx_word' id='word_1_244' title='bbox 1280 2861 1423 2946; x_wconf 75' lang='grc' dir='ltr'><strong><em>ἑτέρους,</em></strong></span> <span class='ocrx_word' id='word_1_245' title='bbox 1444 2859 1561 2948; x_wconf 83' lang='grc' dir='ltr'><strong><em>ἔλεγον</em></strong></span> 
     </span>
     <span class='ocr_line' id='line_1_25' title="bbox 256 2953 1561 3049; baseline -0.001 -20"><span class='ocrx_word' id='word_1_246' title='bbox 256 2953 298 3029; x_wconf 84' lang='grc' dir='ltr'><strong><em>ἀν</em></strong></span> <span class='ocrx_word' id='word_1_247' title='bbox 321 2961 354 3029; x_wconf 81' lang='grc' dir='ltr'><strong><em>οἱ</em></strong></span> <span class='ocrx_word' id='word_1_248' title='bbox 376 2963 431 3028; x_wconf 84' lang='grc' dir='ltr'><strong><em>ἐπὶ</em></strong></span> <span class='ocrx_word' id='word_1_249' title='bbox 454 2977 525 3042; x_wconf 90' lang='grc' dir='ltr'><strong><em>τοῖς</em></strong></span> <span class='ocrx_word' id='word_1_250' title='bbox 548 2965 762 3048; x_wconf 89' lang='grc' dir='ltr'><strong><em>τιμιωτέροις</em></strong></span> <span class='ocrx_word' id='word_1_251' title='bbox 784 2979 897 3042; x_wconf 90' lang='grc' dir='ltr'><strong><em>ναοῖς</em></strong></span> <span class='ocrx_word' id='word_1_252' title='bbox 917 2966 1000 3049; x_wconf 90' lang='grc' dir='ltr'><strong><em>μέγα</em></strong></span> <span class='ocrx_word' id='word_1_253' title='bbox 1023 2965 1235 3048; x_wconf 87' lang='grc' dir='ltr'><strong><em>φρονοῦντες</em></strong></span> <span class='ocrx_word' id='word_1_254' title='bbox 1256 2957 1299 3030; x_wconf 82' lang='grc' dir='ltr'><strong><em>τὰ</em></strong></span> <span class='ocrx_word' id='word_1_255' title='bbox 1317 2962 1469 3044; x_wconf 78' lang='grc' dir='ltr'><strong><em>ἐξαίρετα</em></strong></span> <span class='ocrx_word' id='word_1_256' title='bbox 1488 2965 1561 3029; x_wconf 91' lang='grc' dir='ltr'><strong><em>τῶν</em></strong></span> 
     </span>
    </p>

    <p class='ocr_par' dir='ltr' id='par_1_7' title="bbox 204 3053 1561 3544">
     <span class='ocr_line' id='line_1_26' title="bbox 204 3053 1560 3147; baseline -0.002 -19"><span class='ocrx_word' id='word_1_257' title='bbox 204 3073 238 3130; x_wconf 86' lang='grc'><strong><em>25</em></strong></span> <span class='ocrx_word' id='word_1_258' title='bbox 255 3063 352 3128; x_wconf 89' lang='grc' dir='ltr'><strong><em>ἰδίων</em></strong></span> <span class='ocrx_word' id='word_1_259' title='bbox 373 3063 419 3140; x_wconf 90' lang='grc' dir='ltr'><strong><em>εἰς</em></strong></span> <span class='ocrx_word' id='word_1_260' title='bbox 441 3059 577 3146; x_wconf 84' lang='grc' dir='ltr'><strong><em>έλεγχον</em></strong></span> <span class='ocrx_word' id='word_1_261' title='bbox 599 3067 672 3130; x_wconf 88' lang='grc' dir='ltr'><strong><em>τῶν</em></strong></span> <span class='ocrx_word' id='word_1_262' title='bbox 693 3055 959 3146; x_wconf 85' lang='grc' dir='ltr'><strong><em>ῦποδεεστέρων·</em></strong></span> <span class='ocrx_word' id='word_1_263' title='bbox 987 3053 1101 3141; x_wconf 84' lang='grc' dir='ltr'><strong><em>οῦτως</em></strong></span> <span class='ocrx_word' id='word_1_264' title='bbox 1122 3057 1210 3147; x_wconf 84' lang='grc' dir='ltr'><strong><em>πρὸς</em></strong></span> <span class='ocrx_word' id='word_1_265' title='bbox 1231 3057 1311 3139; x_wconf 84' lang='grc' dir='ltr'><strong><em>τοῦς</em></strong></span> <span class='ocrx_word' id='word_1_266' title='bbox 1333 3061 1560 3144; x_wconf 81' lang='grc' dir='ltr'><strong><em>ἐγκαλοῦντας</em></strong></span> 
     </span>
     <span class='ocr_line' id='line_1_27' title="bbox 256 3153 1561 3246; baseline -0.002 -20"><span class='ocrx_word' id='word_1_267' title='bbox 256 3153 348 3246; x_wconf 84' lang='grc' dir='ltr'><strong><em>ἡμῖν,</em></strong></span> <span class='ocrx_word' id='word_1_268' title='bbox 381 3161 453 3227; x_wconf 89' lang='grc' dir='ltr'><strong><em>ἐπεὶ</em></strong></span> <span class='ocrx_word' id='word_1_269' title='bbox 487 3155 531 3245; x_wconf 89' lang='grc' dir='ltr'><strong><em>μή</em></strong></span> <span class='ocrx_word' id='word_1_270' title='bbox 563 3165 742 3245; x_wconf 75' lang='grc' dir='ltr'><strong><em>νομίζομεν</em></strong></span> <span class='ocrx_word' id='word_1_271' title='bbox 774 3163 844 3228; x_wconf 86' lang='grc' dir='ltr'><strong><em>δεῖν</em></strong></span> <span class='ocrx_word' id='word_1_272' title='bbox 873 3165 1001 3242; x_wconf 82' lang='grc' dir='ltr'><strong><em>σέβειν</em></strong></span> <span class='ocrx_word' id='word_1_273' title='bbox 1031 3159 1072 3230; x_wconf 86' lang='grc' dir='ltr'><strong><em>τὸ</em></strong></span> <span class='ocrx_word' id='word_1_274' title='bbox 1103 3168 1201 3228; x_wconf 88' lang='grc' dir='ltr'><strong><em>θεῖον</em></strong></span> <span class='ocrx_word' id='word_1_275' title='bbox 1231 3153 1309 3244; x_wconf 83' lang='grc' dir='ltr'><strong><em>παρ’</em></strong></span> <span class='ocrx_word' id='word_1_276' title='bbox 1340 3153 1561 3244; x_wconf 90' lang='grc' dir='ltr'><strong><em>ἀναισθήτοις</em></strong></span> 
     </span>
     <span class='ocr_line' id='line_1_28' title="bbox 256 3252 1561 3346; baseline -0.003 -19"><span class='ocrx_word' id='word_1_277' title='bbox 256 3274 382 3339; x_wconf 90' lang='grc' dir='ltr'><strong><em>ναοῖς,</em></strong></span> <span class='ocrx_word' id='word_1_278' title='bbox 413 3252 794 3345; x_wconf 89' lang='grc' dir='ltr'><strong><em>ἀντιπαραλαμβάνομεν</em></strong></span> <span class='ocrx_word' id='word_1_279' title='bbox 823 3256 903 3340; x_wconf 87' lang='grc' dir='ltr'><strong><em>τούς</em></strong></span> <span class='ocrx_word' id='word_1_280' title='bbox 935 3253 1014 3326; x_wconf 79' lang='grc' dir='ltr'><strong><em>καθ’</em></strong></span> <span class='ocrx_word' id='word_1_281' title='bbox 1041 3253 1125 3346; x_wconf 83' lang='grc' dir='ltr'><strong><em>ἡμᾶς</em></strong></span> <span class='ocrx_word' id='word_1_282' title='bbox 1156 3255 1276 3339; x_wconf 84' lang='grc' dir='ltr'><strong><em>νοοδς</em></strong></span> <span class='ocrx_word' id='word_1_283' title='bbox 1302 3261 1357 3326; x_wconf 86' lang='grc' dir='ltr'><strong><em>καί</em></strong></span> <span class='ocrx_word' id='word_1_284' title='bbox 1388 3259 1561 3342; x_wconf 84' lang='grc' dir='ltr'><strong><em>δείκνυμεν</em></strong></span> 
     </span>
     <span class='ocr_line' id='line_1_29' title="bbox 256 3350 1561 3446; baseline -0.002 -20"><span class='ocrx_word' id='word_1_285' title='bbox 256 3375 329 3438; x_wconf 90' lang='grc' dir='ltr'><strong><em>τοῖς</em></strong></span> <span class='ocrx_word' id='word_1_286' title='bbox 362 3383 397 3444; x_wconf 94' lang='grc' dir='ltr'><strong><em>γε</em></strong></span> <span class='ocrx_word' id='word_1_287' title='bbox 428 3353 472 3445; x_wconf 84' lang='grc' dir='ltr'><strong><em>μή</em></strong></span> <span class='ocrx_word' id='word_1_288' title='bbox 503 3350 724 3443; x_wconf 89' lang='grc' dir='ltr'><strong><em>ἀναισθήτοις</em></strong></span> <span class='ocrx_word' id='word_1_289' title='bbox 749 3360 832 3444; x_wconf 84' lang='grc' dir='ltr'><strong><em>μηδὲ</em></strong></span> <span class='ocrx_word' id='word_1_290' title='bbox 858 3363 1105 3446; x_wconf 89' lang='grc' dir='ltr'><strong><em>παραπλησίοις</em></strong></span> <span class='ocrx_word' id='word_1_291' title='bbox 1131 3374 1202 3436; x_wconf 88' lang='grc' dir='ltr'><strong><em>τοῖς</em></strong></span> <span class='ocrx_word' id='word_1_292' title='bbox 1223 3351 1444 3444; x_wconf 88' lang='grc' dir='ltr'><strong><em>ἀναισθήτοις</em></strong></span> <span class='ocrx_word' id='word_1_293' title='bbox 1466 3364 1561 3437; x_wconf 87' lang='grc' dir='ltr'><strong><em>θεοῖς</em></strong></span> 
     </span>
     <span class='ocr_line' id='line_1_30' title="bbox 255 3448 1561 3544; baseline -0.001 -19"><span class='ocrx_word' id='word_1_294' title='bbox 255 3452 372 3526; x_wconf 88' lang='grc' dir='ltr'><strong><em>αῦτῶν</em></strong></span> <span class='ocrx_word' id='word_1_295' title='bbox 404 3448 457 3527; x_wconf 77' lang='grc' dir='ltr'><strong><em>δτι</em></strong></span> <span class='ocrx_word' id='word_1_296' title='bbox 488 3449 625 3541; x_wconf 78' lang='grc' dir='ltr'><strong><em>οὐδεμία</em></strong></span> <span class='ocrx_word' id='word_1_297' title='bbox 656 3451 821 3543; x_wconf 86' lang='grc' dir='ltr'><strong><em>σῦγκρισίς</em></strong></span> <span class='ocrx_word' id='word_1_298' title='bbox 852 3459 943 3526; x_wconf 86' lang='grc' dir='ltr'><strong><em>ἐστιν</em></strong></span> <span class='ocrx_word' id='word_1_299' title='bbox 974 3451 1056 3526; x_wconf 85' lang='grc' dir='ltr'><strong><em>οῦτε</em></strong></span> <span class='ocrx_word' id='word_1_300' title='bbox 1082 3463 1156 3526; x_wconf 89' lang='grc' dir='ltr'><strong><em>τῶν</em></strong></span> <span class='ocrx_word' id='word_1_301' title='bbox 1184 3453 1263 3542; x_wconf 83' lang='grc' dir='ltr'><strong><em>παρ’</em></strong></span> <span class='ocrx_word' id='word_1_302' title='bbox 1287 3450 1364 3544; x_wconf 83' lang='grc' dir='ltr'><strong><em>ἡμῖν</em></strong></span> <span class='ocrx_word' id='word_1_303' title='bbox 1391 3450 1561 3542; x_wconf 89' lang='grc' dir='ltr'><strong><em>ἀγαλμά·</em></strong></span> 
     </span>
    </p>

    <p class='ocr_par' dir='ltr' id='par_1_8' title="bbox 205 3549 1562 3944">
     <span class='ocr_line' id='line_1_31' title="bbox 205 3549 1561 3644; baseline -0.002 -17"><span class='ocrx_word' id='word_1_304' title='bbox 205 3571 240 3627; x_wconf 85' lang='grc'><strong><em>30</em></strong></span> <span class='ocrx_word' id='word_1_305' title='bbox 257 3583 338 3625; x_wconf 88' lang='grc' dir='ltr'><strong><em>των</em></strong></span> <span class='ocrx_word' id='word_1_306' title='bbox 363 3552 450 3643; x_wconf 86' lang='grc' dir='ltr'><strong><em>πρὸς</em></strong></span> <span class='ocrx_word' id='word_1_307' title='bbox 473 3553 515 3625; x_wconf 84' lang='grc' dir='ltr'><strong><em>τά</em></strong></span> <span class='ocrx_word' id='word_1_308' title='bbox 538 3550 744 3642; x_wconf 88' lang='grc' dir='ltr'><strong><em>ἀγάλματα</em></strong></span> <span class='ocrx_word' id='word_1_309' title='bbox 772 3560 846 3626; x_wconf 89' lang='grc' dir='ltr'><strong><em>τῶν</em></strong></span> <span class='ocrx_word' id='word_1_310' title='bbox 873 3560 989 3626; x_wconf 89' lang='grc' dir='ltr'><strong><em>ἐθνῶν</em></strong></span> <span class='ocrx_word' id='word_1_311' title='bbox 1010 3550 1090 3626; x_wconf 85' lang='grc' dir='ltr'><strong><em>οὔτε</em></strong></span> <span class='ocrx_word' id='word_1_312' title='bbox 1114 3559 1188 3626; x_wconf 90' lang='grc' dir='ltr'><strong><em>τῶν</em></strong></span> <span class='ocrx_word' id='word_1_313' title='bbox 1209 3550 1288 3642; x_wconf 75' lang='grc' dir='ltr'><strong><em>παρ’</em></strong></span> <span class='ocrx_word' id='word_1_314' title='bbox 1312 3549 1390 3643; x_wconf 86' lang='grc' dir='ltr'><strong><em>ήμῑν</em></strong></span> <span class='ocrx_word' id='word_1_315' title='bbox 1416 3560 1561 3644; x_wconf 87' lang='grc' dir='ltr'><strong><em>βωμῶν</em></strong></span> 
     </span>
     <span class='ocr_line' id='line_1_32' title="bbox 256 3647 1560 3744; baseline 0 -20"><span class='ocrx_word' id='word_1_316' title='bbox 256 3661 310 3724; x_wconf 89' lang='grc' dir='ltr'><strong><em>καί</em></strong></span> <span class='ocrx_word' id='word_1_317' title='bbox 343 3660 416 3724; x_wconf 90' lang='grc' dir='ltr'><strong><em>τῶν</em></strong></span> <span class='ocrx_word' id='word_1_318' title='bbox 446 3649 525 3742; x_wconf 78' lang='grc' dir='ltr'><strong><em>παρ&gt;</em></strong></span> <span class='ocrx_word' id='word_1_319' title='bbox 548 3649 680 3736; x_wconf 87' lang='grc' dir='ltr'><strong><em>αῦτοῖς,</em></strong></span> <span class='ocrx_word' id='word_1_320' title='bbox 708 3649 750 3723; x_wconf 76' lang='grc' dir='ltr'><strong><em>ἵν’</em></strong></span> <span class='ocrx_word' id='word_1_321' title='bbox 777 3647 889 3736; x_wconf 80' lang='grc' dir='ltr'><strong><em>οῦτως</em></strong></span> <span class='ocrx_word' id='word_1_322' title='bbox 915 3649 1083 3744; x_wconf 81' lang='grc' dir='ltr'><strong><em>ὀνομάσω,</em></strong></span> <span class='ocrx_word' id='word_1_323' title='bbox 1110 3650 1336 3743; x_wconf 87' lang='grc' dir='ltr'><strong><em>θυμιαμάτων</em></strong></span> <span class='ocrx_word' id='word_1_324' title='bbox 1363 3654 1449 3742; x_wconf 87' lang='grc' dir='ltr'><strong><em>πρὸς</em></strong></span> <span class='ocrx_word' id='word_1_325' title='bbox 1480 3654 1560 3737; x_wconf 85' lang='grc' dir='ltr'><strong><em>τοῦς</em></strong></span> 
     </span>
     <span class='ocr_line' id='line_1_33' title="bbox 256 3749 1562 3843; baseline -0.001 -19"><span class='ocrx_word' id='word_1_326' title='bbox 256 3759 396 3824; x_wconf 85' lang='grc' dir='ltr'><strong><em>ἐκείνων</em></strong></span> <span class='ocrx_word' id='word_1_327' title='bbox 422 3753 576 3843; x_wconf 79' lang='grc' dir='ltr'><strong><em>βωμοὺς</em></strong></span> <span class='ocrx_word' id='word_1_328' title='bbox 601 3763 657 3824; x_wconf 81' lang='grc' dir='ltr'><strong><em>καὶ</em></strong></span> <span class='ocrx_word' id='word_1_329' title='bbox 684 3751 745 3834; x_wconf 83' lang='grc' dir='ltr'><strong><em>τάς</em></strong></span> <span class='ocrx_word' id='word_1_330' title='bbox 770 3752 850 3842; x_wconf 86' lang='grc' dir='ltr'><strong><em>παρ’</em></strong></span> <span class='ocrx_word' id='word_1_331' title='bbox 872 3751 989 3838; x_wconf 77' lang='grc' dir='ltr'><strong><em>αὐτοῖς</em></strong></span> <span class='ocrx_word' id='word_1_332' title='bbox 1010 3761 1146 3836; x_wconf 87' lang='grc' dir='ltr'><strong><em>κνίσσας</em></strong></span> <span class='ocrx_word' id='word_1_333' title='bbox 1166 3760 1221 3822; x_wconf 90' lang='grc' dir='ltr'><strong><em>καὶ</em></strong></span> <span class='ocrx_word' id='word_1_334' title='bbox 1244 3754 1366 3840; x_wconf 75' lang='grc' dir='ltr'><strong><em>αἵματα</em></strong></span> <span class='ocrx_word' id='word_1_335' title='bbox 1389 3751 1462 3826; x_wconf 81' lang='grc' dir='ltr'><strong><em>ἀλλ’</em></strong></span> <span class='ocrx_word' id='word_1_336' title='bbox 1482 3749 1562 3825; x_wconf 82' lang='grc' dir='ltr'><strong><em>οῦδὲ</em></strong></span> 
     </span>
     <span class='ocr_line' id='line_1_34' title="bbox 257 3849 1560 3944; baseline -0.001 -19"><span class='ocrx_word' id='word_1_337' title='bbox 257 3859 332 3926; x_wconf 87' lang='grc' dir='ltr'><strong><em>τῶν</em></strong></span> <span class='ocrx_word' id='word_1_338' title='bbox 359 3849 617 3942; x_wconf 88' lang='grc' dir='ltr'><strong><em>ἀποδεδομένων</em></strong></span> <span class='ocrx_word' id='word_1_339' title='bbox 648 3859 756 3924; x_wconf 88' lang='grc' dir='ltr'><strong><em>ναῶν</em></strong></span> <span class='ocrx_word' id='word_1_340' title='bbox 783 3853 870 3940; x_wconf 87' lang='grc' dir='ltr'><strong><em>πρὸς</em></strong></span> <span class='ocrx_word' id='word_1_341' title='bbox 891 3853 972 3937; x_wconf 83' lang='grc' dir='ltr'><strong><em>τούς</em></strong></span> <span class='ocrx_word' id='word_1_342' title='bbox 999 3853 1121 3935; x_wconf 82' lang='grc' dir='ltr'><strong><em>ναοὺς</em></strong></span> <span class='ocrx_word' id='word_1_343' title='bbox 1146 3859 1220 3924; x_wconf 90' lang='grc' dir='ltr'><strong><em>τῶν</em></strong></span> <span class='ocrx_word' id='word_1_344' title='bbox 1243 3849 1470 3944; x_wconf 89' lang='grc' dir='ltr'><strong><em>ἀναισθήτων,</em></strong></span> <span class='ocrx_word' id='word_1_345' title='bbox 1493 3850 1560 3924; x_wconf 80' lang='grc' dir='ltr'><strong><em>ἀπὸ</em></strong></span> 
     </span>
    </p>
   </div>
   <div class='ocr_carea' id='block_1_3' title="bbox 257 4022 1561 4172">
    <p class='ocr_par' dir='ltr' id='par_1_9' title="bbox 257 4022 1561 4172">
     <span class='ocr_line' id='line_1_35' title="bbox 340 4022 1561 4094; baseline -0.002 -16"><span class='ocrx_word' id='word_1_346' title='bbox 340 4025 359 4078; x_wconf 78' lang='grc' dir='ltr'><strong><em>θ</em></strong></span> <span class='ocrx_word' id='word_1_347' title='bbox 382 4022 483 4078; x_wconf 78' lang='lat' dir='ltr'>IPetr.</span> <span class='ocrx_word' id='word_1_348' title='bbox 502 4025 526 4090; x_wconf 86' lang='lat'><strong><em>2,</em></strong></span> <span class='ocrx_word' id='word_1_349' title='bbox 545 4027 569 4079; x_wconf 80' lang='lat'><strong><em>5.</em></strong></span> <span class='ocrx_word' id='word_1_350' title='bbox 595 4055 627 4063; x_wconf 92' lang='lat'><em>-</em></span> <span class='ocrx_word' id='word_1_351' title='bbox 654 4023 790 4094; x_wconf 71' lang='lat' dir='ltr'>GEphes.</span> <span class='ocrx_word' id='word_1_352' title='bbox 809 4026 832 4086; x_wconf 91' lang='grc'><strong><em>2,</em></strong></span> <span class='ocrx_word' id='word_1_353' title='bbox 851 4026 892 4079; x_wconf 84' lang='grc'><strong><em>20.</em></strong></span> <span class='ocrx_word' id='word_1_354' title='bbox 919 4053 953 4062; x_wconf 93' lang='grc'>-</span> <span class='ocrx_word' id='word_1_355' title='bbox 980 4024 1019 4078; x_wconf 84' lang='grc'><strong><em>10</em></strong></span> <span class='ocrx_word' id='word_1_356' title='bbox 1046 4023 1401 4088; x_wconf 78' lang='lat' dir='ltr'>Jes.54,11-14.-15</span> <span class='ocrx_word' id='word_1_357' title='bbox 1425 4023 1488 4093; x_wconf 81' lang='lat' dir='ltr'><strong>vgl.</strong></span> <span class='ocrx_word' id='word_1_358' title='bbox 1507 4024 1561 4077; x_wconf 83' lang='lat' dir='ltr'><strong>Jes.</strong></span> 
     </span>
     <span class='ocr_line' id='line_1_36' title="bbox 257 4109 417 4172; baseline -0.013 -10"><span class='ocrx_word' id='word_1_359' title='bbox 257 4109 417 4172; x_wconf 80' lang='grc'><strong>54,11.12.</strong></span> 
     </span>
    </p>
   </div>
   <div class='ocr_carea' id='block_1_4' title="bbox 257 4235 1563 4736">
    <p class='ocr_par' dir='ltr' id='par_1_10' title="bbox 257 4235 1563 4736">
     <span class='ocr_line' id='line_1_37' title="bbox 342 4235 1558 4317; baseline 0.001 -20"><span class='ocrx_word' id='word_1_360' title='bbox 342 4242 360 4297; x_wconf 78' lang='grc'><strong>4</strong></span> <span class='ocrx_word' id='word_1_361' title='bbox 383 4235 542 4312; x_wconf 77' lang='grc' dir='ltr'><strong><em>ἀνενέγκαι]</em></strong></span> <span class='ocrx_word' id='word_1_362' title='bbox 570 4242 620 4297; x_wconf 73' lang='lat' dir='ltr'><strong><em>das</em></strong></span> <span class='ocrx_word' id='word_1_363' title='bbox 646 4245 715 4298; x_wconf 80' lang='grc' dir='ltr'><strong><em>ετεῖο</em></strong></span> <span class='ocrx_word' id='word_1_364' title='bbox 738 4261 755 4298; x_wconf 88' lang='grc' dir='ltr'><strong><em>ν</em></strong></span> <span class='ocrx_word' id='word_1_365' title='bbox 772 4242 975 4312; x_wconf 76' lang='lat' dir='ltr'>ausgebrochen</span> <span class='ocrx_word' id='word_1_366' title='bbox 993 4246 1019 4297; x_wconf 93' lang='lat' dir='ltr'>A</span> <span class='ocrx_word' id='word_1_367' title='bbox 1041 4243 1046 4311; x_wconf 95' lang='grc' dir='ltr'>Ι</span> <span class='ocrx_word' id='word_1_368' title='bbox 1069 4243 1088 4300; x_wconf 80' lang='lat'><strong>5</strong></span> <span class='ocrx_word' id='word_1_369' title='bbox 1112 4259 1161 4296; x_wconf 88' lang='lat' dir='ltr'><strong><em>vor</em></strong></span> <span class='ocrx_word' id='word_1_370' title='bbox 1178 4245 1239 4316; x_wconf 76' lang='grc' dir='ltr'><strong><em>θεῷ</em></strong></span> <span class='ocrx_word' id='word_1_371' title='bbox 1257 4250 1289 4308; x_wconf 82' lang='grc' dir='ltr'><strong><em>-Ι-</em></strong></span> <span class='ocrx_word' id='word_1_372' title='bbox 1306 4249 1348 4317; x_wconf 70' lang='lat' dir='ltr'><strong><em>tq)</em></strong></span> <span class='ocrx_word' id='word_1_373' title='bbox 1366 4247 1468 4312; x_wconf 76' lang='lat' dir='ltr'>Ausgg.</span> <span class='ocrx_word' id='word_1_374' title='bbox 1493 4245 1497 4310; x_wconf 97' lang='grc' dir='ltr'>Ι</span> <span class='ocrx_word' id='word_1_375' title='bbox 1523 4243 1558 4298; x_wconf 92' lang='grc'><strong><em>11</em></strong></span> 
     </span>
     <span class='ocr_line' id='line_1_38' title="bbox 257 4319 1561 4398; baseline -0.001 -16"><span class='ocrx_word' id='word_1_376' title='bbox 257 4321 356 4382; x_wconf 84' lang='grc' dir='ltr'><strong><em>ἰάσπιν</em></strong></span> <span class='ocrx_word' id='word_1_377' title='bbox 371 4330 397 4381; x_wconf 96' lang='lat' dir='ltr'>A</span> <span class='ocrx_word' id='word_1_378' title='bbox 412 4329 416 4394; x_wconf 93' lang='grc' dir='ltr'>Ι</span> <span class='ocrx_word' id='word_1_379' title='bbox 433 4327 472 4382; x_wconf 78' lang='lat'><strong><em>12</em></strong></span> <span class='ocrx_word' id='word_1_380' title='bbox 495 4319 685 4396; x_wconf 87' lang='grc' dir='ltr'><strong><em>κρυστάλλου]</em></strong></span> <span class='ocrx_word' id='word_1_381' title='bbox 704 4327 751 4381; x_wconf 80' lang='lat' dir='ltr'><strong><em>das</em></strong></span> <span class='ocrx_word' id='word_1_382' title='bbox 769 4327 866 4382; x_wconf 71' lang='lat' dir='ltr'><strong>meite</strong></span> <span class='ocrx_word' id='word_1_383' title='bbox 883 4330 899 4382; x_wconf 86' lang='grc' dir='ltr'><strong><em>λ</em></strong></span> <span class='ocrx_word' id='word_1_384' title='bbox 917 4328 1090 4396; x_wconf 77' lang='lat' dir='ltr'><strong>fibergesohr.</strong></span> <span class='ocrx_word' id='word_1_385' title='bbox 1106 4329 1143 4380; x_wconf 77' lang='grc' dir='ltr'><strong><em>Α1</em></strong></span> <span class='ocrx_word' id='word_1_386' title='bbox 1158 4329 1163 4395; x_wconf 94' lang='grc' dir='ltr'>Ι</span> <span class='ocrx_word' id='word_1_387' title='bbox 1181 4328 1219 4383; x_wconf 75' lang='lat' dir='ltr'><strong><em>lo</em></strong></span> <span class='ocrx_word' id='word_1_388' title='bbox 1237 4323 1342 4398; x_wconf 84' lang='grc' dir='ltr'><strong><em>ίααιιιςΙ</em></strong></span> <span class='ocrx_word' id='word_1_389' title='bbox 1360 4329 1464 4382; x_wconf 75' lang='lat' dir='ltr'>Accent</span> <span class='ocrx_word' id='word_1_390' title='bbox 1482 4327 1561 4392; x_wconf 80' lang='lat' dir='ltr'><strong>fehlt,</strong></span> 
     </span>
     <span class='ocr_line' id='line_1_39' title="bbox 257 4403 1561 4482; baseline 0.004 -19"><span class='ocrx_word' id='word_1_391' title='bbox 257 4428 283 4464; x_wconf 88' lang='lat' dir='ltr'><strong><em>n.</em></strong></span> <span class='ocrx_word' id='word_1_392' title='bbox 301 4411 389 4464; x_wconf 77' lang='lat' dir='ltr'><strong>Rasur</strong></span> <span class='ocrx_word' id='word_1_393' title='bbox 407 4411 474 4464; x_wconf 72' lang='lat' dir='ltr'><strong>iiber</strong></span> <span class='ocrx_word' id='word_1_394' title='bbox 492 4409 503 4465; x_wconf 89' lang='grc' dir='ltr'><strong><em>ἰ</em></strong></span> <span class='ocrx_word' id='word_1_395' title='bbox 519 4412 544 4464; x_wconf 89' lang='lat' dir='ltr'>A</span> <span class='ocrx_word' id='word_1_396' title='bbox 564 4413 568 4480; x_wconf 95' lang='grc' dir='ltr'>Ι</span> <span class='ocrx_word' id='word_1_397' title='bbox 587 4405 752 4482; x_wconf 81' lang='grc' dir='ltr'><strong><em>κρύσταλος</em></strong></span> <span class='ocrx_word' id='word_1_398' title='bbox 769 4413 793 4465; x_wconf 84' lang='grc' dir='ltr'><strong>Α</strong></span> <span class='ocrx_word' id='word_1_399' title='bbox 813 4415 817 4477; x_wconf 97' lang='grc' dir='ltr'>Ι</span> <span class='ocrx_word' id='word_1_400' title='bbox 838 4413 876 4468; x_wconf 81' lang='grc'><strong><em>18</em></strong></span> <span class='ocrx_word' id='word_1_401' title='bbox 901 4415 971 4468; x_wconf 81' lang='grc' dir='ltr'><strong><em>νοῦν</em></strong></span> <span class='ocrx_word' id='word_1_402' title='bbox 989 4412 1123 4481; x_wconf 77' lang='lat' dir='ltr'>MAusgg.</span> <span class='ocrx_word' id='word_1_403' title='bbox 1142 4417 1192 4467; x_wconf 88' lang='grc' dir='ltr'><strong><em>νῦν</em></strong></span> <span class='ocrx_word' id='word_1_404' title='bbox 1209 4414 1234 4466; x_wconf 91' lang='lat' dir='ltr'>A</span> <span class='ocrx_word' id='word_1_405' title='bbox 1248 4415 1253 4481; x_wconf 90' lang='grc' dir='ltr'>Ι</span> <span class='ocrx_word' id='word_1_406' title='bbox 1268 4412 1308 4470; x_wconf 76' lang='lat'><strong><em>25</em></strong></span> <span class='ocrx_word' id='word_1_407' title='bbox 1332 4403 1425 4477; x_wconf 69' lang='grc' dir='ltr'><strong><em>οὕτως</em></strong></span> <span class='ocrx_word' id='word_1_408' title='bbox 1441 4415 1467 4466; x_wconf 93' lang='lat' dir='ltr'>A</span> <span class='ocrx_word' id='word_1_409' title='bbox 1485 4405 1561 4468; x_wconf 71' lang='grc' dir='ltr'><strong><em>οὕτω</em></strong></span> 
     </span>
     <span class='ocr_line' id='line_1_40' title="bbox 258 4489 1563 4567; baseline 0 -17"><span class='ocrx_word' id='word_1_410' title='bbox 258 4497 361 4564; x_wconf 83' lang='lat' dir='ltr'>Ausgg.</span> <span class='ocrx_word' id='word_1_411' title='bbox 384 4497 388 4563; x_wconf 95' lang='grc' dir='ltr'>Ι</span> <span class='ocrx_word' id='word_1_412' title='bbox 413 4496 452 4551; x_wconf 75' lang='grc'><strong><em>29</em></strong></span> <span class='ocrx_word' id='word_1_413' title='bbox 477 4489 541 4550; x_wconf 81' lang='grc' dir='ltr'><strong><em>οὐδὲ</em></strong></span> <span class='ocrx_word' id='word_1_414' title='bbox 562 4495 614 4564; x_wconf 87' lang='grc' dir='ltr'><strong><em>μία</em></strong></span> <span class='ocrx_word' id='word_1_415' title='bbox 636 4500 661 4551; x_wconf 89' lang='lat' dir='ltr'>A</span> <span class='ocrx_word' id='word_1_416' title='bbox 684 4497 689 4563; x_wconf 94' lang='grc' dir='ltr'>Ι</span> <span class='ocrx_word' id='word_1_417' title='bbox 713 4496 751 4552; x_wconf 76' lang='lat'><strong><em>81</em></strong></span> <span class='ocrx_word' id='word_1_418' title='bbox 774 4499 834 4550; x_wconf 84' lang='grc' dir='ltr'><strong><em>τῶν</em></strong></span> <span class='ocrx_word' id='word_1_419' title='bbox 855 4491 924 4565; x_wconf 80' lang='grc' dir='ltr'><strong><em>παρ’</em></strong></span> <span class='ocrx_word' id='word_1_420' title='bbox 943 4491 1040 4562; x_wconf 80' lang='grc' dir='ltr'><strong><em>αὐτοῖς</em></strong></span> <span class='ocrx_word' id='word_1_421' title='bbox 1057 4507 1090 4556; x_wconf 98' lang='grc'>&lt;</span> <span class='ocrx_word' id='word_1_422' title='bbox 1108 4502 1222 4567; x_wconf 65' lang='lat' dir='ltr'>Ausgg„</span> <span class='ocrx_word' id='word_1_423' title='bbox 1245 4497 1311 4552; x_wconf 80' lang='lat' dir='ltr'><strong>aber</strong></span> <span class='ocrx_word' id='word_1_424' title='bbox 1332 4501 1391 4552; x_wconf 89' lang='grc' dir='ltr'><strong><em>τῶν</em></strong></span> <span class='ocrx_word' id='word_1_425' title='bbox 1416 4498 1453 4552; x_wconf 74' lang='lat' dir='ltr'><strong><em>ist</em></strong></span> <span class='ocrx_word' id='word_1_426' title='bbox 1474 4497 1563 4552; x_wconf 77' lang='lat' dir='ltr'>sicher</span> 
     </span>
     <span class='ocr_line' id='line_1_41' title="bbox 258 4571 1562 4651; baseline 0.005 -19"><span class='ocrx_word' id='word_1_427' title='bbox 258 4579 481 4642; x_wconf 72' lang='lat' dir='ltr'>beizubehalten,</span> <span class='ocrx_word' id='word_1_428' title='bbox 505 4580 561 4634; x_wconf 86' lang='lat' dir='ltr'><strong><em>und</em></strong></span> <span class='ocrx_word' id='word_1_429' title='bbox 583 4574 653 4648; x_wconf 87' lang='grc' dir='ltr'><strong><em>παρ’</em></strong></span> <span class='ocrx_word' id='word_1_430' title='bbox 671 4571 769 4644; x_wconf 80' lang='grc' dir='ltr'><strong><em>αὐτοῖς</em></strong></span> <span class='ocrx_word' id='word_1_431' title='bbox 791 4580 858 4650; x_wconf 79' lang='lat' dir='ltr'><strong>(scil.</strong></span> <span class='ocrx_word' id='word_1_432' title='bbox 877 4581 996 4650; x_wconf 86' lang='grc' dir='ltr'><strong><em>βωμοῖς)</em></strong></span> <span class='ocrx_word' id='word_1_433' title='bbox 1018 4581 1095 4650; x_wconf 76' lang='lat' dir='ltr'>giebt</span> <span class='ocrx_word' id='word_1_434' title='bbox 1117 4581 1188 4636; x_wconf 78' lang='lat' dir='ltr'><strong>auch</strong></span> <span class='ocrx_word' id='word_1_435' title='bbox 1206 4581 1286 4636; x_wconf 80' lang='lat' dir='ltr'>einen</span> <span class='ocrx_word' id='word_1_436' title='bbox 1303 4585 1388 4651; x_wconf 74' lang='lat' dir='ltr'><strong>guten</strong></span> <span class='ocrx_word' id='word_1_437' title='bbox 1406 4581 1473 4636; x_wconf 84' lang='lat' dir='ltr'>Sinn</span> <span class='ocrx_word' id='word_1_438' title='bbox 1495 4585 1499 4650; x_wconf 95' lang='grc' dir='ltr'>Ι</span> <span class='ocrx_word' id='word_1_439' title='bbox 1523 4583 1562 4638; x_wconf 78' lang='grc'><strong><em>113</em></strong></span> 
     </span>
     <span class='ocr_line' id='line_1_42' title="bbox 260 4657 1458 4736; baseline 0.002 -18"><span class='ocrx_word' id='word_1_440' title='bbox 260 4657 480 4732; x_wconf 84' lang='grc' dir='ltr'><strong><em>ἀποδεδομένων</em></strong></span> <span class='ocrx_word' id='word_1_441' title='bbox 497 4663 620 4719; x_wconf 83' lang='lat' dir='ltr'><strong>schreibe</strong></span> <span class='ocrx_word' id='word_1_442' title='bbox 637 4663 683 4718; x_wconf 79' lang='lat' dir='ltr'><strong><em>ioh</em></strong></span> <span class='ocrx_word' id='word_1_443' title='bbox 702 4665 754 4718; x_wconf 79' lang='lat' dir='ltr'><strong><em>mit</em></strong></span> <span class='ocrx_word' id='word_1_444' title='bbox 771 4665 819 4719; x_wconf 86' lang='lat' dir='ltr'><strong><em>Bo.</em></strong></span> <span class='ocrx_word' id='word_1_445' title='bbox 839 4663 937 4732; x_wconf 77' lang='lat' dir='ltr'><strong>(Notae</strong></span> <span class='ocrx_word' id='word_1_446' title='bbox 954 4683 982 4734; x_wconf 89' lang='lat' dir='ltr'><strong><em>p.</em></strong></span> <span class='ocrx_word' id='word_1_447' title='bbox 1000 4667 1069 4732; x_wconf 74' lang='lat'>405),</span> <span class='ocrx_word' id='word_1_448' title='bbox 1088 4660 1309 4735; x_wconf 83' lang='grc' dir='ltr'><strong><em>ἀποδεχομένων</em></strong></span> <span class='ocrx_word' id='word_1_449' title='bbox 1325 4671 1458 4736; x_wconf 78' lang='lat' dir='ltr'>AAusgg.</span> 
     </span>
    </p>
   </div>
   <div class='ocr_carea' id='block_1_5' title="bbox 0 0 1905 5532">
    <p class='ocr_par' dir='ltr' id='par_1_11' title="bbox 0 0 1905 5532">
     <span class='ocr_line' id='line_1_43' title="bbox 0 0 1905 5532; baseline 0 0"><span class='ocrx_word' id='word_1_450' title='bbox 0 0 1905 5532; x_wconf 95' lang='lat' dir='ltr'><strong><em> </em></strong></span> 
     </span>
    </p>
   </div>
  </div>
 </body>
</html>
