3780 5532
615 445 714 500 ΚΑΤΑ
743 443 904 500 ΚΕΔΣΟΥ
926 445 1000 502 vm
1018 445 1059 500 30.
1077 446 1118 500 31.
1137 445 1178 500 32.
1488 451 1548 512 247

245 602 308 675 κόν
338 623 411 688 τοῖς
448 602 718 680 ἀναπνέουσιν
753 605 877 680 αύτόν
907 615 1067 696 γίνεσθαι.
1111 604 1152 680 ού
1181 607 1247 697 μὴν
1275 605 1354 686 τούς
1381 601 1549 694 άοράτους

247 711 357 791 φαμὲν
386 706 470 775 εἶναι
503 711 708 796 δαίμονας·
738 704 824 793 ἀλλ’,
858 713 886 779 εί
914 706 977 797 χρὴ
1008 704 1295 797 ἀποτολμήσαντα
1324 711 1432 793 λέγειν
1461 703 1548 788 τινὰ,

246 807 338 892 είπερ
368 811 476 874 ταῦτα
506 804 710 896 δαιμόνων
739 813 831 879 ἐστίν
854 811 945 896 ἔργα,
969 805 1119 898 φήσομεν
1143 800 1198 879 ότι
1221 810 1310 894 λιμοὶ
1331 810 1386 874 καί
1409 799 1549 890 ἀφορίαι

247 910 419 993 σταφυλῆς
447 911 503 974 καί
535 902 767 996 ἀκροδρύων
795 913 850 977 καὶ
879 903 995 995 αύχμοὶ
1023 903 1110 979 ἀλλὰ
1136 911 1189 976 καὶ
1217 900 1322 994 ἦτοῦ
1344 900 1458 990 ἀέρος
1480 907 1549 973 δια-

212 1001 364 1092 σψθορὰ
392 1008 446 1074 έπὶ
475 1003 562 1094 λύμη
589 1014 663 1077 τῶν
688 1015 831 1093 καρπῶν
857 1002 928 1076 ἔσθ’
951 999 1010 1076 ότε
1037 1011 1073 1077 δὲ
1098 1012 1154 1076 καὶ
1178 1012 1230 1094 τῷ
1253 1007 1328 1074 τῶν
1349 1001 1465 1092 ζῷων
1485 1011 1549 1072 θα·

246 1099 341 1191 νάτῳ
363 1110 419 1173 καὶ
441 1110 493 1194 τῷ
515 1104 602 1175 κατὰ
625 1114 698 1176 τῶν
720 1103 922 1195 ἀνθρώπων
944 1112 1060 1195 λοιμῷ.
1097 1101 1211 1176 πάντα
1234 1109 1341 1174 ταῦτα
1364 1107 1548 1190 δαίμονες

246 1198 467 1292 αύτουργούσι
499 1201 627 1294 δήμιοι,
663 1213 768 1295 κρίσει
797 1213 865 1276 τινὶ
894 1213 972 1298 θείᾳ
1001 1201 1162 1290 λαβόντες
1188 1207 1340 1288 ἐξουσίαν
1362 1204 1399 1272 έν
1420 1218 1548 1287 καιροῖς

247 1326 313 1370 τισι
349 1299 446 1373 ταῦτ>
467 1307 613 1393 ἐνεργεῖν
642 1309 708 1376 ε’ίτε
734 1311 779 1388 είς
807 1303 1018 1394 ἐπιστροφὴν
1044 1300 1257 1392 ἀνθρώπων,
1287 1306 1341 1372 ἐπὶ
1368 1300 1433 1390 τὴν
1452 1298 1548 1388 χύσιν

247 1406 307 1489 τῆς
329 1408 446 1485 κακίας
468 1401 724 1490 έξοκειλάντων,
749 1409 816 1474 είτε
836 1410 891 1475 καὶ
914 1409 959 1485 είς
979 1401 1163 1494 γυμνάσιον
1184 1409 1247 1473 τοῦ
1266 1407 1403 1490 λογικοῦ
1418 1405 1547 1489 γένους·

197 1513 230 1568 10
248 1495 289 1567 ἵν’
312 1504 344 1570 οἱ
365 1505 426 1590 μὲν
452 1509 507 1573 καί
530 1507 661 1587 ἐντοῖς
684 1503 862 1586 τοσούτοις
885 1499 1024 1587 εὐσεβεῖς
1045 1509 1204 1591 μένοντες
1225 1508 1281 1571 καὶ
1302 1505 1463 1590 μηδαμῶς
1483 1505 1549 1587 γεί-

247 1623 327 1682 ρους
359 1596 529 1688 γινόμενοι
560 1611 700 1693 φανεροὶ
735 1609 821 1686 τέως
850 1621 924 1685 τοῖς
951 1601 996 1691 μὴ
1028 1607 1208 1686 βλέπουσιν
1238 1597 1355 1670 αὐτῶν
1386 1597 1449 1689 τὴν
1480 1600 1548 1684 έξιν

246 1691 408 1786 ἀοράτοις
438 1706 494 1770 καὶ
525 1697 661 1788 ὁρατοῖς
686 1714 827 1785 θεαταῖς
849 1709 1024 1792 γένωνται,
1047 1703 1079 1772 σί
1106 1697 1138 1771 δ’
1161 1704 1325 1782 ἐναντίως
1346 1703 1407 1788 μὲν
1428 1704 1547 1769 διακεί-

246 1825 341 1885 μενοι
366 1805 573 1884 κλέπτοντες
601 1807 635 1872 δὲ
663 1801 727 1890 τὴν
748 1809 809 1892 τῆς
830 1810 948 1884 κακίας
968 1805 1127 1885 ἐπίδειξιν
1148 1804 1363 1889 ἐλεγχθέντες
1384 1795 1451 1868 ύπό
1473 1803 1548 1867 τῶν

247 1895 503 1986 συμβαινόντων
526 1895 639 1972 ὁποῖοί
661 1906 744 1973 εἰσιν
767 1898 864 1972 αύτοί
885 1930 924 1973 τε
945 1901 1078 1972 έαυτῶν
1101 1905 1355 1986 συναισθηθῶσι
1375 1903 1431 1966 καὶ
1450 1901 1547 1986 δῆλοι

196 2010 228 2062 15
246 2015 327 2080 τοῖς,
350 1993 392 2068 ἵν’
414 1991 527 2081 οότως
549 1995 716 2088 ὀνομάσω,
738 2011 877 2084 θεαταῖς
899 2007 1074 2089 γένωνται.

329 2117 455 2184 XXXII.
492 2122 666 2205 Μαρτυρεῖ
689 2122 725 2188 δὲ
752 2112 771 2188 ό
792 2114 948 2206 ύμνῷδὸς
970 2122 1031 2206 τῷ,
1059 2107 1112 2187 ότι
1134 2118 1211 2204 θείᾳ
1231 2119 1335 2202 κρίσει
1356 2107 1547 2200 αὐτουργεῖ-

246 2243 302 2282 ται
333 2212 375 2284 τὰ
405 2212 674 2304 σκυθρωπότερα
695 2212 762 2286 ύπό
785 2243 893 2286 τινων
919 2222 1084 2304 πονηρῶν
1105 2210 1267 2304 ἀγγέλων,
1294 2215 1330 2282 έν
1353 2218 1403 2302 τῷ
1427 2207 1546 2295 ,ἀπέσ-

246 2323 356 2382 τειλεν
385 2319 431 2396 είς
462 2310 584 2398 αύτούς
607 2309 711 2405 ἀργὴν
731 2321 844 2401 θυμοῦ
865 2312 985 2398 αὐτοῦ,
1007 2311 1121 2403 θυμόν
1141 2321 1197 2384 καί
1219 2307 1324 2401 όργὴν
1346 2317 1401 2382 καὶ
1423 2320 1546 2397 θλῖψιν

245 2407 443 2501 ἀποστολὴν
475 2409 516 2485 δι’
538 2409 692 2503 ἀγγέλων
719 2422 911 2504 πονηρῶν.“
956 2418 984 2483 εί
1014 2418 1129 2483 δὲκαὶ
1155 2408 1238 2483 ἀλλο
1266 2439 1300 2481 τι
1325 2409 1415 2500 παρὰ
1438 2415 1546 2482 ταῦτα
1606 2429 1609 2436 ’

195 2525 229 2581 20
246 2518 386 2599 γίνεται,
418 2506 474 2583 ὅθ’
497 2517 529 2583 σί
562 2519 746 2601 δαίμονες
772 2519 1029 2602 έπιτρέπονται,
1053 2505 1103 2583 ἀεὶ
1131 2517 1193 2601 μὲν
1218 2506 1418 2600 βουλόμενοι
1437 2517 1546 2582 ταῦτα

245 2631 356 2680 ποιεῖν
382 2607 443 2682 ούκ
472 2608 522 2683 ἀεὶ
554 2617 590 2682 δὲ
618 2610 797 2703 δυνάμενοι
823 2613 877 2684 διὰ
900 2611 941 2685 τό
961 2611 1164 2691 κωλύεσθαι,
1188 2606 1206 2682 ό
1230 2607 1413 2699 δυνάμενος
1436 2613 1546 2696 ἐξετα-

247 2713 347 2794 ζέτω,
370 2709 436 2799 τὴν
462 2717 561 2782 θείαν
588 2720 698 2801 κρίσιν
724 2711 812 2784 κατὰ
839 2711 879 2784 τὸ
906 2711 1055 2784 δυνατόν
1076 2709 1277 2798 ἀνθρωπίνῃ
1301 2708 1397 2798 φύσει
1419 2737 1547 2798 φαντα-

246 2803 384 2895 ζόμενος
405 2818 480 2898 περὶ
502 2807 632 2898 ἀθρόας
653 2821 796 2884 πολλῶν
821 2820 960 2902 ψυχῶν
981 2810 1177 2901 ἀπαλλαγῆς
1198 2807 1266 2882 ἀπὸ
1289 2810 1454 2898 σώματος,
1478 2837 1547 2880 τοι·

161 2914 229 2970 200Ι
247 2915 338 2979 αῖσδε
364 2927 438 2992 ταῖς
457 2919 462 2994 Ι
481 2914 535 2980 ἐπὶ
558 2909 621 2982 τὸν
642 2918 743 3001 μέσον
766 2909 922 2984 θάνατον
945 2911 1124 3001 φερούσαις
1147 2907 1238 2992 ὁδοῖς
1257 2915 1450 2999 χρωμένων.
1492 2915 1547 2979 καὶ

195 3021 228 3078 25
246 3006 309 3094 γὰρ
331 3006 491 3096 ,μεγάλαι
517 3017 578 3098 μὲν
605 3014 639 3082 αί
660 3019 783 3097 κρίσεις
804 3019 877 3082 τοῦ
898 3019 1020 3083 θεοῦ“
1043 3017 1104 3082 εἰσι
1125 3017 1179 3080 καὶ
1202 3009 1257 3080 διὰ
1279 3007 1320 3081 τὸ
1342 3015 1485 3098 μέγεθος
1507 3005 1548 3080 ού

245 3113 394 3196 χωρηταλ
416 3115 482 3198 νῷ,
513 3115 564 3196 τῷ
595 3110 645 3180 έτι
674 3114 875 3201 ἐνδεδεμένην
897 3117 1019 3200 θνητῷ
1043 3111 1182 3200 σῶματι,
1205 3106 1333 3179 διὸκαὶ
1355 3105 1548 3198 ,,δυσδιὴγη-

247 3215 322 3276 τοι“
346 3203 576 3295 τυγχάνουσιν,
599 3205 814 3293 ἀπαιδεύτοις
836 3215 871 3280 δε
891 3229 1034 3298 ψυχαῖς
1057 3206 1132 3281 οὐδ’
1153 3214 1207 3281 ἐπὶ
1230 3205 1340 3280 ποσόν
1361 3213 1548 3296 θεωρηταί·

246 3303 299 3375 διὸ
331 3313 387 3375 καί
422 3309 454 3376 οί
485 3312 748 3398 προπετέστεροι
779 3317 821 3397 τῇ
851 3315 925 3398 περὶ
957 3315 1064 3380 ταῦτα
1094 3305 1213 3400 ἀγνοίᾳ
1243 3315 1298 3378 καὶ
1330 3313 1372 3394 τῇ
1403 3305 1456 3378 διὰ
1484 3305 1549 3396 τὴν

246 3411 452 3492 προπέτειαν
479 3411 525 3488 είς
548 3404 588 3477 τό
611 3415 709 3479 θεῖον
730 3413 904 3502 ἐπιστασίᾳ
927 3402 1065 3494 αὔξουσι
1087 3407 1130 3480 τὰ
1152 3404 1252 3496 ἀσεβῆ
1274 3404 1362 3478 κατὰ
1384 3411 1445 3495 τῆς
1465 3433 1549 3494 προ·

195 3519 229 3574 30
246 3511 339 3590 νοίας
360 3502 518 3596 δόγματα.

330 3603 372 3678 ού
395 3605 501 3695 παρὰ
524 3601 724 3692 δαιμόνων
751 3598 816 3678 οὖν
844 3609 990 3678 έκαστα
1013 3615 1086 3679 τῶν
1107 3611 1153 3690 εἰς
1175 3605 1236 3689 τὰς
1257 3605 1419 3690 βιωτικάς
1438 3610 1549 3694 χρείας

248 3703 515 3795 λαμβάνομεν,
549 3703 692 3795 μάλιστα
728 3710 760 3778 οἱ
790 3703 939 3790 δεόντως
977 3701 1094 3788 αύτοῖς
1124 3711 1271 3796 χρῆσθαι
1306 3701 1549 3795 μεμαθηκότες,

248 3802 325 3876 ούδὲ
361 3813 651 3878 συνεστιῶνται
688 3811 872 3897 δαίμοσιν
907 3809 939 3877 σί
976 3811 1088 3877 σίτου
1117 3814 1172 3876 καὶ
1203 3809 1316 3876 οίνου
1349 3811 1404 3876 καὶ
1435 3801 1550 3894 ἀκρο-

331 4010 428 4080 ngl.
447 4009 545 4066 Matth.
562 4011 587 4078 8,
605 4011 646 4065 32.
672 4010 760 4066 Mark.
778 4013 803 4078 5,
822 4014 862 4066 13.
888 4011 957 4066 Luk.
969 4011 993 4074 8,
1010 4011 1051 4066 33.
1070 4039 1103 4049 -
1122 4010 1159 4068 17
1179 4009 1250 4064 Psal.
1263 4011 1304 4073 77,
1315 4009 1357 4062 49.
1376 4037 1409 4047 -
1427 4007 1466 4063 25
1485 4006 1549 4076 Vgl.

247 4093 351 4148 Weish.
369 4095 423 4150 Sal.
442 4097 482 4158 17,
500 4099 524 4149 1.
818 4111 820 4118 ’

332 4271 349 4324 1
371 4267 521 4340 γίγνεσθαι
539 4272 670 4339 AAusgg.
690 4272 694 4338 Ι
719 4268 791 4325 2-8
810 4286 853 4324 am
872 4269 952 4324 Rand
971 4286 1007 4339 ση
1024 4272 1061 4324 A*
1080 4271 1085 4338 Ι
1110 4269 1149 4326 10
1170 4269 1283 4340 χείρους
1304 4263 1452 4339 γινόμενοι
1470 4271 1495 4321 A
1512 4285 1550 4337 γι-

247 4348 385 4422 γνόμενοι
402 4355 518 4424 χείρους
529 4358 630 4425 Ausgg.
646 4359 650 4424 Ι
667 4355 704 4411 11
723 4353 795 4420 τέως
811 4354 983 4424 δυεεςεευίεε.
995 4357 1032 4408 A¹
1047 4357 1050 4422 Ι
1066 4354 1103 4410 12
1123 4348 1270 4424 οίοράτοις]
1290 4371 1346 4424 ορα
1364 4353 1444 4406 unter
1462 4351 1552 4406 einem

246 4437 416 4493 Tintenfleck
442 4439 696 4495 verschwundenA
722 4441 726 4509 Ι
750 4433 879 4510 ὁρατοῖς]
901 4436 917 4494 ὁ
940 4438 991 4494 συί
1009 4437 1097 4493 Rasur
1117 4441 1143 4492 A
1166 4443 1170 4506 Ι
1195 4436 1233 4493 14
1259 4443 1357 4492 οποῖοι
1380 4453 1429 4490 aus
1452 4427 1551 4492 δποίοι

248 4539 315 4577 corr.
333 4526 357 4577 Δ
373 4526 377 4592 Ι
394 4523 432 4579 18
450 4523 552 4593 θλίψιν
569 4525 699 4594 AAusgg.
715 4527 719 4592 Ι
735 4523 774 4580 28
795 4523 1024 4596 προπετέστεροι
1046 4522 1182 4595 MAusgg.
1200 4518 1433 4592 προπετέστερον
1451 4521 1474 4576 Α
1491 4523 1495 4590 Ι
1511 4521 1550 4576 27

249 4599 374 4676 αὔξουσι]
394 4627 412 4662 α
429 4607 457 4660 in
475 4609 617 4662 correctur
634 4611 666 4663 A.
