3772 5526
320 439 323 446 ’
376 483 417 544 64
918 471 1143 528 οεισααουε

377 633 554 726 γράμματα
579 630 703 720 ,δόξαν
733 639 795 704 τοῦ
816 640 951 720 κυρίουίί
974 631 1117 722 ῶσπερεί
1145 641 1407 724 κατοπτρίζεται
1434 643 1490 708 καί
1515 651 1683 728 μεταλαμ-

377 733 470 821 βάνει
499 741 560 826 τῆς
587 738 796 822 καλουμένης
825 741 920 816 θείας
948 729 1047 824 δόξης
1072 739 1119 816 είς
1141 733 1205 823 τὴν
1227 733 1350 806 ἑαυτοῦ
1372 731 1474 822 δόξαν
1495 741 1682 828 (τροπικῶς

376 843 437 926 μὲν
467 840 648 924 λεγομένου
677 835 866 921 προσώπου
895 829 1102 923 γυμνότερον
1134 829 1177 916 δ’,
1204 829 1252 916 ῶς
1278 828 1320 903 δν
1346 829 1510 923 ὀνομάσαι
1531 867 1596 922 τις,
1620 846 1682 911 τοῦ

377 942 462 1023 νούΙ,
484 940 521 1006 ἐν
543 925 572 1024 ᾧ
595 939 665 1006 ἐστι
687 931 729 1004 τὸ
751 940 834 1018 [τοῦ]
857 933 967 1016 ,κατὰ
988 934 1051 1004 τὸν
1070 934 1136 1004 ἐσω
1155 929 1364 1022 ι’ίνθρωτιονα
1377 931 1575 1020 πρόσωπον,
1597 951 1682 1028 πλη-

342 1033 540 1124 5ρούμενον
571 1031 690 1121 φωτὸς
718 1038 774 1102 καί
803 1029 903 1121 δόξης
934 1027 1002 1104 ἀπὸ
1035 1038 1096 1121 τῆς
1124 1038 1202 1121 περὶ
1235 1039 1308 1104 τῶν
1337 1033 1425 1104 κατὰ
1452 1035 1533 1118 τούς
1556 1034 1682 1126 νόμους

376 1131 544 1224 ἀληθείας.

458 1239 537 1304 LXI.
570 1228 662 1323 Ἑξῆς
685 1239 719 1304 δὲ
743 1229 879 1314 τούτοις
907 1236 1001 1320 φησί·
1029 1228 1079 1320 μή
1107 1259 1151 1320 με
1181 1234 1304 1320 οἰηθῇ
1334 1260 1394 1315 τις
1423 1227 1598 1320 ύγνοείν,
1629 1232 1682 1318 ῶς

376 1337 412 1406 σί
440 1340 510 1421 μὲν
537 1328 673 1403 αύτῶν
701 1329 976 1420 συνθήσονται
1005 1329 1077 1401 τὸν
1107 1325 1234 1402 αύτὸν
1262 1331 1364 1402 είναι
1393 1339 1532 1418 σφίσιν
1557 1327 1680 1424 ὅνπερ

375 1430 581 1514 Ἰουδαίοις
604 1432 716 1515 θεὸν,
739 1434 776 1501 οἱ
798 1427 831 1502 δ>
854 1425 993 1513 ἄλλον,
1017 1421 1046 1520 ᾧ
1071 1436 1223 1501 τοῦτον
1244 1434 1449 1515 ἐναντίον,
1470 1427 1560 1521 παρ’
1581 1437 1681 1506 ἐκεί-

326 1553 359 1608 10
377 1561 449 1605 νου
477 1561 518 1603 τε
548 1536 684 1603 ἐλθεῖν
714 1529 786 1600 τὸν
817 1526 912 1600 υίόν.
955 1533 1047 1616 είπερ
1073 1533 1109 1600 δὲ
1131 1527 1173 1600 τό
1196 1531 1281 1600 εἶναι
1302 1533 1442 1618 αἱρέσεις
1462 1539 1623 1616 πλείονας
1643 1537 1681 1604 ἐν

377 1641 591 1720 Χριστιανοῖς
619 1637 826 1718 κατηγορίαν
856 1632 962 1700 οίεται
986 1633 1239 1717 γριστιανισμοῦ
1267 1629 1361 1712 είναι,
1389 1627 1443 1700 διὰ
1470 1636 1504 1700 τί
1529 1625 1603 1718 ούγί
1624 1639 1682 1702 καὶ

376 1739 580 1820 φιλοσοφίας
607 1737 793 1819 κατηγορία
813 1729 900 1800 κατὰ
922 1728 964 1800 τὸ
986 1723 1156 1815 ἀνάλογον
1178 1734 1352 1818 νομισθείη
1371 1723 1415 1798 ἂν
1436 1724 1457 1818 ἦ
1479 1733 1611 1812 ἐντοῖς
1633 1734 1681 1802 αἱ·

376 1836 483 1918 ρίσεσι
511 1839 584 1902 τῶν
613 1827 900 1916 φιλοσοφούντων
924 1833 1095 1914 διαφωνία
1118 1823 1160 1898 ού
1184 1833 1260 1915 περὶ
1285 1834 1419 1916 μικρῶν
1443 1834 1499 1898 καί
1525 1836 1599 1900 τῶν
1625 1859 1681 1900 τυ-

373 1926 511 2018 χόντων
539 1926 626 2002 ἀλλὰ
651 1936 729 2018 περὶ
750 1935 824 2000 τῶν
845 1923 1143 2016 οἷναγκαιοτύτων;
1172 1919 1246 2016 ῶρα
1268 1933 1303 2000 δὲ
1323 1935 1380 1998 καὶ
1402 1927 1558 2016 ἰατρικὴν
1578 1956 1680 2018 κατη-

324 2057 357 2110 15
375 2039 547 2120 γσρείσθαι
583 2028 636 2100 διὰ
665 2027 727 2110 τὰς
753 2033 790 2098 ἐν
819 2024 906 2114 αὐτῇ
935 2029 1082 2114 αίρέσεις.
1125 2029 1278 2098 ἔστωσαν
1307 2018 1370 2098 ούν
1399 2029 1437 2098 ἐν
1467 2022 1545 2116 ἡμίν
1573 2031 1606 2098 οί
1634 2029 1679 2118 μὴ
1697 2047 1748 2102 Ph.
1759 2047 1801 2105 88,
1817 2051 1849 2102 14

375 2128 447 2200 τὸν
483 2125 606 2200 αὐτὸν
641 2135 799 2216 λέγοντες
834 2133 891 2216 τῷ
927 2121 1129 2197 Ἰουδαίων
1158 2133 1241 2216 θεῷ
1273 2122 1381 2198 θεόν·
1410 2122 1484 2198 ἀλλ’
1507 2123 1550 2199 ού
1580 2157 1613 2199 τι
1644 2155 1680 2217 γε

373 2227 465 2318 παρὰ
487 2233 593 2300 τοῦτο
614 2233 859 2315 κατηγορητεόι
881 2228 913 2296 σί
934 2220 1003 2296 ἀπὸ
1020 2231 1093 2296 τῶν
1108 2220 1226 2296 αύτῶν
1241 2223 1446 2315 γραμμάτων
1463 2223 1680 2300 ἀποδεικνύν-

374 2357 429 2411 τες
452 2323 507 2399 ότι
527 2326 573 2409 είς
593 2333 650 2396 καί
676 2320 696 2396 δ
725 2322 845 2408 αύτὸς
874 2323 968 2406 θεὸς
996 2319 1198 2396 Ἰουδαίων
1225 2327 1295 2396 ἐστὶ
1316 2333 1372 2396 καί
1393 2330 1525 2397 ἐθνῶν·
1555 2323 1603 2410 ῶς
1623 2334 1679 2398 καί

374 2425 437 2498 τὸν
463 2433 602 2496 Παῦλον
632 2429 742 2513 λέγειν
771 2431 902 2510 σαφῶς,
937 2421 1006 2496 ἀπὸ
1036 2419 1239 2496 Ἰουδαίων
1267 2422 1507 2512 προσελθόντα
1533 2451 1679 2515 χριστια-

321 2551 356 2606 20
375 2532 493 2615 νισμῷ·
522 2521 642 2614 ,χάριν
669 2525 736 2612 ἔχω
759 2529 815 2613 τῷ
842 2529 924 2614 θεῷ
945 2551 1020 2613 μου,
1044 2514 1073 2612 ᾧ
1095 2521 1250 2612 λατρεύω
1273 2521 1340 2596 α’πὸ
1362 2519 1544 2612 προγόνων
1565 2529 1603 2596 ἐν
1622 2553 1680 2596 κα·

374 2631 466 2716 θαρᾷ
487 2621 699 2712 συνειδήσει.“

456 2725 545 2794 ἔστω
568 2729 611 2794 δέ
632 2751 670 2794 τι
691 2731 757 2794 καὶ
779 2728 919 2811 τρίτον
940 2729 1054 2813 γένος
1077 2729 1159 2794 τῶν
1179 2717 1466 2812 ὀνομαζόντων
1488 2722 1679 2812 ψυχικούς

375 2851 490 2905 τινας
519 2828 584 2894 καὶ
615 2823 906 2912 πνευματικούς
937 2823 1111 2910 ἐτέρους·
1145 2823 1236 2910 οίμαι
1267 2817 1298 2890 δ’
1323 2817 1429 2894 αύτὸν
1458 2828 1569 2912 λέγειν
1600 2824 1680 2906 τοὺς

374 2919 443 2994 ἀπὸ
468 2918 704 2994 Οὐαλεντίνου.
743 2928 799 2991 καί
822 2927 855 2992 τί
877 2927 982 2992 τοῦτο
1003 2921 1090 3009 πρὸς
1113 2916 1197 3010 ἡμᾶς
1219 2920 1299 3003 τούς
1321 2917 1389 2994 ύπὸ
1413 2927 1473 3010 τῆς
1495 2925 1678 3013 ἐκκλησίας,

323 3044 356 3100 25
372 3029 650 3112 κατηγοροῦντας
680 3029 754 3092 τῶν
783 3015 992 3108 εἰσαγόντων
1019 3018 1135 3107 φύσεις
1157 3024 1194 3090 ἐκ
1215 3027 1422 3109 κατασκευῆς
1443 3028 1635 3112 σῳζομένας
1658 3017 1677 3112 ἢ

373 3127 411 3193 ἐκ
439 3127 648 3210 κατασκευῆς
676 3117 925 3209 ύπολλυμίνας;
953 3122 1105 3190 ἔστωσαν
1136 3125 1174 3189 δέ
1204 3147 1313 3201 τινες
1343 3127 1408 3190 καὶ
1439 3118 1678 3210 ἐπαγγελλό-

373 3249 485 3311 μενοι
515 3222 618 3292 είναι
641 3225 880 3304 Γνωστικοί,
910 3216 1081 3308 ἇνύλογον
1108 3237 1180 3302 τοῖς
1201 3218 1341 3300 ἑαυτούς
1362 3216 1605 3308 ἀναγορεύουσι
1627 3250 1679 3308 φι-

456 3391 477 3446 4
498 3391 561 3460 Vgl.
579 3391 657 3444 Rllm.
676 3392 699 3454 7,
717 3391 759 3445 22.
779 3419 809 3430 -
834 3388 871 3444 18
893 3387 956 3458 Vgl.
975 3387 1052 3442 Rom.
1070 3389 1095 3454 3,
1113 3387 1155 3443 29.
1173 3417 1206 3426 -
1223 3387 1264 3443 20
1286 3389 1312 3441 11
1329 3387 1398 3441 Tim.
1417 3391 1440 3452 1,
1458 3389 1483 3444 3.
1501 3420 1534 3429 -
1552 3389 1591 3445 22
1615 3389 1677 3460 Vgl.

372 3476 506 3540 Irenaeus,
525 3475 595 3530 Adv.
613 3475 688 3530 haer.
706 3475 719 3528 I
737 3476 760 3538 1,
778 3475 871 3530 9-11.
891 3475 930 3528 14.
958 3471 1120 3536 Τετίοίίίαυ,
1138 3472 1208 3526 Αδυ.
1221 3471 1362 3528 Valentin.
1376 3473 1440 3543 Cap.
1452 3473 1550 3528 XXIX.
1578 3474 1679 3546 Hippo·

372 3560 421 3630 lyt,
439 3561 542 3615 Philos.
560 3561 597 3614 Vl
615 3561 656 3614 35.
685 3559 829 3630 Epiphan„
847 3557 954 3620 Panar„
973 3557 985 3610 Ι
1003 3558 1046 3621 31,
1063 3558 1086 3610 ί.
1105 3559 1146 3613 20.
1172 3585 1207 3596 -
1235 3555 1275 3612 28
1299 3557 1362 3626 Vgl.
1381 3560 1414 3613 A.
1432 3558 1604 3628 Hilgenfeld,
1628 3559 1678 3614 Die

373 3643 561 3714 Xelzergesch.
580 3643 628 3698 des
646 3642 777 3698 Urchrlsh
795 3643 821 3696 S.
839 3643 949 3698 38-40.

456 3794 473 3848 4
491 3794 561 3864 [τοῦ]
579 3810 633 3847 von
650 3793 703 3846 mir
720 3791 958 3862 eingeklammm,
977 3790 1140 3844 vermulllch
1160 3789 1288 3846 variante
1305 3809 1339 3844 zu
1357 3791 1420 3846 dem
1437 3793 1586 3862 folgenden
1603 3811 1678 3848 κατα

373 3877 425 3932 τὸν
444 3881 447 3945 Ι
467 3870 542 3932 κατὰ
560 3869 613 3932 τόν
631 3871 687 3932 ἔσω
708 3869 876 3948 ἄνθρωπον]
899 3869 974 3931 κατὰ
993 3869 1026 3930 τὸ
1045 3869 1103 3931 ἔσω
1122 3869 1281 3947 οίνθροίπου
1303 3875 1366 3930 liesl
1384 3878 1431 3931 Bo.
1450 3876 1548 3946 (Nolae
1565 3897 1590 3949 p.
1609 3879 1678 3946 392),

373 3962 438 4016 aber
455 3961 586 4029 Origenes
603 3961 653 4015 hat
670 3961 747 4015 Rllm.
767 3964 790 4029 7,
809 3964 842 4017 22
859 3961 899 4014 im
917 3963 995 4029 Auge
1020 3965 1025 4027 Ι
1048 3953 1251 4030 πληρούμενον
1268 3959 1318 4015 llll.
1337 3977 1382 4014 am
1401 3961 1493 4026 Rand,
1511 3961 1620 4033 Sp.Del.
1638 3962 1677 4015 im

371 4047 452 4112 ’λεια
475 4042 672 4116 πληρούμενοι
689 4049 714 4099 A
729 4049 733 4114 Ι
750 4047 767 4102 8
786 4046 878 4100 hinler
895 4042 949 4114 μὲν
965 4044 1011 4098 ein
1029 4044 1138 4097 Buehsl
1157 4043 1311 4098 αυεεαδίειθ
1327 4047 1352 4098 A
1367 4045 1371 4113 Ι
1388 4033 1487 4115 όνπερ]
1507 4047 1594 4101 Βεευῐ
1611 4045 1679 4102 iiber

373 4149 389 4184 ν
406 4148 432 4186 u.
449 4130 541 4186 hinter
559 4148 576 4202 ρ
595 4133 620 4183 A
643 4131 647 4198 Ι
672 4130 708 4186 15
735 4123 866 4186 ἔστωσαν
883 4130 925 4184 bis
942 4129 968 4183 S.
986 4131 1020 4186 65
1037 4128 1064 4183 Z.
1081 4131 1099 4182 4
1116 4129 1289 4198 Χριστιανοί
1305 4156 1338 4173 =
1355 4129 1520 4198 Philokalin,
1538 4131 1601 4201 Gap.
1615 4131 1678 4186 XVI

372 4215 388 4268 3
406 4216 443 4284 (p.
461 4215 502 4279 88,
523 4215 623 4269 14-30
639 4213 682 4268 ed.
695 4214 772 4283 Βοὴ.)
797 4219 801 4283 Ι
826 4205 877 4270 σίν
894 4217 1025 4282 AAusgg.
1044 4208 1100 4286 γὰρ
1120 4213 1219 4267 woh.
1235 4216 1239 4282 Ι
1253 4215 1288 4270 12
1310 4223 1537 4285 κατηγορηταῖοι
1554 4216 1608 4270 Ρεί
1622 4217 1626 4282 Ι
1641 4215 1678 4270 18

372 4288 414 4363 είς
429 4307 463 4358 <
481 4299 534 4353 Pal
557 4299 563 4368 Ι
587 4290 603 4354 δ
621 4309 653 4358 <
671 4300 724 4354 Pal
747 4303 752 4368 Ι
776 4299 815 4356 22
834 4297 916 4368 δέτι]
941 4293 967 4353 δ’
980 4293 1021 4353 ἐτι
1039 4302 1140 4368 Ausgg.
1164 4301 1168 4366 Ι
1192 4298 1231 4354 28
1254 4295 1379 4368 ἑτέρους]
1399 4294 1518 4365 ἑαυτούς
1545 4303 1679 4355 vermutet

372 4385 405 4436 A.
427 4382 598 4452 Hilgenfeld,
629 4383 817 4453 Xetzergesch.
848 4383 874 4438 S.
896 4385 930 4439 38
953 4385 957 4450 Ι
982 4377 1009 4438 δ’
1036 4381 1250 4452 AAusgg.R0b.
1274 4380 1304 4438 <ll
1332 4383 1359 4436 Φ
1391 4386 1395 4451 Ι
1427 4385 1466 4440 24
1491 4385 1519 4439 τί
1544 4389 1631 4440 τοῦτο
1653 4387 1678 4438 A

372 4467 551 4536 Ausgg.Rob.
573 4468 665 4524 tltov·
691 4469 720 4523 τί
745 4467 885 4523 ΡείΒΕΗ
915 4468 1006 4523 τίτου·
1038 4468 1067 4521 τί
1096 4471 1183 4522 τοῦτο
1211 4467 1261 4522 καί
1284 4466 1304 4520 G
1327 4467 1418 4522 τίτου·
1447 4469 1475 4524 τί
1495 4470 1544 4523 καί
1562 4468 1595 4536 D,
1622 4467 1676 4537 vgl

372 4550 478 4605 meino
505 4551 809 4622 „Texlllberlieserung“
834 4552 859 4607 S.
880 4555 928 4608 153
946 4553 992 4608 Nr.
1013 4554 1045 4609 19
1064 4554 1068 4621 Ι
1091 4545 1166 4621 ἡμᾶς
1186 4551 1279 4606 hinter
1296 4547 1448 4621 ἐκκλησίας
1466 4553 1493 4606 Φ
1508 4556 1512 4622 Ι
1527 4553 1563 4608 22
1579 4553 1678 4608 Γνωσ-

372 4638 447 4690 τικοί
465 4645 498 4695 <
516 4635 575 4689 Pat.
