3758 5564
566 499 660 555 πνοι
682 501 817 556 muz
839 500 891 573 οο,
908 501 932 555 2.
949 501 975 556 ε.
1004 499 1055 572 οι,
1073 501 1097 554 1.
1115 498 1139 552 2.
1449 504 1509 568 395

206 668 315 787 ταῦτα
343 658 559 749 ἐξετάσαντες
593 669 650 733 καί
686 658 765 754 παρ’
798 665 930 748 ἑαυτοῖς
959 661 1212 755 ἐρευνήσαντες,
1244 657 1333 750 ἀξιοῖ
1363 660 1417 734 διὰ
1447 665 1511 732 τοῦ

205 760 342 834 ἀκούειν
364 767 448 883 θεοῦ
470 769 533 834 τοῦ
554 758 797 834 ἀκούσεσθαι“
776 760 832 836 υπ’
855 761 962 836 αύτοῦ
976 759 1156 888 γινόμενοι,
1177 769 1428 851 παρακαλῶμεν
1441 789 1510 832 πει-

205 857 383 952 ραζόμενοι
402 860 448 950 μὴ
470 866 706 933 θανατοῦσθαι
727 872 784 934 καί
804 859 1041 953 βαλλάμενοι“
1020 861 1087 936 υπὸ
1105 869 1201 948 τῶν,
1203 870 1286 948 ,τοῦ
1307 866 1510 951 πονηροῦα

136 977 186 1032 35ν
205 966 461 1052 πεπυρωμένων
482 967 592 1047 βελῶν
612 970 616 1046 ί
634 959 679 1050 μὴ
701 958 913 1036 ἀνάπτεσθαι
933 959 990 1034 ἀπ’
1007 958 1131 1034 αύτῶν.
1161 958 1374 1034 ἀνάπτονται
1397 957 1474 1032 δέ’
1452 955 1510 1032 υπ’

171 1057 323 1134 οαύτῶν
343 1056 480 1144 πάντες,
504 1051 555 1131 ῶν
575 1057 664 1132 κατά
686 1088 764 1131 τινα
778 1067 853 1134 τῶν
868 1061 1021 1145 δῶδεκα,
1022 1066 1067 1148 ,αί
1085 1067 1240 1150 καρδίαι“
1252 1092 1321 1146 ως
1332 1067 1511 1145 κλίβανος

204 1158 427 1251 ἐγενήθησαν·
452 1156 514 1231 οῦκ
540 1156 754 1232 ἀνάπτονται
780 1167 816 1232 δὲ
837 1167 870 1234 οί
892 1168 943 1251 τῶ
965 1167 1112 1251 θυρεῷ,
1114 1167 1186 1251 ,τῆς
1207 1169 1376 1244 πίστεως(
1396 1156 1511 1232 πάντα

205 1258 402 1344 σβεννύντας
423 1258 467 1332 τὰ
488 1256 740 1349 ἐπιπεμπόμενα
759 1257 904 1346 αῦτοῖς,
906 1233 1162 1350 ,πεπυρωμέναθ
1184 1256 1282 1345 ἀπὸ,
1285 1267 1368 1344 ,τοῦ
1394 1286 1511 1347 πονη-

204 1364 300 1447 ροῦ“
322 1364 456 1448 ,βέλη“
484 1357 570 1430 ἐπάν
596 1361 781 1448 ἐχωσινέν
802 1360 934 1445 ἑαυτοῖς
955 1360 1159 1458 ποταμούς,
1162 1318 1298 1447 ,ύδατάς
1322 1355 1512 1448 ἀλλομένου

205 1463 252 1542 είς
274 1456 366 1548 ζωὴν
387 1458 559 1542 αίῶνιον,“
576 1457 656 1542 τοῦς
677 1459 721 1549 μὴ
744 1464 875 1545 ἐῶντας
896 1459 1104 1579 ίσχῦσαιπὸ,
1106 1467 1189 1546 ,τοῦ
1209 1465 1398 1550 πονηροῦ
1401 1451 1511 1528 ‘6626

155 1570 189 1626 10
205 1555 349 1648 εύχερῶς
376 1553 460 1630 αύτὸ
488 1557 634 1640 λύοντας
660 1565 712 1647 τῶ
734 1567 960 1649 κατακλυσμῷ
988 1565 1062 1632 τῶν
1089 1519 1222 1632 ἐνθέων
1249 1565 1304 1630 καὶ
1331 1563 1512 1647 σωτηρίων

206 1663 385 1747 λογισμῶν,
408 1653 710 1747 ἐντυπουμένων’
690 1657 759 1730 απὸ
781 1665 856 1731 τῶν
878 1666 940 1750 τῆς
961 1656 1123 1749 ἀληθείας
1138 1654 1377 1748 θεωρημάτων
1392 1663 1434 1745 τῇ
1449 1659 1512 1728 τοῦ

206 1755 393 1840 ἀσκοῦντος
416 1757 499 1827 είναι
520 1763 749 1845 πνευματικοῦ
770 1767 867 1848 ψυχῇ.

287 1861 391 1926 XXXI
415 1869 441 1928 1
476 1863 576 1928 Δοκεῖ
599 1862 637 1928 δέ
660 1885 717 1946 μοι
743 1857 826 1946 μετὰ
852 1865 959 1930 ταῦτα
985 1855 1047 1931 ούκ
1072 1853 1205 1931 ἄτοπον
1230 1858 1314 1928 είναι
1338 1851 1422 1944 ῦπέρ
1449 1859 1513 1926 τοῦ

206 1962 431 2073 πληρωθῆναι
453 1953 494 2026 τὸ
515 1962 592 2046 περὶ
614 1962 675 2046 τῆς
697 1953 793 2047 εύχῆς
813 1955 991 2048 πρόβλημα
1013 1965 1182 2047 διαλαβεῖν
1204 1954 1513 2077 είσαχωχικῶτερον

155 2068 188 2122 15
205 2061 282 2144 περὶ
305 2061 366 2144 τῆς
395 2052 633 2138 καταστάσεως
653 2064 709 2128 καί
735 2063 799 2128 τοῦ
820 2055 997 2148 σχήματος,
1019 2089 1038 2130 ο
1022 2053 1111 2128 “δεῖ
1130 2053 1272 2145 ἐχειν
1237 2085 1300 2128 τον
1322 2050 1511 2143 εύχύμενον,

206 2161 260 2224 καί
287 2150 412 2236 τόπου,
440 2145 481 2226 06
507 2149 664 2242 εύχεσθαι
685 2154 763 2245 χρὴ,
792 2165 848 2228 καὶ
868 2162 1042 2243 κλίματος,
1070 2151 1163 2240 είς“
1144 2187 1162 2229 ο
1185 2150 1320 2244 ἀφορῶν
1342 2160 1394 2226 δεῖ
1411 2159 1512 2241 χωρίς

206 2250 314 2342 πάσης
340 2250 579 2342 περιστάσεως,
606 2263 661 2326 καί
688 2251 814 2344 χρόνου
840 2261 886 2340 είς
911 2252 1011 2346 εῦχὴν
1038 2259 1232 2346 ἐπιτηδείου
1252 2261 1308 2326 καί
1330 2257 1511 2342 ἐξαιρέτου,

206 2357 315 2423 καί”
283 2381 314 2424 ει
335 2382 369 2424 τι
391 2352 527 2435 τούτοις
549 2348 682 2426 ἐστίν“
664 2383 791 2444 ομοιον.
826 2361 882 2427 καὶ
904 2353 946 2426 τὸ
968 2361 1030 2443 μέν
1052 2363 1113 2447 τῆς
1134 2351 1373 2436 καταστάσεως
1387 2359 1433 2434 είς
1448 2350 1513 2440 τὴν

207 2450 320 2540 ψυχὴν
341 2456 599 2540 ἐγκαταθετέον,
622 2451 664 2525 τὸ
687 2459 723 2524 δὲ
745 2459 808 2525 τοῦ
831 2451 1000 2546 σχήματος
1021 2460 1066 2538 είς
1088 2453 1129 2527 τὸ
1152 2461 1256 2545 σῶμα.
1293 2459 1374 2543 φησί
1396 2458 1513 2523 τοίνυν

156 2563 190 2620 20
208 2546 227 2623 6
248 2557 394 2636 Παῦλος,
417 2549 466 2635 ῶς
488 2557 524 2624 ἐν
548 2571 620 2635 τοῖς
635 2549 797 2642 ἀνωτέρω
813 2558 979 2644 ἐλέγομεν,
1003 2554 1067 2645 τὴν
1081 2551 1288 2626 κατάστασιν
1302 2548 1513 2642 ἀπογράφων

208 2656 243 2722 ἐν
272 2657 324 2740 τῶ
350 2658 419 2724 δεῖν
445 2651 732 2742 ,προσεύχεσθαι“
759 2660 883 2742 ,χωρίς
913 2649 1014 2744 ἀρχῆς
1043 2663 1099 2726 καὶ
1130 2657 1377 2742 διαλογισμοῦ,“
1408 2649 1450 2722 τὸ
1477 2653 1512 2720 δέ

207 2757 313 2842 σχῆμα
335 2756 371 2822 ἐν
405 2755 456 2841 τῶ
484 2757 708 2840 ,ἐπαίροντας
735 2748 846 2836 ὁσίους
866 2763 1011 2844 χεῖρας“·
1039 2749 1122 2844 ὅπερ
1151 2757 1324 2843 εἰληφέναι
1344 2779 1401 2841 μοι
1423 2757 1516 2822 δοκεῖ

207 2845 275 2922 ἀπὸ
291 2855 366 2922 τῶν
382 2857 538 2940 ψαλμῶν,
562 2846 676 2936 ούτως
692 2855 811 2940 ἔχον,
812 2855 959 2942 ,ἔπαρσις
980 2859 1054 2926 τῶν
1074 2857 1197 2942 χειρῶν
1218 2879 1284 2940 μου
1299 2858 1402 2923 θυσία
1422 2851 1513 2922 ἑσπε-

206 2947 315 3038 ρινὴίί·
336 2956 412 3038 περὶ
440 2956 475 3022 δέ
502 2947 626 3024 τόπου
648 2949 831 3040 ,βούλομαι
858 2943 922 3024 οὖν
943 2950 1187 3042 προσεύχεσθαι
1205 2961 1210 3038 Ι
1229 2950 1311 3035 τοῦς
1331 2947 1454 3040 ἀνδρας
1475 2952 1513 3020 ἐν
1529 2963 1579 3019 267

155 3059 189 3114 25
206 3055 310 3120 παντὶ
338 3045 471 3140 τόπῳίί·
497 3057 574 3140 περὶ
601 3057 637 3124 δὲ
663 3059 825 3141 κλίματος
851 3057 887 3123 ἐν
913 3059 956 3140 τῇ
978 3057 1093 3144 Σοφίᾳ
1114 3057 1360 3142 Σολομῶντος·
1398 3044 1512 3134 ,ὅπως

207 3146 364 3238 γνωστὸν
390 3141 411 3237 6
440 3145 495 3223 ὅτι
521 3159 572 3222 δεῖ
597 3149 746 3238 φθάνειν
768 3150 832 3223 τὸν
853 3145 952 3240 ἥλιον
979 3147 1032 3222 ἐπ’
1054 3146 1264 3238 εύχιιριστίαν
1285 3173 1347 3222 σου
1367 3158 1422 3220 καί
1443 3145 1511 3240 πρὸ

206 3245 378 3338 ἀνατολῆς
400 3249 519 3337 φωτὸς
540 3249 755 3340 ἐντυγχάνειν
777 3260 860 3323 σοι.“

291 3358 317 3418 2.
353 3353 447 3419 δοκεῖ
474 3357 593 3421 τοίνυν
618 3378 674 3439 μοι
701 3348 765 3422 τὸν
790 3358 962 3442 μέλλοντα
984 3343 1078 3439 ἥκειν
1099 3352 1153 3420 ἐπί
1176 3347 1240 3438 τὴν
1262 3344 1372 3439 εύχὴν,
1395 3343 1512 3438 ὀλίγον

205 3443 406 3520 ύποστάντα
435 3454 490 3520 καὶ
520 3447 645 3521 ἑαυτὸν
671 3445 929 3537 εύτρεπίσαντα,
957 3454 1260 3538 ἐπιστρεφέστερον
1285 3455 1341 3520 καὶ
1367 3445 1511 3520 εύτονῶ-

155 3565 189 3620 30
207 3573 308 3634 τερον
333 3546 420 3636 πρὸς
447 3546 488 3620 τὸ
517 3543 601 3622 ὅλον
626 3555 784 3637 γενέσθαι
810 3556 871 3640 τῆς
898 3547 1006 3640 εύχῆς·
1036 3545 1151 3620 πάντα
1172 3546 1358 3638 πειρασμὸν
1379 3554 1435 3620 καί
1456 3559 1511 3620 λο·

206 3655 335 3737 χισμῶν
360 3647 511 3740 ταραχὴν
537 3644 827 3770 ἀποβεβληκότα
816 3645 939 3721 εαυτύν
961 3677 999 3721 τε
1019 3643 1263 3736 ύπομνὴσαντα
1284 3645 1372 3719 κατά
1395 3645 1435 3719 τὸ
1458 3651 1511 3716 δυ-

207 3744 313 3819 νατὸν
347 3753 411 3820 τοῦ
440 3756 618 3840 μεγέθους,
650 3737 679 3838 ᾧ
711 3754 943 3838 προσέρχεται,
978 3755 1033 3820 καί
1065 3739 1120 3822 ὅτι
1151 3741 1309 3835 ἀσεβέςέ
1311 3771 1365 3818 στι
1395 3743 1510 3835 τούτῳ

291 3917 393 3988 ssvgl.
412 3918 520 3974 IIKor.
538 3921 563 3982 6
581 3920 660 3974 9
684 3919 747 3975 811
766 3921 784 3976 6
808 3919 872 3989 Vgl.
890 3918 990 3990 Ephes.
1008 3921 1033 3985 6,
1051 3920 1151 3976 16.-
1179 3917 1285 3987 5vgl.
1303 3915 1368 3972 Ηοε.
1386 3917 1410 3980 7
1428 3919 1453 3972 6
1478 3945 1511 3955 -

206 3999 416 4072 svgl.J0h.4,
430 4007 470 4060 14.
497 4003 567 4068 638
584 4003 805 4074 (Sachar.l4‚8).
823 4033 856 4042 -
876 4004 912 4060 12
928 4003 1237 4074 vgl.1[(01.2,13.15.
1261 4001 1301 4070 14,
1313 4003 1354 4058 37.
1379 4001 1475 4065 Gal.6‚
1489 4003 1511 4055 1.

204 4115 238 4126 -
256 4086 296 4142 26
318 4086 382 4156 vgl.
400 4087 471 4142 oben
492 4088 556 4159 Cap.
575 4089 600 4142 II
617 4089 674 4142 und
691 4088 737 4143 IX.
757 4117 789 4128 —
815 4089 854 4144 21
878 4087 941 4159 vg1.
960 4091 971 4143 I
988 4089 1058 4146 Tim.
1076 4091 1101 4151 2,
1118 4091 1143 4145 8.
1160 4117 1194 4128 -
1212 4088 1252 4144 28
1270 4086 1341 4142 Paul.
1361 4088 1419 4151 140.
1436 4086 1461 4142 2.
1479 4113 1511 4125 -

205 4170 243 4226 24
260 4172 272 4225 l
289 4171 359 4228 Tim.
377 4173 401 4236 2,
418 4173 442 4227 8.
462 4201 494 4212 -
511 4172 550 4228 26
567 4171 671 4227 Weish.
689 4171 742 4229 θεί.
762 4175 802 4236 16,
819 4174 861 4228 28.

293 4323 307 4378 λ
332 4319 496 4390 σβένννιτες
513 4322 642 4391 ΤΑυεςς.
659 4325 663 4388 Ι
683 4323 703 4378 θ
721 4317 834 4393 ἰσχύσαι
851 4325 980 4394 TAusgg.
997 4325 1001 4391 Ι
1016 4318 1050 4379 τὸ
1069 4329 1123 4380 τοῦ
1139 4325 1270 4396 πονηροῦ
1287 4320 1458 4378 ΤΟιλιοοιί.
1474 4311 1511 4374 τά

205 4412 259 4461 τοῦ
275 4409 406 4477 πονηροῦ
423 4406 491 4476 (scil.
508 4405 586 4479 βέλη)
605 4406 665 4463 Del.
683 4401 718 4462 τὸ
736 4413 789 4464 τοῦ
805 4412 938 4478 πονηροῦ
955 4410 1045 4480 (πῦρ)
1064 4408 1146 4478 Angl.
1164 4407 1218 4477 (bei
1236 4407 1320 4462 Ι)ε1.Ι
1338 4405 1427 4474 928⁸).
1446 4403 1512 4459 aber

206 4506 239 4542 zu
261 4494 318 4560 πῦρ
336 4493 411 4560 pust
427 4491 551 4556 λύοντας
568 4492 605 4562 (Ζ.
624 4492 667 4561 10)
688 4491 788 4559 nicht!
810 4492 849 4548 10
872 4486 942 4548 αύιδ
961 4491 1136 4548 T01.Lond.
1159 4485 1232 4547 αύτὰ
1249 4491 1308 4546 Del.
1329 4493 1333 4555 Ι
1353 4490 1394 4548 8⁰
1416 4483 1511 4546 πάντα

205 4565 377 4644 πειραομῦν]
407 4575 487 4646 (nal)
514 4570 610 4632 πάντα
637 4571 939 4646 περισπασμδνίεεεο
961 4574 1512 4646 Βεολο.[)ε1.(1267Δυοι.ο)οἰοίιί

205 4658 277 4712 ohne
294 4657 600 4716 Wahracheinliehkeit.
