3790 5526
604 487 702 542 ΚΑΤΑ
727 489 886 544 ΙίΕΛΣΟΥ
907 490 966 547 vll
988 487 1146 543 18.19.20.
1466 495 1522 556 171

225 654 399 736 γνωστέον
424 655 478 718 καὶ
505 648 586 731 τοῦς
606 646 762 740 χρόνους,
789 654 825 721 ἐν
852 651 902 734 οἶς
925 645 1004 733 ὅλος
1026 645 1044 721 5
1067 647 1149 732 λαὸς
1170 646 1419 738 ἀναγέγραπται
1439 647 1524 740 μετὰ

225 747 266 818 τό
292 754 514 837 πεποιηκέναι
540 746 581 819 τὸ
603 749 757 838 πονηρόν
778 748 928 822 ἐνοόπιον
948 758 1065 837 κυρίου
1086 752 1140 821 ἐπὶ
1163 747 1204 821 τό
1226 754 1362 833 βέλτιον
1383 751 1438 816 καλ
1460 743 1524 834 τὴν

224 846 311 918 κατὰ
333 849 406 920 τὸν
428 844 553 936 νόμον
574 855 768 934 θεοσέβειαν
788 856 1076 939 μεταβεβληκέναι.

305 951 387 1018 XJX.
422 943 518 1017 Ἀλλά
545 954 600 1017 καὶ
627 953 720 1038 εέπερ
749 949 1005 1022 δυναστεύειν
1032 945 1148 1031 αῦτοῑς
1175 943 1194 1020 ό
1221 944 1341 1036 νόμος
1367 950 1523 1034 ἐπηγγέλ-

189 1056 301 1119 σλετο
317 1053 439 1135 λέγων·
461 1042 592 1137 ,ἄρξεις
614 1047 654 1118 σύ
676 1054 731 1136 [δε]
755 1053 870 1120 ἐθνῶν
890 1057 1041 1134 πολλῶν,
1064 1056 1125 1120 σοῦ
1147 1054 1182 1119 δὲ
1204 1046 1266 1120 ούκ
1288 1043 1455 1137 άρζουσι,“
1469 1051 1525 1114 καὶ

222 1152 324 1237 μηδὲν
346 1152 508 1235 δηλοῦται
530 1147 584 1219 διὰ
607 1147 742 1219 τούτων
764 1148 963 1236 βαθύτερον,
986 1155 1091 1238 δῆλον
1114 1142 1169 1221 ότι
1188 1153 1309 1237 πολλῷ
1324 1150 1430 1219 πλέον
1444 1173 1524 1216 κατ-

223 1254 403 1334 εγίνωσκεν
425 1242 444 1318 5
468 1254 472 1333 Ι
497 1247 578 1330 λαός
603 1255 677 1318 τῶν
702 1248 789 1320 κατὰ
817 1248 891 1322 τόν
916 1246 1041 1339 νόμον
1062 1254 1278 1338 ἐπαγγελιῶν.
1314 1241 1525 1334 παραφράζει
1543 1259 1593 1315 708

224 1351 261 1416 δέ
283 1374 379 1429 τινας
405 1353 509 1432 λέξεις
536 1341 554 1417 ό
578 1353 718 1432 Κέλσος,
748 1347 973 1436 ἐμφαινούσας
998 1345 1289 1439 πληρωθήσεσθαι
1315 1353 1427 1417 πάσαν
1452 1343 1525 1432 τὴν

223 1451 294 1534 γῆν
321 1444 375 1515 διὰ
401 1453 464 1516 τοῦ
484 1441 655 1534 Ἑβραϊκοῦ
681 1454 884 1537 σπέρματος·
914 1442 998 1537 ὅπερ
1026 1446 1073 1532 ῶς
1099 1447 1185 1536 πρὸς
1206 1445 1270 1535 τὴν
1293 1449 1445 1534 ἱστορίαν
1466 1471 1525 1533 μη-

173 1561 207 1615 10
225 1549 376 1629 νίοντος,
404 1541 445 1616 ἵν’
469 1538 582 1626 οῦτως
609 1541 781 1635 ὀνομάσω,
804 1555 876 1619 τοῦ
901 1556 1001 1620 θεοῦ
1027 1554 1201 1638 γεγένηται
1228 1544 1311 1635 μετὰ
1334 1544 1397 1634 τὴν
1418 1540 1523 1633 Ἰησοῦ

224 1647 400 1732 ἐπιδημίαν
426 1639 513 1732 ἢπερ
538 1641 690 1734 εὐλογίας
715 1643 951 1731 ἀποδιδόντος.
997 1645 1082 1720 ἀλλὰ
1109 1655 1165 1717 καὶ
1185 1653 1261 1735 περὶ
1283 1651 1347 1716 τοῦ
1368 1648 1405 1715 ἐν
1427 1648 1525 1731 ἐπαγ-

224 1751 317 1834 γελίᾳ
353 1745 503 1832 εἰρῆσθαι
537 1739 741 1828 Ἰουδαίοις
775 1745 1074 1834 καταφονεῦειν
1105 1745 1199 1828 τοῦς
1227 1751 1443 1833 πολεμίους
1473 1752 1523 1811 λε-

222 1848 324 1914 κτέον
346 1837 444 1930 <ότι>,
468 1847 497 1913 εί
526 1873 578 1926 τις
605 1839 804 1934 άναλέγοιτο
826 1853 882 1916 καὶ
909 1851 1069 1934 προσέχοι
1095 1849 1262 1934 ἐπιμελῶς
1286 1862 1360 1926 ταῖς
1386 1849 1524 1928 λέξεσιν,
1554 1851 1559 1866 ’

224 1934 317 2029 εῦροι
348 1935 390 2012 άν
421 1937 590 2013 άδύνατον
616 1945 701 2016 εἶναι
726 1943 790 2033 τὴν
813 1941 861 2028 ῶς
881 1944 968 2034 πρὸς
990 1943 1031 2016 τὸ
1054 1943 1162 2035 ῥητὸν
1184 1941 1334 2032 ἐκδοχὴν.
1377 1937 1472 2030 ἀρκεῖ
1491 1935 1524 2009 δ’

172 2055 204 2108 15
222 2045 277 2112 ἐπὶ
304 2047 367 2111 τοῦ
387 2037 561 2130 παρόντος
583 2037 650 2114 άπὸ
673 2051 746 2116 τῶν
766 2052 914 2133 ψαλμῶν
936 2051 1161 2134 παραθέσθαι,
1185 2051 1261 2114 τίνα
1283 2038 1415 2131 τρόπον
1437 2035 1457 2111 ό
1479 2044 1524 2109 δί-

220 2168 316 2222 καιος
338 2138 502 2228 εἰσάγεται
523 2146 633 2229 λέγων
654 2141 741 2231 πρὸς
762 2145 889 2231 ἑτέροις
909 2149 965 2212 καλ
987 2139 1040 2213 τό·
1063 2149 1130 2229 ,εἰς
1152 2141 1213 2226 τὰς
1227 2145 1359 2231 πρωίας
1375 2137 1525 2213 άπέκτει-

222 2267 284 2311 νον
306 2236 438 2322 πάντας
459 2240 539 2323 τοῦς
561 2237 782 2330 άμαρτωλοῦς
803 2249 865 2332 τῆς
887 2249 960 2332 γῆς,
988 2249 1051 2314 τοῦ
1071 2245 1310 2332 ἐξολοθρεῦσαι
1332 2246 1369 2312 ἐκ
1389 2236 1525 2320 πόλεως

220 2347 338 2428 κυρίου
369 2337 501 2422 πάντας
531 2339 612 2423 τοῦς
647 2345 889 2430 ἐργαζομένους
920 2341 984 2432 τὴν
1013 2339 1187 2431 άνομίανέ(
1227 2337 1371 2430 πρόσχες
1402 2339 1442 2428 δὴ
1473 2346 1524 2429 τῷ

221 2439 315 2530 ῥητῷ
338 2447 396 2509 καί
418 2447 461 2528 τῇ
483 2445 631 2511 διαθέσει
653 2447 716 2511 τοῦ
737 2446 906 2530 λέγοντος,
929 2447 957 2512 εί
977 2440 1119 2513 ἐδύνατο
1141 2437 1430 2529 άνδραγαθὴματα
1444 2466 1525 2527 προ-

170 2549 204 2604 20
221 2535 475 2627 διηγησάμενος,
502 2533 587 2629 άπερ
611 2540 756 2611 ἐκκειται
782 2547 833 2630 τῷ
861 2546 1056 2630 βουλομένῳ
1080 2537 1332 2629 άναγινῶσκειν,
1355 2543 1525 2626 ἐπιφέρειν

222 2634 262 2706 τὸ
290 2633 338 2720 ῶς
363 2635 449 2726 πρός
473 2637 538 2728 τὴν
566 2644 657 2725 λέξιν
679 2637 839 2725 δυνατόν,
868 2634 924 2712 ότι
945 2636 1007 2710 οῦκ
1029 2636 1122 2730 άλλῳ
1144 2647 1253 2730 καιρῷ
1276 2645 1337 2729 τῆς
1359 2635 1481 2730 ἡμέρας
1503 2631 1524 2726 ἢ

222 2743 272 2825 τῷ
299 2735 436 2827 ἑωθινοῦ
465 2735 581 2827 ἀνῄρει
606 2735 759 2823 ,πάντας
785 2739 865 2822 τοῦς
887 2734 1108 2828 άμαρτωλοῦς
1134 2746 1195 2829 τῆς
1217 2745 1307 2828 γῆς,“
1330 2735 1377 2822 ῶς
1399 2742 1526 2829 μηδένα

221 2848 421 2908 καταλιπεῖν
446 2835 563 2908 αύτῶν
590 2845 715 2924 ζῶντα·
744 2845 798 2908 καλ
827 2842 855 2908 εί
882 2836 1112 2927 ἐξωλόθρευεν
1140 2836 1207 2910 άπὸ
1235 2845 1297 2928 τῆς
1316 2833 1526 2926 Ἰερουσαλὴμ

220 2932 327 3006 πάνθ’
350 2931 511 3009 ὁντινοῦν
533 2933 723 3028 άνθρωπον
745 2935 967 3028 ἐργαζόμενον
988 2938 1074 3027 ,τὴν
1097 2935 1269 3027 άνομίαν.“
1287 2997 1289 3000 .
1304 2935 1416 3009 πολλὰ
1435 2932 1467 3005 δ’
1484 2931 1526 3006 άν

170 3056 203 3111 25
222 3028 334 3124 εύροις
363 3041 420 3106 καλ
452 3041 489 3107 ἐν
515 3043 573 3126 τῶ
604 3034 711 3128 νόμῳ
743 3044 886 3108 τοιαῦτα
917 3035 965 3120 ῶς
998 3035 1039 3109 τό
1070 3034 1133 3123 ,οῦ
1158 3044 1383 3126 κατελίπομεν
1410 3032 1526 3106 αῦτῶν

158 3131 165 3142 ’
222 3143 397 3224 ζωγρίαν.“

304 3235 371 3304 ΧΧ.
409 3241 507 3324 Φέρει
528 3239 549 3305 δ
582 3229 814 3318 όΚέλσοςκοὶ
829 3235 870 3308 τό
893 3244 1160 3327 προειρῆσθαι
1181 3235 1297 3319 αῦτοῖς
1316 3233 1366 3323 μὴ
1387 3245 1526 3338 πειθο-

221 3339 357 3421 μένοις
379 3340 436 3424 τῶ
458 3331 566 3425 νόμῳ
583 3334 626 3406 τά
641 3330 726 3405 αῦτόι
741 3341 924 3421 πείσεσθαι,
941 3330 1024 3425 άπερ
1041 3340 1168 3425 ἐδρων
1190 3335 1286 3418 τοῦς
1302 3341 1526 3424 πολεμίους.

221 3439 276 3504 καὶ
307 3441 388 3524 πρὶν
416 3429 459 3506 άν
488 3463 522 3504 τι
552 3440 753 3524 παρατιθεὶς
780 3432 918 3519 τούτοις
945 3431 963 3507 ό
988 3442 1116 3520 Κέλσος
1140 3433 1303 3525 χρήσηται
1329 3434 1379 3518 οἶς
1401 3440 1527 3524 νομίζει

171 3559 204 3614 30
221 3533 447 3622 ἐναντιῶμασι
474 3533 562 3624 πρὸς
592 3534 665 3606 τόν
696 3530 821 3622 νόμον
851 3531 919 3608 άπὸ
948 3542 1010 3625 τῆς
1041 3542 1191 3626 Χριστοῦ
1223 3541 1448 3618 διδασκαλίας,
1476 3544 1527 3604 λε-

220 3637 323 3704 κτέον
343 3642 421 3722 περὶ
442 3641 515 3705 τῶν
537 3639 852 3724 προειρημένων.
897 3641 1005 3722 φαμὲν
1027 3643 1148 3708 τοίνυν
1164 3629 1219 3708 ότι
1234 3629 1253 3706 5
1268 3632 1390 3724 νόμος
1412 3630 1527 3716 διττός

138 3737 324 3853 1731ἐστιν,
355 3727 374 3803 5
400 3740 461 3822 μέν
486 3762 540 3816 τις
565 3732 652 3822 πρός
673 3733 780 3823 ῥητόν
803 3729 822 3804 5
841 3739 876 3804 δὲ
896 3735 983 3823 πρὸς
1005 3733 1172 3820 διάνοιαν,
1195 3733 1243 3818 ῶς
1264 3741 1319 3806 καὶ
1338 3740 1343 3823 Ι
1363 3742 1436 3806 τῶν
1457 3735 1525 3823 πρὸ

224 3839 320 3920 ημῶν
351 3859 442 3916 τινες
472 3835 633 3920 ἐδίδαξαν.
675 3840 731 3904 καὶ
760 3827 779 3904 5
809 3839 869 3923 μὲν
895 3833 982 3922 πρὸς
1007 3835 1050 3907 τὸ
1076 3835 1183 3926 ῥητὸν
1208 3831 1249 3906 ού
1275 3839 1446 3906 τοσοῦτον
1467 3829 1525 3920 ὑφ’

241 4040 247 4052 .
305 4005 322 4059 5
345 4001 408 4073 Vgl.
426 4002 506 4059 Deut.
527 4006 567 4073 15,
586 4005 610 4060 6.
634 4004 675 4066 28,
695 4005 734 4060 12.
758 4034 792 4043 -
816 4005 854 4060 16
878 4003 949 4059 Ρεελ.
969 4007 1026 4073 100,
1044 4005 1068 4060 8.
1086 4035 1120 4044 -
1138 4005 1176 4062 22
1201 4005 1265 4075 Vgl.
1283 4004 1355 4059 Ρεολ.
1375 4005 1432 4070 100,
1450 4003 1474 4057 8.
1492 4032 1525 4041 -

223 4087 262 4144 25
280 4087 360 4143 Deuh
378 4089 402 4153 2,
420 4089 454 4142 34
472 4087 561 4156 (Num.
579 4089 619 4156 21,
637 4089 689 4157 35).
711 4119 745 4130 -
767 4089 806 4146 31
825 4088 888 4159 Vgl.
905 4089 999 4154 Philo,
1022 4089 1063 4145 De
1085 4089 1194 4159 migrat.
1212 4089 1278 4144 Abr.
1297 4089 1361 4160 Cap.
1379 4087 1443 4142 XVI
1462 4085 1525 4156 (vol.

224 4173 235 4224 1
253 4190 277 4243 p.
295 4173 347 4228 450
364 4173 407 4228 ed.
424 4171 562 4242 Mangey).

308 4322 327 4378 4
350 4320 550 4394 ἐπηγγέλλετο]
576 4323 624 4378 das
646 4323 777 4378 τποίἐολ
799 4323 972 4393 flbergesehr.
990 4343 1009 4378 u
1027 4325 1076 4380 das
1093 4324 1222 4394 folgende
1240 4342 1254 4380 ε
1272 4341 1321 4378 aus
1339 4326 1355 4377 λ
1376 4338 1444 4376 corr.
1462 4321 1499 4374 A¹
1521 4321 1525 4388 l

221 4405 238 4460 ὅ
258 4404 307 4476 [δὲ]
326 4407 395 4476 tilge
406 4409 458 4475 ich,
477 4407 729 4476 vgl.untenS.173
747 4408 773 4463 Ζ.
787 4409 819 4463 16
831 4426 857 4462 u.
869 4407 894 4463 S.
908 4411 958 4464 175
971 4409 1025 4464 z.5
1040 4411 1045 4478 Ι
1059 4410 1076 4464 6
1095 4406 1263 4480 δηλονότιΑ
1278 4411 1282 4478 Ι
1298 4407 1528 4478 κατεγίγνωσκεν

222 4496 246 4544 Α
270 4493 275 4561 l
299 4492 337 4547 11
357 4486 544 4557 α’ποδίδονιος
560 4496 586 4547 A
609 4493 613 4561 Ι
638 4493 676 4548 18
699 4484 773 4562 <ότι>
790 4493 855 4562 fflge
872 4493 918 4548 ich
935 4493 986 4548 mit
1002 4493 1062 4548 Del.
1080 4494 1124 4550 ein
1148 4497 1152 4563 Ι
1175 4493 1316 4565 προσέχοι
1338 4491 1526 4558 MJolAusgg.

221 4575 357 4646 προσέχει
380 4578 488 4646 A119
511 4578 602 4633 hinter
624 4571 871 4648 ἅνδραγαθήματα
888 4583 921 4642 -1-
937 4570 1154 4648 διαγινώσκειν,
1181 4579 1251 4634 doch
1277 4576 1493 4651 expungiert,A
1521 4577 1525 4643 ί

223 4661 262 4716 23
287 4656 475 4734 έξωλέθρενεν
496 4665 521 4716 Α
541 4664 544 4731 Ι
568 4662 608 4718 26
636 4660 770 4732 ζωγρίαν]
793 4661 804 4716 ί
824 4662 876 4716 συί
890 4661 977 4715 Βεευτ
993 4663 1018 4714 A
1033 4664 1037 4728 Ι
1054 4663 1167 4720 80-81
1186 4683 1231 4720 πω
1248 4663 1328 4720 Rand
1347 4681 1383 4734 οη
1400 4664 1445 4718 Αλ
