3790 5526
655 525 757 580 ma
778 521 938 578 ΚΕΔΣΟΥ
959 523 1016 580 vn
1037 523 1522 592 67159

302 693 371 759 VH.
416 691 491 758 Τῶν
521 682 553 758 δ’
577 691 614 758 ἐν
639 682 807 770 Ιουδαίοις
837 694 1032 808 προφητῶν
1063 686 1095 757 ol
1120 688 1182 773 μὲν
1206 683 1273 774 πρὸ
1302 690 1364 774 τῆς
1389 711 1523 774 προφη-

133 806 200 863 169r
218 796 309 872 τείας
341 794 397 859 καὶ
423 793 485 878 τῆς
513 794 611 870 θείας
639 791 839 908 κατακωχῆς
868 777 954 876 ἦσαν
975 794 981 872 Ι
1003 792 1119 873 σοφοί,
1146 781 1276 857 οίδΗ
1255 779 1313 856 απ’
1337 780 1440 874 αύτῆς
1462 790 1523 875 τῆς

217 893 428 1012 προφητείας
458 892 693 975 φωτισθέντες
722 884 787 957 τόν
813 893 896 959 νοῦν
927 891 1081 958 τοιοῦτοι
1110 881 1299 974 γεγόνασιν,
1329 886 1523 972 αἱρεθέντες

216 984 284 1060 ύπό
315 993 377 1078 τῆς
406 993 571 1074 προνοίας
600 989 647 1071 είς
675 988 717 1060 τὸ
749 992 975 1078 πιστευθῆναι
1005 987 1046 1058 τό
1076 994 1175 1056 θεῖον
1204 990 1335 1075 πνεῦμα
1359 991 1415 1055 καί
1441 985 1523 1068 τούς

183 1104 198 1158 5
216 1083 285 1160 άπό
308 1085 435 1159 τούτου
455 1082 578 1176 λόγους
599 1085 654 1159 διὰ
676 1085 718 1161 τό
739 1093 804 1159 τού
824 1093 900 1171 βίου
922 1091 1129 1176 δυσμίμητον
1149 1091 1205 1155 καὶ
1225 1080 1359 1174 σφόδρα
1378 1080 1522 1156 εύτονον

215 1193 270 1257 καί
300 1189 496 1276 ἐλευθέριον
524 1193 580 1258 καί
609 1185 724 1276 πάντη
749 1187 836 1276 πρὸς
861 1182 1018 1257 θάνατον
1042 1190 1098 1256 καὶ
1125 1182 1303 1267 κινδύνους
1328 1180 1523 1272 ἀκατάπλη-

215 1313 308 1358 κτον.
345 1285 525 1371 τοιούτους
546 1285 609 1378 γὰρ
630 1296 686 1359 καί
708 1281 728 1359 6
750 1283 851 1377 λόγος
872 1289 960 1375 αίρεῑ
979 1290 1049 1357 δεῖν
1072 1284 1156 1356 είναι
1178 1284 1258 1368 τούς
1280 1290 1344 1356 τού
1365 1288 1421 1356 ἐπί
1440 1290 1522 1356 πᾶσι

216 1391 300 1457 θεοῦ
334 1383 529 1476 προφήτας,
566 1393 688 1471 οἵτινες
722 1392 880 1476 παίγνιον
910 1380 1090 1474 άπέφηναν
1110 1382 1175 1474 τὴν
1201 1379 1436 1468 Ἀντισθένους
1467 1392 1523 1456 καί

218 1481 398 1574 Κράτητος
427 1491 483 1556 καί
509 1493 688 1576 Διογένους
714 1481 879 1558 εύτονίαν.
922 1481 963 1556 δι’
986 1479 1152 1573 ἀλήθειαν
1177 1490 1261 1573 γοῦν
1286 1490 1340 1554 καί
1367 1485 1409 1556 τό
1432 1489 1521 1555 ἐλευ-

167 1597 200 1652 10
217 1591 341 1672 θερίως
362 1587 508 1674 ἐλέγχειν
529 1585 610 1669 τούς
631 1581 889 1676 άμαρτάνοντας
910 1580 1181 1672 ,ἐλιθάσθησαν
1201 1587 1420 1673 ἐπρίσθησαν,
1436 1588 1522 1656 ἐπει·
1539 1596 1590 1652 699

217 1680 448 1773 ράσθησαν,ἐ
450 1713 469 1756 ν
502 1681 602 1775 φόνῳ
631 1693 792 1776 μαχαίρας
821 1680 1010 1756 ἀπέθανον·
1038 1689 1229 1774 περιῆλθον
1256 1681 1319 1772 γὰρ
1346 1686 1384 1754 ἐν
1410 1694 1523 1774 μηλω

217 1801 304 1868 ταῖς,
326 1786 364 1854 ἐν
386 1788 523 1872 αἰγείοις
545 1789 715 1872 δέρμασιν,
736 1781 989 1874 ύστερούμενοι,
1010 1781 1346 1872 κακονχούμενοι,ν
1308 1787 1346 1854 ἐν
1372 1787 1522 1904 ἐρημίαις

216 1881 435 2004 πλανῶμενοι
463 1879 570 1954 καί
550 1907 641 1972 ορεσι
670 1891 727 1954 καί
754 1889 930 1974 σπηλαίοις
957 1890 1015 1954 καί
1045 1901 1120 1966 ταῖς
1150 1878 1250 1965 όπαις
1281 1887 1342 1972 τῆς
1368 1888 1442 1973 γῆς,
1471 1873 1522 1954 ῶν

217 1977 280 2052 σύκ
307 1970 350 2071 ἦν
375 1978 468 2068 ἄξιος
494 1976 514 2054 6
540 1985 596 2053 ἐπὶ
622 1988 682 2074 γῆς
707 1978 864 2071 κόσμοςίί·
892 1979 943 2055 ἀεὶ
973 1986 1163 2072 ἐνορῶντες
1189 1988 1241 2072 τῶ
1267 1988 1341 2073 θεῷ
1367 1987 1423 2052 καὶ
1450 1999 1523 2064 τοῖς

166 2094 199 2148 15
216 2076 378 2170 άοράτοις
399 2087 463 2152 τοῦ
483 2088 568 2153 θεοῦ
588 2090 644 2154 καί
665 2081 710 2173 μὴ
731 2088 952 2172 βλεπομένοις
971 2087 1145 2172 αἰσθητῶς
1164 2088 1218 2152 καί
1234 2081 1288 2154 66
1303 2086 1409 2154 τοῦτο
1425 2072 1522 2152 οὖσιν

215 2185 375 2264 αἰωνίοις.

300 2275 319 2352 6
346 2285 382 2352 δέ
367 2286 479 2366 ἐβίος
504 2279 648 2354 ἑκάστου
674 2288 747 2353 τῶν
773 2287 965 2372 προφητῶν
990 2278 1254 2371 ἀναγέγραπται·
1284 2275 1381 2370 άρκεῑ
1404 2285 1441 2352 δέ
1466 2285 1521 2352 ἐπὶ

217 2386 281 2452 τοῦ
312 2377 486 2470 παρόντος
518 2387 733 2471 παραθέσθαι
758 2379 822 2454 τόν
848 2387 1023 2466 Μωύσέως
1052 2387 1127 2466 βίον
1152 2385 1220 2470 (καὶ
1246 2378 1309 2470 γάρ
1334 2375 1440 2452 αύτού
1465 2387 1521 2470 φέ-

218 2507 338 2569 ρονται
367 2500 580 2572 προφητεῖαι,
611 2477 896 2572 ἀναγεγραμμέναι
917 2485 954 2552 ἐν
979 2487 1032 2572 τῷ
1058 2475 1167 2570 νόμῳ)
1192 2486 1248 2550 καὶ
1275 2478 1339 2552 τὸν
1359 2472 1520 2571 Ἱερεμίου,

166 2601 200 2656 20
218 2575 407 2668 φερόμενον
427 2584 465 2652 ἐν
486 2588 529 2670 τῇ
552 2576 720 2672 ὁμωνύμῳ
737 2576 842 2652 αύτού
856 2585 1057 2673 προφητείᾳ,
1072 2587 1128 2652 καί
1143 2577 1207 2650 τόν
1219 2575 1362 2666 Ἡσαΐου,
1387 2575 1425 2664 ὃς
1443 2585 1521 2652 ἐπο-

218 2677 324 2768 ρεύθη
353 2676 565 2768 ύπερτείνων
594 2687 706 2764 πᾶσαν
739 2676 879 2772 ἄσκησιν
908 2679 1056 2771 ,γυμνὸς
1085 2687 1141 2751 καὶ
1172 2676 1403 2764 616666606‘
1434 2683 1522 2752 ἔτεσι

217 2785 334 2866 τρισίν.
377 2783 427 2851 ίδε
453 2784 488 2850 δέ
513 2786 569 2852 καί
594 2785 799 2871 παιδαρίων,
825 2809 889 2854 του
873 2779 1036 2870 ’Δανιὴλ
1062 2787 1117 2852 καί
1144 2785 1218 2851 τῶν
1244 2779 1305 2851 σύν
1327 2775 1431 2870 αύτῶ,
1459 2779 1523 2852 τόν

217 2879 409 2998 ἐρρωμένον
429 2886 517 2965 βίον,
544 2875 711 2969 ἀναγνούς
736 2879 800 2969 τὴν
826 2876 1033 2968 ὑδροποσίαν
1059 2876 1176 2952 αύτῶν
1201 2873 1299 2950 26⁰
1280 2907 1335 2952 οτι
1360 2873 1382 2968 6
1408 2878 1521 3001 τροφέ]

217 2969 260 3067 ἧν
282 2975 400 3063 αύτολς
422 2974 573 3068 όσπριον,
596 2977 757 3069 ἐμψύχων
777 2976 1003 3069 άπεχομένοις.
1033 2985 1061 3052 εί
1082 2986 1118 3052 δέ
1140 2977 1287 3064 δύνασαι,
1309 2977 1431 3050 καὶτὰ
1452 2979 1521 3068 πρὸ

166 3096 199 3152 25
218 3076 356 3149 τούτων
384 3085 517 3164 θέασαι,
548 3083 630 3148 Νῶε
657 3077 961 3198 προφητεύσαντος
990 3086 1047 3150 καί
1076 3075 1182 3150 Ισαὰκ
1211 3085 1264 3168 τῷ
1293 3082 1403 3168 νίῷἐ
1388 3083 1522 3165 ἐ-πευξα

217 3183 320 3266 μένου
351 3182 578 3268 προφητικῶς
606 3183 661 3249 καὶ
690 3184 754 3250 τοῦ
778 3173 895 3264 Ἰακῶβ
921 3179 1122 3299 λέχοντος“
1110 3175 1242 3268 εκάστῳ
1272 3183 1347 3248 τῶν
1377 3176 1521 3248 δῶδεκα·

218 3282 342 3363 ,δεῦτε
366 3281 420 3349 ίνα
442 3274 630 3367 άναγγείλω
650 3273 736 3367 ύμῖν,
758 3283 792 3348 τί
813 3274 980 3348 ἐσταιέπ’
1002 3273 1155 3365 ἐσχάτων
1177 3283 1250 3350 τῶν
1272 3273 1438 3367 ἡμερῶν(
1466 3267 1521 3348 06·

218 3405 273 3448 τοι
303 3376 344 3468 δὴ
372 3383 427 3449 καί
461 3373 578 3449 ἄλλοι
610 3383 742 3466 μυρίοι
777 3376 1073 3468 προφητεύσαντες
1103 3383 1155 3468 τηό
1185 3383 1259 3468 θεῷ
1288 3383 1344 3446 καὶ
1373 3374 1417 3448 τὰ
1445 3383 1522 3463 περὶ

302 3589 341 3644 10
363 3587 446 3644 σοι.
464 3591 506 3656 11,
523 3589 565 3644 ει.
583 3589 625 3645 σε.
646 3619 680 3629 -
703 3589 742 3646 ιε
764 3586 827 3658 Vgl.
845 3589 872 3644 11
889 3589 953 3644 xor.
970 3591 996 3656 4,
1013 3589 1054 3644 18.
1076 3619 1110 3628 -
1127 3589 1166 3644 τι
1191 3587 1254 3658 vgl.
1272 3587 1325 3643 sas.
1343 3589 1384 3652 ιο,
1402 3589 1427 3644 2.
1445 3589 1469 3643 3.
1489 3617 1522 3628 -

216 3671 255 3812 ἐξ
274 3672 337 3810 66.
355 3673 432 3814 ¹6²1
442 3676 467 3740 1,
487 3675 595 3731 11-16.
617 3703 650 3712 -
677 3674 715 3730 τε
740 3675 802 3745 Vgl.
821 3675 886 3730 oen.
905 3675 929 3741 ο,
947 3675 1056 3730 εε-ει.
1074 3703 1108 3712 -
1130 3672 1193 3743 Vgl.
1216 3673 1283 3728 Gen.
1302 3673 1344 3739 ει,
1362 3673 1471 3728 ετ-εσ.
1487 3703 1521 3712 -

300 3931 316 3987 1
340 3925 399 4003 πρὸ
420 3951 471 4002 της
492 3933 670 4005 προφητείας
690 3933 814 3989 εοίιεείοε
830 3933 876 3989 ioh
893 3933 944 3988 mit
961 3935 1009 3988 Βο.
1027 3933 1170 4003 (Νοίαερ.
1188 3933 1262 4002 399),
1285 3949 1337 3986 nur
1354 3933 1416 3986 dass
1434 3931 1522 3986 dieser

215 4015 363 4070 Γέίεσίιλίσίε
380 4022 430 4087 τῆς
447 4018 606 4084 auslflss6u
609 4019 692 4074 .Del.
711 4020 735 4087 (I
752 4019 804 4075 698
820 4019 900 4074 Anm.
914 4019 953 4088 d);
972 4023 1120 4090 προφῆται
1138 4036 1165 4073 u.
1183 4035 1229 4074 am
1246 4017 1325 4072 Βοιαὶ
1343 4017 1523 4115 προφητείας

215 4101 266 4155 Hb.
294 4094 353 4157 άπὸ
376 4103 554 4174 προφητείας
576 4103 619 4174 Sp
629 4103 689 4159 Del
711 4107 857 4173 προφῆται
880 4109 931 4173 τῆς
950 4103 1128 4174 προφητείας
1150 4107 1175 4158 Α
1200 4102 1352 4158 fehlerhaft
1374 4104 1378 4172 Ι
1402 4087 1463 4157 2
1447 4117 1522 4170 ησαν

215 4186 339 4242 schreibe
355 4186 401 4241 ioh
418 4188 470 4241 mit
486 4189 535 4242 Bo.
553 4188 692 4259 (Notaep.
710 4189 779 4256 399),
797 4180 836 4253 ῶς
854 4181 890 4242 ύν
906 4191 1039 4258 AAusgg.
1055 4184 1113 4258 Ιοί]
1132 4187 1291 4244 damber'
1268 4205 1313 4242 em
1332 4189 1405 4241 Aeut
1421 4185 1523 4255 getilgt

215 4274 240 4325 Δ
255 4271 260 4341 Ι
274 4271 289 4326 7
307 4267 387 4340 αίρεῖ
399 4271 429 4340 Ρ,
446 4271 498 4327 Hb.
516 4290 561 4327 am
574 4271 664 4340 Rand,
680 4272 724 4343 Sp.
734 4271 819 4326 Del!
811 4291 850 4326 ιω
861 4272 942 4336 Tem
962 4268 1025 4345 ἐρεῖ
1037 4275 1061 4326 Δ
1077 4276 1081 4340 Ι
1098 4274 1137 4330 10
1156 4267 1374 4346 ἐπειράσθησαν
1385 4271 1521 4340 MAusgg.

215 4350 423 4428 ἐπειράθησαν,
446 4357 517 4412 doch
540 4356 674 4412 zwischen
692 4352 711 4411 6
732 4374 758 4411 u.
777 4359 798 4411 9
815 4357 861 4411 ein
877 4357 984 4412 kleines
1001 4357 1087 4422 Loeh,
1106 4375 1142 4411 an
1160 4357 1256 4411 denen
1274 4357 1359 4411 Stella
1376 4355 1421 4412 ein
1440 4373 1458 4410 σ
1474 4372 1521 4425 ge·

215 4441 332 4495 standon
349 4441 439 4496 haben
456 4441 540 4510 kann,
559 4443 584 4494 Δ
607 4443 612 4511 Ι
636 4441 675 4497 12
693 4436 905 4510 κακοχούμενοι
923 4445 948 4496 Δ
968 4442 972 4510 l
994 4441 1032 4498 18
1054 4438 1201 4510 μωνσέως,
1220 4440 1382 4496 Circumflex
1400 4441 1468 4495 fiber
1485 4456 1523 4495 νσ

215 4524 369 4579 nusradiert
390 4542 416 4580 u.
434 4545 474 4590 ως
495 4525 546 4581 auf
559 4525 647 4580 Rasur
664 4525 788 4596 ΔΙβίον
809 4525 860 4580 auf
878 4523 967 4580 Rflsur
983 4527 1032 4594 ΑΙ
1057 4526 1098 4582 20
1114 4520 1175 4596 τόν]
1193 4544 1210 4581 τ
1228 4526 1324 4596 Am
1350 4520 1524 4602 ύπερτείνινν

215 4608 422 4679 M⁰⁰“·Ausgg.
436 4603 507 4681 ύπέρ
525 4627 611 4665 τινων
621 4612 654 4675 A,
672 4610 733 4665 eine
745 4609 848 4678 Lesart,
867 4610 911 4664 die
923 4608 983 4665 Del.
997 4611 1019 4680 (1
1031 4611 1082 4667 699
1093 4611 1174 4667 Anm.
1187 4611 1216 4680 b)
1226 4629 1259 4664 zu
1269 4609 1386 4681 billigen
1398 4609 1504 4664 εαίιείαί
1517 4609 1521 4678 ί

217 4685 349 4764 ἄσκησιν]
368 4714 385 4764 η
403 4712 451 4749 ονε
469 4698 504 4765 λη
522 4711 588 4750 corr.
607 4695 701 4763 6125
720 4713 770 4750 vor
786 4690 882 4750 Ἰσαὰκ
899 4701 932 4760 ÷
949 4699 1002 4751 τοῦ
1018 4695 1153 4766 MAusgg.
