3780 5538
365 495 424 558 342
906 489 1127 545 ammom

364 648 512 722 δύνασθε
545 656 721 721 πιστεῦσαι
754 645 860 740 ύμεῖς,
897 649 1000 738 δόξαν
1034 649 1127 739 παρὰ
1162 647 1364 740 ἀνθρώπων
1399 646 1576 734 λαβόντες,
1612 655 1669 718 καὶ

364 748 429 840 τὴν
455 745 559 834 δόξαν
585 749 650 839 τὴν
671 749 763 839 παρὰ
785 757 849 822 τοῦ
871 748 979 840 μόνου
998 757 1086 824 θεοῦ
1108 747 1151 822 ού
1173 757 1342 840 ζητεῖτε;“
1363 746 1473 840 πόσης
1496 755 1557 838 τῆς
1578 746 1668 836 παρὰ

364 845 563 938 ἀνθρώποις
586 846 694 938 δόξης,
716 843 781 922 κόν
802 855 857 922 ἐπὶ
879 859 929 942 τῷ
951 857 1046 940 καλῷ
1066 857 1219 941 γίνεσθαι
1233 858 1418 974 νομίζηται,
1440 865 1668 937 καταφρονεῖν

363 955 420 1020 καὶ
451 959 564 1038 ζητεῖν
592 948 657 1039 τὴν
686 956 805 1039 κυρίαν
837 921 940 1035 δόξόν
968 957 1025 1020 καί
1051 946 1164 1074 62666
1191 948 1256 1040 τὴν
1283 945 1367 1022 ἀπό
1379 955 1444 1020 τοῦ
1470 945 1579 1036 μόνου
1604 947 1668 1019 τόν

329 1054 426 1136 ὄτῇς
448 1046 549 1137 δόξης
570 1042 666 1134 ἄξιον
686 1044 892 1166 πρεπόντως
914 1049 1024 1140 ἑαυτῷ
1046 1047 1130 1139 ύπὲρ
1152 1048 1217 1140 τὴν
1238 1046 1335 1136 ἀξίαν
1356 1077 1421 1119 του
1406 1052 1668 1136 ’δοξαζομένου

297 1161 348 1214 17r
364 1144 576 1234 δοξάζοντος.
618 1153 673 1218 καὶ
699 1143 787 1219 ούτό
808 1137 873 1220 οῦν
894 1148 936 1220 τὸ
959 1155 1122 1237 νομισθὲν
1139 1143 1182 1220 6v
1202 1147 1311 1221 καλόν
1333 1149 1419 1219 εἶναι
1438 1153 1442 1234 Ι
1461 1153 1554 1219 naz}
1555 1173 1667 1218 παινε-

363 1246 427 1316 τὸν
447 1243 631 1336 μολύνεται
651 1248 874 1337 νομιζόμενον
895 1241 1105 1336 γίνεσθαι,“
1088 1277 1155 1334 οτε,
1177 1243 1304 1334 ,ὅπως
1306 1253 1587 1335 (δοξασθῶμεν,
1590 1242 1667 1330 ,ῦπό

362 1351 438 1416 τῶν
438 1342 700 1466 ἇνθροόπων“
710 1339 771 1435 6,
774 1341 900 1431 ,3666
932 1353 1095 1436 φανῶμεν
1124 1365 1217 1431 ,,τοῖς
1242 1343 1477 1434 όνθριόποιςί(
1501 1350 1667 1432 ποιοῦμεν

364 1441 466 1516 αῦτό·
499 1441 618 1534 διόπερ
653 1442 789 1568 ούδεμία
824 1449 877 1516 ἐπὶ
913 1444 1028 1535 τούτῳ
1061 1441 1130 1517 ἀπὸ
1165 1452 1250 1518 θεοῦ
1283 1443 1404 1535 ἀμοιβῇ
1434 1441 1513 1534 ἡμῖν
1543 1444 1667 1514 ἕπεται.

312 1563 345 1619 10
362 1541 511 1634 ἀψευδὴς
537 1543 600 1634 γὰρ
625 1551 692 1628 πᾶς
718 1541 738 1617 6
765 1553 828 1617 τοῦ
848 1542 952 1634 Ἰησοῦ
975 1541 1076 1634 λόγος
1101 1552 1170 1630 καί,
1198 1548 1227 1616 εί
1253 1553 1304 1618 δεῖ
1328 1541 1525 1632 βιαζόμενον
1552 1549 1667 1626 είπεῖν,

363 1640 609 1732 ἀψευδέστερος
639 1651 780 1733 γίνεται,
803 1643 889 1716 ἐπὰν
918 1642 1002 1733 μετὰ
1028 1650 1092 1716 τοῦ
1118 1642 1288 1734 συνήθους
1314 1641 1421 1716 αύτοῦ
1447 1637 1553 1731 όρκου
1574 1649 1667 1730 λε’γη-

362 1771 428 1814 ται.
472 1751 553 1833 φησὶ
587 1749 623 1814 δὲ
654 1751 731 1834 περὶ
762 1752 836 1816 τῶν
866 1740 907 1814 δι’
936 1739 1163 1833 ἀνθρωπίνην
1189 1741 1291 1829 δόξαν
1317 1735 1354 1814 εῦ
1388 1740 1452 1814 τὸν
1484 1747 1590 1823 πέλας
1613 1747 1667 1812 δο-

360 1842 523 1916 κούντων
545 1835 699 1930 ποιεῖνῇ
730 1849 788 1928 ,,ίν
812 1863 886 1926 ταῖς
912 1862 1120 1932 συναγωγαῖς
1145 1851 1200 1916 καί
1227 1863 1302 1926 ταῖς
1327 1848 1468 1932 γωνίαις
1488 1849 1563 1912 τῶν
1584 1851 1667 1910 πλα-

362 1951 489 2014 τειῶν“
514 1947 806 2032 προσευχομένων,
834 1936 952 2028 ,,όιιως
979 1952 1115 2031 φανῶσι
1140 1961 1212 2026 τοῖς
1238 1939 1473 2032 όνθριύποις,“
1501 1939 1542 2012 τό
1570 1933 1664 2011 αύτό·

247 2103 254 2118 ,
311 2059 344 2112 15
361 2038 472 2132 ,,ἇμὴν
493 2047 581 2131 λέγω
601 2039 689 2131 ύμῖν,
711 2038 871 2130 ἀπέχουσι
893 2040 956 2113 τὸν
977 2040 1101 2131 μισθόν
1123 2038 1267 2114 αῦτοῦν.“
1304 2035 1418 2130 ὥσπερ
1440 2039 1503 2130 γὰρ
1525 2036 1668 2126 ἀπέσχεν

362 2136 381 2213 6
396 2141 484 2262 xat6
496 2147 636 2213 Λουκῖιν
649 2140 844 2226 πλούσιος,
846 2141 889 2214 τό
904 2139 1063 2232 όγαθίθί,
1065 2145 1102 2212 ἓν
1116 2149 1179 2261 τῇ(
1195 2144 1317 2214 ἑαυτοῦ
1331 2137 1552 2230 ἅνθρωπίνη,
1557 2144 1646 2259 ,ζωῇ
1648 2146 1667 2174 “
1693 2129 1698 2140 ’

346 2240 416 2312 διὰ
447 2239 488 2312 τὸ
520 2236 743 2330 όπεσχηκέναι
772 2248 881 2312 ταῦτα
913 2237 1027 2312 ούκέτι
1056 2248 1182 2329 χωροῦν
1213 2261 1325 2331 τυχεῖν
1352 2236 1469 2312 αύτῶν
1493 2237 1577 2330 μετὰ
1604 2235 1667 2308 τόν

362 2336 567 2460 ἐνεστηκότα
588 2347 675 2424 βίον·
697 2334 812 2423 οῦτως
833 2369 852 2411 ο
842 2335 1044 2428 ‘6:166‘
1033 2349 1184 2415 εαυτοῦ
1177 2339 1260 2425 ,τόν
1269 2338 1439 2476 μμσθὸνβ
1461 2342 1490 2410 ει
1511 2367 1545 2409 τι
1568 2335 1667 2407 διόσει

362 2435 484 2512 τινὶ”
464 2470 484 2530 η
515 2444 552 2510 ἐν
581 2435 704 2527 εύχαῖς,
734 2433 796 2510 ότε
821 2438 865 2561 μὴ
891 2446 1029 2528 σπείρας
1054 2445 1123 2527 ,,είς
1150 2438 1190 2510 τὸ
1216 2446 1357 2528 πνεῦμα(
1359 2436 1517 2522 ἀλλὰ,
1520 2442 1576 2520 ,ςεί
1602 2462 1668 2524 την

310 2545 344 2607 20
362 2537 497 2628 σόρκαβ
519 2545 686 2628 ,,θερίσει“
708 2543 769 2627 μὲν
749 2538 895 2675 ντῇν,
896 2537 1077 2627 ,φθορόνβ
1100 2537 1141 2610 06
1166 2546 1332 2627 ,θερίσει
1354 2541 1391 2608 δὲ
1417 2535 1522 2625 τὴν,
1526 2534 1667 2606 αίοίνιον

363 2635 486 2727 ξωῇν.“
529 2644 597 2723 ,,είς
623 2636 688 2727 τὴν
715 2635 831 2724 σάρκα(
832 2641 902 2708 δὲ
928 2633 1095 2726 σπείρει
1075 2669 1125 2723 ο,
1127 2643 1175 2724 ,ἐν
1193 2655 1266 2722 ταῖς
1287 2653 1493 2725 συναγωγαῖς
1514 2641 1568 2706 καὶ
1593 2651 1667 2715 ταῖς

362 2735 490 2828 ῥύμαις,
513 2732 617 2820 ὅπως(
619 2742 841 2825 δοξασθῇ,
843 2733 910 2808 ῦπό
933 2745 1007 2808 τῶν
1020 2734 1256 2864 66666xmv,‘
1272 2744 1386 2808 ποιοῦν
1400 2733 1667 2824 ί,,λεημοσύνην“

360 2835 445 2926 μετὰ
467 2843 655 2926 σαλπισμοῦ
676 2843 739 2908 τοῦ
761 2840 995 2956 ,,εμιιρρσθευ“
1017 2837 1152 2920 ἑαυτοῦ,
1176 2830 1414 2927 ἢδφιλιῦν,
1416 2838 1454 2905 ἐν
1476 2852 1550 2917 ταῖς
1570 2857 1665 2904 συνα-

361 2955 486 3025 γωγαῖς
507 2945 564 3008 καὶ
586 2955 660 3016 ταῖς
679 2943 818 3026 γωνίαις
840 2943 914 3007 τῶν
928 2943 1121 3008 πλατειῶν“
1138 2937 1267 3020 ἑστώς,
1270 2934 1533 3026 προσεύχεσθαι,
1549 2926 1665 3015 όπως“

310 3059 344 3114 25
362 3042 519 3164 μανείς,
521 3055 626 3119 ,τοῖς
640 3033 863 3126 ἀνθρώποιςα
894 3031 1027 3124 εύσεβής
1062 3063 1115 3118 τις
1144 3030 1252 3105 κα1”
1233 3061 1325 3118 οοιος
1356 3035 1440 3105 εἶναι
1470 3031 1562 3121 παρὰ
1593 3049 1665 3114 τοῖς

362 3132 526 3226 ἓωρααόσι
548 3144 702 3226 νομισθῇ.

444 3264 472 3326 3.
510 3249 597 3324 ἄλλό
622 3260 679 3324 καὶ
705 3259 772 3337 πᾶς
799 3247 818 3323 6
845 3251 910 3341 τὴν
935 3263 1100 3322 πλατεῖαν
1125 3257 1181 3321 καὶ
1203 3247 1397 3340 εύρύχωρον
1420 3245 1550 3321 ὁδεύων
1572 3244 1664 3332 ὁδόν,

361 3351 426 3440 τὴν
447 3347 646 3439 όπόγουοαν
668 3358 722 3425 ἐπὶ
744 3351 829 3442 ,,τὴν
847 3347 1052 3434 όπαίλειαν,“
1074 3346 1174 3420 οῦδὲν
1196 3344 1306 3438 όρθὸν
1327 3357 1383 3419 καὶ
1405 3345 1502 3432 εῦθὲς
1524 3350 1665 3438 ἔχουσαν

360 3447 448 3523 ἄλλα
475 3458 589 3523 πᾶσαν
611 3451 751 3524 σκολιὰν
774 3447 1011 3540 τυγχάνουσαν
1032 3457 1087 3519 καὶ
1110 3456 1366 3539 γεγωνιωμίνην
1387 3455 1580 3576 (με’κλασται
1601 3447 1665 3536 γὰρ

397 3671 400 3678 ⁸
445 3681 460 3735 1
484 3679 549 3750 vgl.
567 3681 665 3734 Matth.
683 3683 707 3743 6,
726 3683 750 3736 2.
768 3683 793 3736 5.
810 3708 844 3718 -
865 3678 902 3733 18
925 3677 990 3746 vgl.
1008 3677 1107 3731 Matth
1127 3677 1244 3743 6,5.-
1264 3677 1419 3734 1516661
1437 3679 1462 3742 6,
1480 3679 1608 3745 5(2.-
1575 3676 1666 3731 -18

363 3761 424 3833 vgl.
442 3763 510 3818 τοι.
530 3765 570 3831 16,
588 3765 630 3820 οε.
647 3795 681 3804 -
700 3765 738 3821 τε
757 3760 1195 3832 Vg1.Matth.6‚5.-19Vg1.
1215 3763 1274 3818 οτι.
1293 3762 1466 3830 6,8.-21
1486 3760 1549 3832 vgl.
1568 3761 1626 3815 Μιι
1626 3761 1666 3815 th.

361 3849 385 3912 6,
404 3850 428 3904 2.
447 3879 479 3887 -
497 3849 537 3905 28
555 3848 617 3918 Vgl.
635 3849 735 3903 Matth.
753 3851 777 3914 6,
795 3850 818 3901 5.
838 3877 871 3886 -
889 3846 926 3902 27
948 3847 1010 3915 Vgl.
1029 3846 1128 3901 Matth.
1147 3849 1171 3911 7,
1190 3849 1229 3902 13.

446 4047 486 4103 10
505 4065 549 4102 am
568 4048 649 4103 stand
667 4053 704 4118 σῆ
723 4041 780 4116 δρα
799 4062 854 4100 von
871 4047 892 4098 Ι.
903 4045 937 4100 Η.
951 4044 975 4098 Τ
990 4047 994 4114 Ι
1011 4047 1048 4102 11
1068 4041 1159 4102 αὐτοῦ
1176 4045 1305 4116 TAusgg.
1324 4041 1403 4121 αὐτῷ
1421 4045 1563 4101 schreibou
1581 4045 1666 4106 Βεοί..

359 4131 420 4188 Del.
439 4133 461 4200 (I
477 4134 529 4190 228
545 4134 628 4189 Anm.
646 4135 670 4202 ο)
688 4151 714 4190 u.
732 4131 814 4201 Angl.
833 4129 888 4200 (bei
906 4129 966 4186 Del.
985 4130 1091 4199 19201)
1115 4133 1120 4198 Ι
1144 4131 1182 4187 18
1201 4124 1227 4201 6]
1249 4135 1299 4187 καί
1325 4131 1391 4186 oder
1416 4133 1467 4187 καί
1494 4129 1584 4201 (τῶν)
1608 4147 1667 4184 ver·

251 4273 253 4278 .
359 4219 448 4273 mutet
470 4219 554 4288 Angl.
574 4220 608 4287 (ε.
626 4235 651 4272 ε.
670 4217 711 4286 0.)
728 4217 801 4271 ohne
819 4215 915 4269 Grund
938 4217 943 4283 Ι
970 4215 1008 4272 15
1036 4208 1167 4286 α’πίσχεν]
1192 4209 1331 4287 αἀοσχών
1348 4216 1412 4271 Ιὶοεῖ
1429 4215 1511 4285 Angl.
1530 4217 1564 4283 (a.
1582 4231 1606 4268 ε.
1624 4213 1665 4281 0.)

359 4303 437 4358 nicht
458 4303 600 4373 glfloklich
622 4303 626 4370 1
651 4303 687 4358 11
713 4295 756 4356 διὰ
774 4294 820 4369 τό]
840 4295 886 4354 διά
904 4299 964 4370 (τε)
981 4293 1016 4355 τό
1039 4301 1103 4356 lieet
1120 4301 1198 4356 Βεοί.
1216 4301 1271 4368 (bei
1289 4301 1349 4356 Del.
1367 4301 1448 4356 1228
1466 4303 1548 4355 Anm.
1567 4300 1594 4368 d)
1616 4317 1666 4352 un·

359 4388 462 4458 richtig
485 4391 489 4454 Ι
514 4381 608 4444 οῦκὲτι
625 4386 648 4439 Τ
671 4378 724 4442 οῦκ
747 4379 807 4441 ἔστι
824 4387 926 4453 Ausgg.
942 4384 1001 4452 118
1022 4379 1053 4440 εί
1071 4403 1098 4440 τι
1121 4381 1206 4440 δύσει
1227 4384 1345 4441 Τίιοοῦ.
1363 4380 1421 4442 εἴτε
1439 4379 1522 4440 δύσει
1540 4383 1589 4438 Ox,
1598 4383 1666 4444 Del„

359 4466 410 4528 εἴτ’
429 4469 460 4527 ἐν
477 4467 556 4528 δόσει
572 4470 646 4526 lesen
664 4469 847 4538 1301612016
865 4470 916 4524 228
933 4473 1014 4526 Anm.
1032 4469 1057 4537 s)
1075 4469 1158 4538 Angl.
1177 4471 1212 4538 (ο.
1224 4488 1248 4524 ε.
1261 4470 1302 4540 Ο.)
1321 4471 1392 4524 ohne
1410 4469 1581 4535 Grun6128
1599 4469 1666 4523 σαλ·

360 4559 471 4624 πισμοῦ
486 4557 549 4626 τοῦ]
570 4558 734 4623 σαλπισμοῦ
749 4572 803 4610 του
821 4555 900 4609 Βεοί.
920 4555 974 4624 (bei
992 4554 1051 4610 Del.
1069 4557 1082 4610 I
1100 4555 1150 4610 228
1167 4557 1249 4608 Anm.
1263 4557 1290 4624 g]
1305 4555 1310 4622 Ι
1325 4547 1351 4624 6]
1370 4556 1420 4610 καί
1436 4553 1517 4622 Angl.
1530 4555 1566 4621 (a.
1579 4571 1603 4606 ο.
1616 4552 1667 4621 0.),

359 4641 416 4710 vgl.
434 4641 506 4696 oben
523 4641 550 4695 6
569 4643 601 4696 13
616 4644 620 4706 Ι
636 4641 673 4695 27
695 4639 738 4694 bis
755 4640 782 4693 S.
800 4641 851 4695 343
869 4639 898 4695 Z.
916 4641 948 4694 12
966 4657 1011 4694 σου
1028 4639 1107 4693 Βσαδ
1127 4643 1163 4708 σῇ
1181 4644 1271 4694 ταῦτα
1289 4656 1343 4695 von
1360 4640 1382 4694 I.
1394 4637 1428 4693 Η.
1447 4639 1476 4694 Τ.
