3758 5564
538 489 632 545 ΠΕΡΙ
654 489 790 548 leym
813 493 865 566 22,
883 495 923 548 17.
941 494 981 550 18.
1001 494 1041 549 19.
1070 492 1122 565 8⁰,
1140 495 1163 548 1.
1180 495 1205 548 2.
1463 499 1523 564 393

224 675 357 735 σαντες·
376 649 418 723 τὸ
440 647 504 740 γάρ
525 653 683 724 ἐλλεῖπον
704 652 758 725 διὰ
780 653 845 744 τὴν
863 650 1087 745 ἀνθρωπίνην
1101 651 1288 741 ἀσθένειαν,
1311 655 1397 728 έπάν
1411 652 1525 727 πάντα

224 754 267 827 τά
290 749 369 826 καθ’
384 751 524 835 ἑαυτοὺς
543 757 797 842 ἐπιτελέσωμεν,
819 755 991 844 πληρώσει
1011 748 1032 826 ό
1053 752 1148 840 θεὸς,
1171 749 1190 826 δ
1212 773 1305 841 ,ποις
1327 752 1524 844 ἀγαπῶσιν(

223 849 329 926 αότὸν
350 849 506 938 ,,ιιάντα“
527 857 699 943 συνεργῶν
718 858 786 938 ,,είς
807 849 950 944 ἀγαθὸν,
973 872 1046 938 τοῖς
1067 853 1176 926 κατά“
1197 854 1261 944 τὴν
1287 851 1416 945 ἀψευδῆ
1442 851 1523 945 πρό·

199 951 349 1043 Ιγνωσιν
370 949 486 1037 αὐτοῦ,
509 943 528 1022 ό
550 981 584 1023 τι
605 958 691 1024 ποτὲ
713 953 848 1025 ἔσονται
869 950 949 1043 παρ’
970 950 1102 1039 αδεοὺς,
1124 960 1403 1043 προεωραμένοις.

223 1175 279 1252 είς
308 1165 548 1257 πειρασμόν“
580 1164 718 1258 δυνάμει
749 1174 953 1258 δεδιδαχέναι
982 1175 1037 1240 καί
1067 1167 1109 1239 τό
1143 1170 1281 1259 »ῥῦσαι
1300 1164 1415 1260 ἡμᾶς
1447 1165 1525 1240 ἀπὸ

222 1275 300 1340 τοῦ
321 1272 532 1357 πονηροῦ.“
572 1273 629 1337 καί
652 1264 740 1351 είκός
761 1296 798 1358 γε
818 1267 905 1357 πρὸς
926 1276 987 1356 μὲν
1009 1266 1073 1340 τὸν
1094 1266 1268 1358 μαθητὴν,
1298 1261 1357 1340 ἀτε
1378 1268 1419 1359 δὴ
1438 1265 1526 1356 ῶφε-

222 1373 377 1458 λημένον,
400 1372 564 1458 εἰρηκέναι
589 1364 653 1438 τόν
673 1366 791 1454 κόριον
812 1366 853 1438 τό
876 1367 1140 1457 έπιτομῶτερον,
1162 1365 1248 1456 πρὸς
1270 1372 1306 1439 δὲ
1320 1368 1402 1450 τούς
1419 1375 1527 1440 πλείο-

223 1495 295 1552 νας,
324 1472 502 1556 δεομένους
527 1471 733 1556 τρανοτέρας
760 1471 987 1552 διδασκαλίας,
1010 1466 1051 1539 τό
1081 1473 1299 1555 σαφέστερον.
1340 1464 1476 1556 ὁόεται
1498 1463 1527 1537 δ
1618 1464 1621 1470 ’

172 1583 206 1640 10
223 1563 362 1658 ,,ἦμᾶς“
382 1561 401 1638 ό
423 1565 504 1650 θεὸς
525 1562 622 1651 υἀπὸ
649 1572 722 1636 τοῦ
743 1572 944 1655 πονηροῦ(
958 1565 1040 1654 οὐχὶ,
1064 1559 1122 1639 ότε
1137 1563 1293 1656 οὐδαμῶς
1315 1561 1405 1656 ἡμῖν
1425 1562 1528 1656 πρόο-

224 1691 307 1739 εισιν
329 1663 565 1738 ἀντιπαλαίων
586 1659 605 1736 δ
628 1663 750 1754 ἐχθρὸς
772 1661 813 1736 δι’
837 1669 922 1737 οίων
944 1663 985 1756 δή
1006 1693 1093 1737 ποτε
1113 1673 1303 1755 μεθοδειῶν
1328 1667 1450 1738 ἑαυτοῦ
1472 1673 1528 1736 καί

225 1763 406 1855 ἀπηρετῶν
433 1771 495 1836 τοῦ
522 1761 715 1854 θελήματος
743 1760 864 1849 αὐτοῦ,
887 1761 962 1837 ἀλλ’
990 1759 1049 1838 ότε
1076 1771 1223 1852 νικῶμεν
1251 1761 1414 1854 ἀνδρείως
1436 1761 1528 1836 ἱστό-

223 1894 318 1956 μενοι
344 1863 429 1955 πρὸς
455 1863 498 1935 τὰ
524 1871 761 1953 συμβαίνοντα.
804 1858 919 1948 οὕτως
946 1869 981 1936 δὲ
1004 1862 1223 1955 ἒξειλήφαμεν
1243 1872 1299 1935 καί
1321 1862 1362 1936 τὸ
1384 1869 1529 1950 »πολλοὶ

223 1967 257 2036 αί
278 1971 415 2052 θλίψεις
436 1969 510 2035 τῶν
524 1968 674 2047 δικαίων,
696 1969 751 2034 καί
766 1967 803 2034 ἐκ
816 1970 939 2035 πασῶν
957 1960 1074 2036 αὐτῶν
1093 1963 1232 2053 ῥύεται
1250 1961 1402 2048 αότοός.“
1423 1962 1527 2053 „515⁶-

174 2081 207 2135 15
224 2075 311 2138 ται“
325 2064 388 2154 γὰρ
410 2060 478 2136 ἀπὸ
500 2067 575 2134 τῶν
595 2070 754 2148 θλίψεων
776 2057 796 2134 ό
818 2061 909 2149 θεὸς,
933 2061 1004 2153 οόχί
1025 2063 1070 2154 μὴ
1093 2071 1282 2154 γινομένων
1303 2067 1354 2136 έτι
1374 2069 1530 2152 θλίψεων

224 2168 266 2253 (εί
291 2192 327 2253 γε
352 2170 407 2234 καὶ
434 2157 454 2235 ό
479 2157 615 2242 Παῦλός
642 2183 725 2250 φησι
753 2157 807 2233 τό·
841 2167 899 2248 ,βυ
919 2172 1024 2236 παντί
1045 2160 1265 2254 θλιβόμενον(
1287 2161 1335 2247 ῶς
1356 2167 1438 2253 μηδὲ
1458 2161 1529 2234 πῶ-

225 2293 312 2337 ποτε
334 2260 376 2335 ου’
395 2257 652 2350 ,,θλιβόμενοιἽ,
675 2256 749 2334 ἀλλ’
774 2255 833 2334 ότε
858 2259 1097 2354 ,,θλιβόμενοι“
1117 2271 1259 2357 βοηθείᾳ
1280 2269 1365 2334 θεοῦ
1389 2258 1463 2352 (ου’)
1483 2261 1529 2352 μὴ

225 2360 538 2452 στενοχωρούμεθα,
562 2365 625 2432 τοῦ
646 2366 708 2450 μὲν
734 2368 914 2445 θλίβεσθαι
935 2359 1023 2434 κατά
1044 2391 1079 2434 τι
1101 2360 1248 2451 πάτριον
1268 2358 1346 2452 παρ’
1361 2355 1529 2451 Ἑβραίοις

157 2479 209 2534 35¹
225 2459 320 2537 οὕτω
347 2465 594 2552 σημαινομένου
612 2467 616 2547 Ι
636 2464 692 2531 έπί
718 2465 782 2532 τοῦ
810 2457 1044 2549 ἀπροαιρέτως
1069 2468 1311 2551 συμβαίνοντος
1338 2487 1528 2549 περιστατι-

173 2565 211 2632 20'
224 2569 298 2649 κοῦ,
321 2567 385 2634 τοῦ
412 2565 448 2631 δὲ
469 2569 751 2647 στενοχωρεῖσθαι
772 2564 827 2631 ἐπὶ
848 2567 912 2632 τοῦ
930 2567 1181 2651 προαιρετικοῦ,
1202 2560 1270 2634 ἀπὸ
1292 2567 1354 2652 τῆς
1374 2566 1529 2648 θλίψεως

225 2666 444 2751 νενικημένου
470 2667 526 2731 καί
556 2654 784 2742 ἐνδεδωκότος
815 2655 909 2748 αὐτῇ.
952 2653 1036 2733 ὅθεν
1065 2667 1180 2744 καλῶς
1206 2656 1226 2733 δ
1250 2657 1386 2743 Παῦλός
1412 2683 1528 2750 φησιν·

224 2767 282 2848 ,έν
308 2767 409 2832 παντί
436 2754 633 2848 θλιβόμενοι
664 2753 738 2830 ἀλλ>
765 2754 806 2830 οὐ
831 2759 1167 2851 στενοχωρούμενοι.“
1210 2754 1329 2850 όμοιον
1355 2765 1391 2830 δὲ
1413 2758 1528 2849 τούτῳ

225 2863 310 2933 εἶναι
331 2866 457 2949 νομίζω
479 2855 598 2930 καὶτὸ
620 2862 658 2929 έν
680 2868 836 2946 ψαλμοῖς·
865 2865 923 2944 „bv
942 2867 1060 2946 θλίψει
1076 2856 1265 2942 ἐπλότυνάς
1279 2868 1348 2948 με.“
1376 2865 1530 2950 συνεργίᾳ

225 2960 368 3050 γὰρκαὶ
395 2966 560 3050 παρουσίᾳ
588 2961 652 3028 τοῦ
679 2963 989 3047 παραμυθουμένου
1010 2965 1066 3029 καί
1093 2958 1266 3049 σῴζοντος
1297 2955 1395 3048 ἡμᾶς
1427 2953 1531 3045 λόγου

174 3072 207 3128 25
225 3066 310 3131 θεοί
337 3059 378 3131 τὸ
405 3064 466 3148 τῆς
491 3063 641 3140 διανοίας
668 3051 766 3144 ἡμῶν
790 3054 910 3144 ἱλαρόν
930 3063 985 3128 καί
1008 3053 1159 3147 εὔθυμον
1180 3061 1216 3130 έν
1238 3063 1290 3148 τῶ
1321 3062 1429 3148 καιρῷ
1456 3061 1531 3128 τῶν

225 3163 477 3248 περιστατικῶν
498 3153 567 3229 ἀπὸ
589 3161 675 3227 θεοῦ
697 3151 876 3244 γινόμενον
896 3154 1093 3246 πλατυσμὸς
1114 3153 1317 3246 ω’νόμασται.

309 3286 337 3346 2.
373 3269 499 3364 ὁμοίως
514 3263 578 3344 οὖν
593 3277 737 3362 νοητέον
752 3269 864 3343 καὶτὸ
886 3273 1088 3362 ῥυσθῆναί
1105 3301 1182 3345 τινα
1196 3269 1294 3360 »ἀπὸ
1317 3278 1390 3346 τοῦ
1410 3298 1531 3361 πονη-

312 3511 410 3582 ενρι.
427 3511 505 3565 Rom.
523 3509 548 3573 ε,
565 3509 607 3564 οε.
625 3539 658 3548 -
676 3509 695 3566 ε
714 3509 782 3564 Luk.
801 3512 841 3576 11,
859 3512 883 3564 ι.
902 3539 936 3550 -
953 3510 972 3566 ε
989 3509 1088 3564 εοεαε.
1101 3511 1126 3577 ε,
1140 3512 1180 3565 13.
1198 3540 1231 3549 -
1251 3511 1266 3566 ι
1287 3507 1350 3580 Vgl.
1373 3509 1439 3564 τοι..
1453 3511 1494 3570 11,
1507 3511 1529 3562 1.

225 3629 259 3638 -
282 3597 301 3654 ο
327 3597 389 3666 Vgl.
412 3595 512 3650 matth.
534 3597 562 3659 5,
583 3598 605 3649 1.
628 3625 661 3634 -
688 3595 708 3650 ο
740 3593 802 3664 Vgl.
825 3594 925 3650 Μιιιε.
941 3596 972 3662 ε,
991 3595 1031 3649 13.
1059 3624 1090 3633 -
1119 3596 1156 3651 11
1181 3593 1530 3666 vgl.1·}phes.6‚11.12.

227 3683 316 3740 -18
340 3681 412 3736 Ρεεί.
435 3681 476 3744 33,
494 3681 535 3736 20.
565 3709 598 3718 -
628 3678 668 3734 12
691 3696 717 3733 u.
742 3677 781 3735 22
798 3679 824 3732 Il
841 3679 904 3734 Kor.
921 3681 947 3745 4,
964 3679 990 3735 8.
1019 3709 1053 3718 -
1082 3679 1121 3735 28
1149 3679 1221 3734 Ρεεί.
1244 3681 1269 3742 4,
1292 3680 1316 3732 2.
1343 3708 1375 3718 -
1405 3678 1444 3735 27
1468 3677 1531 3748 vgl.
1652 3689 1655 3700 ·

226 3767 325 3822 Matth.
343 3769 369 3830 6,
387 3767 428 3821 13.

312 3985 328 4040 1
349 3979 482 4039 ἐλλεῖπον
497 3981 520 4036 Τ
536 3975 670 4038 έλλειιιον
681 3979 785 4051 Ausgg.
800 3983 805 4050 Ι
819 3981 838 4036 4
856 3977 926 4052 παρ’
939 3972 1043 4045 αὖτοὺς
1060 3981 1184 4036 schreibe
1194 3981 1239 4035 ich
1251 3981 1303 4036 mit
1316 3980 1397 4050 Δωρί.
1407 3979 1463 4048 (bei
1472 3979 1532 4035 Del.

226 4069 338 4137 lma),
356 4068 412 4137 vgl.
430 4067 560 4135 Origenes
578 4083 601 4120 ε.
614 4064 682 4121 θεία
695 4065 734 4120 IV
753 4067 882 4128 70‚1340
898 4066 925 4121 2.
935 4066 985 4128 5¹⁴..
1001 4058 1072 4137 παρ’
1084 4059 1181 4131 αὐτοῖς
1196 4066 1325 4136 TAusgg.
1345 4068 1349 4132 Ι
1371 4065 1385 4121 ί
1406 4058 1483 4128 εἰκός
1499 4081 1532 4134 γε

226 4153 350 4208 schreibe
367 4153 411 4206 ich
429 4151 482 4206 mit
498 4150 601 4206 Lomm.
613 4150 684 4204 nach
696 4149 777 4219 Angl.
790 4151 825 4218 Ια.
837 4167 861 4204 ε.
875 4149 925 4219 0.),
943 4145 1021 4215 είκός
1031 4167 1062 4205 τε
1073 4151 1184 4220 Ausgg„
1202 4145 1280 4216 εἰκὸς
1296 4147 1327 4205 τὲ
1343 4149 1366 4202 Τ
1380 4152 1384 4218 Ι
1400 4149 1419 4206 8
1438 4144 1532 4204 έαιτο·

225 4235 361 4310 μοίτερον
372 4240 474 4306 Ausgg.
486 4231 695 4306 έτιιτιμῶτεραν
705 4233 728 4287 Τ
742 4235 747 4301 Ι
761 4235 779 4290 θ
796 4232 975 4306 τρανοτέρας
986 4235 1109 4289 εείειείίοε
1121 4233 1166 4288 ich
1178 4234 1229 4288 mit
1240 4234 1325 4288 Lond.
1338 4251 1364 4290 u.
1376 4233 1435 4288 Πολ
1448 4235 1532 4302 (1265

225 4327 307 4378 Δοιο.
323 4321 357 4390 ε),
375 4322 412 4374 δε.
429 4321 478 4376 διε
490 4319 572 4375 Wort
588 4337 621 4374 zu
639 4319 821 4384 διδασκαλίας
837 4320 948 4388 ρεὴδείς
970 4315 1151 4390 τρανότερον
1166 4319 1189 4372 T
1200 4317 1249 4373 Ox.
1259 4317 1318 4373 Del.
1337 4318 1374 4372 im
1393 4319 1462 4372 Text
1476 4319 1481 4386 Ι
1505 4311 1532 4373 δ’

226 4406 342 4460 Tbond.
361 4404 391 4461 δὲ
409 4405 458 4461 0¹.
467 4406 527 4461 Del.
547 4408 551 4474 Ι
573 4406 609 4462 12
631 4399 708 4477 (οὗ),
730 4405 778 4458 das
804 4403 896 4458 hinter
916 4407 989 4458 θεοῦ
1010 4402 1096 4458 leieht
1113 4403 1247 4458 aunfallen
1265 4403 1382 4464 home,
1405 4402 1470 4472 fuge
1487 4401 1532 4456 ich

226 4489 270 4544 ein
291 4491 296 4557 Ι
316 4489 356 4546 20
373 4491 589 4560 πρααιρετικοῦ]
608 4494 819 4561 προαιρετικοῖς
841 4491 976 4544 vermutet
997 4488 1079 4557 Angl.
1102 4489 1136 4556 (ο.
1155 4505 1179 4541 α.
1198 4485 1239 4556 Ο.)
1257 4487 1329 4541 ohne
1346 4487 1441 4541 Grund
1464 4489 1468 4554 Ι
1492 4487 1530 4543 21

227 4567 300 4642 αὐτῇ
325 4574 448 4630 schreibe
479 4575 523 4628 ioh
550 4574 602 4630 mit
624 4575 715 4642 Benh,
739 4572 798 4629 Del.
816 4573 838 4642 (1
861 4573 911 4629 265
929 4575 1009 4628 Anm.
1027 4575 1051 4642 ε)
1079 4591 1105 4629 u.
1123 4571 1206 4642 Angl.
1229 4573 1264 4641 (α.
1284 4590 1301 4626 ε
1318 4571 1372 4638 0.),
1400 4563 1476 4646 αὐτῷ
1506 4571 1529 4624 Τ

227 4661 330 4727 Ausgg.
350 4658 354 4724 Ι
374 4657 413 4715 22
432 4654 526 4736 ταύτην
544 4659 656 4715 TLond.
674 4661 762 4714 τοῦτο
781 4657 830 4714 01.
839 4657 898 4712 Del.
915 4657 972 4727 128
991 4658 1140 4733 αννεργείᾳ
1158 4657 1243 4712 Lond.
