3780 5538
360 514 420 578 340
460 532 462 537 ·
899 503 1122 560 ανιαεαοιε

359 672 571 758 ἐπισταμένῳ
597 657 671 754 ,ῶν
696 671 829 756 χρείαν“
852 664 906 736 διὰ
933 663 974 736 τό
1000 669 1163 755 ἐπίκηρον
1188 673 1284 754 σῶμα
1318 667 1436 754 ἔχομεν
1461 661 1549 753 ,πρὸ
1576 669 1659 734 τοῦθ(

358 763 443 858 ήμᾶς
464 773 618 857 ,αἰτήσαι
640 763 775 838 αύτόν.“

441 871 548 938 XVIII
572 879 597 940 1.
633 861 823 955 Αύτύρκως
849 864 890 955 δὴ
917 870 954 936 ἐν
975 863 1127 950 τούτοις,
1153 863 1241 936 κατὰ
1264 863 1328 954 τήν
1349 869 1532 953 δεδομένην
1552 858 1659 952 χάριν,

359 963 407 1051 ῶς
431 965 678 1058 κεχωρήκαμεν,
705 962 772 1037 ύπὸ
799 973 886 1036 θεοῦ
913 963 968 1036 διὰ
996 971 1058 1036 τοῦ
1084 971 1237 1053 Χριστοῦ
1262 959 1368 1034 αύτοῦ
1398 959 1484 1050 (ἄλλ’
1507 967 1579 1034 είθε
1604 969 1660 1033 καὶ

323 1071 395 1138 5ἐν
421 1061 506 1157 ἆγίῳ
533 1065 716 1155 πνεύματι,
744 1059 829 1154 ὅπερ
857 1069 886 1137 εἰ
911 1059 1024 1147 ούτως
1051 1068 1130 1152 ἔχει,
1158 1082 1303 1153 κρινεῖτε
1328 1057 1591 1150 ἐντυγχάνοντες
1617 1069 1661 1151 τῇ

357 1173 482 1256 γραφή)
528 1161 606 1255 ήμῖν
645 1169 846 1255 εἰρημένοις,
883 1161 1098 1252 ἐξετάσαντες
1138 1161 1179 1234 τό
1218 1169 1296 1252 περὶ
1335 1158 1431 1252 εύχής
1467 1158 1660 1251 πρόβλημα,

357 1261 422 1356 ήδη
451 1273 508 1336 καὶ
536 1270 592 1336 ἐπὶ
623 1263 687 1336 τόν
714 1267 794 1355 έξής
829 1253 940 1336 όιθλον
969 1258 1186 1352 ἐλευσόμεθα,
1218 1262 1283 1353 τὴν
1311 1259 1564 1352 ύπογραφεῖσαν
1592 1257 1659 1332 ύπδ

357 1371 421 1436 τοῦ
450 1371 568 1454 κυρίου
597 1362 796 1456 προσευχήν,
828 1357 909 1453 όσης
935 1360 1107 1451 δυνάμεως
1131 1359 1364 1452 πεπλήρωται,
1390 1366 1564 1451 θεωρῆσαι
1583 1368 1660 1445 βου-

357 1461 501 1555 λόμενοι.

307 1579 341 1633 10
439 1576 469 1636 2.
504 1571 561 1634 καί
590 1560 658 1652 πρὸ
691 1560 837 1634 πόντων
869 1589 905 1651 γε
934 1566 1198 1651 παρατηρητέον
1225 1553 1281 1633 ότι
1307 1555 1326 1632 δ
1353 1567 1532 1642 Ματθαῖος
1557 1552 1659 1628 καίό

357 1669 490 1746 Λουκᾶς
518 1658 653 1748 δόξαιεν
678 1655 721 1732 δν
747 1681 820 1746 τοῖς
846 1672 989 1744 πολλοῖς
1015 1659 1080 1751 τὴν
1105 1656 1215 1751 αύτήν
1245 1657 1513 1750 όνογεγραφέναι
1538 1653 1658 1729 δποτε-

357 1769 560 1852 τυπωμένην
584 1759 671 1850 πρὸς
692 1759 734 1832 τό
757 1767 827 1832 δεῖν
849 1755 964 1845 οὕτως
984 1757 1232 1848 προσεύχεσθαι
1253 1757 1449 1849 προσευχήν.
1491 1761 1600 1846 έχουσι
1622 1762 1658 1828 δὲ

356 1866 391 1933 αί
417 1868 521 1948 λέξεις
541 1865 686 1950 τοῦμὲν
707 1866 892 1932 Ματθαίου
912 1858 976 1932 τόν
998 1855 1131 1948 τρόπον
1154 1865 1295 1930 τοῦτον·
1325 1856 1477 1948 ,πάτερ
1503 1853 1613 1946 ήμῶν
1639 1851 1659 1926 ό

356 1966 399 2033 ἐν
421 1979 506 2044 τοῖς
526 1955 728 2050 ούρανοῖς,
751 1955 986 2050 ἁγιασθήτω
1008 1957 1054 2030 τό
1078 1954 1204 2047 όνομό
1226 1979 1308 2029 σου·
1330 1963 1486 2030 ἐλθέτω
1509 1954 1530 2047 ή
1551 1965 1661 2042 βασι-

307 2075 339 2128 15
356 2070 443 2133 λεία
468 2083 554 2131 σου·
588 2057 803 2149 γενηθήτω
829 2058 876 2131 τό
902 2055 1057 2149 θέλημά
1083 2081 1153 2130 σου
1179 2055 1231 2142 ῶς
1257 2061 1298 2129 ἐν
1324 2053 1484 2148 οὐρανῷ
1509 2063 1574 2127 καί
1595 2060 1660 2127 ἐπὶ

356 2167 428 2251 τῆς
453 2166 534 2249 γῆς·
564 2156 636 2230 τόν
661 2155 787 2246 ἄρτον
813 2154 924 2248 ήμῶν
946 2158 1020 2231 τόν
1041 2155 1250 2230 ἐπιούσιον
1271 2155 1339 2241 δός
1360 2153 1453 2247 ήμῖν
1475 2155 1659 2247 σήμερον·

354 2268 419 2332 καί
445 2255 543 2347 όφες
567 2269 570 2343 I
597 2254 689 2347 ἡμῖν
716 2256 763 2329 τὰ
790 2253 1041 2347 ὀφειλήματα
1066 2253 1192 2347 ήμῶν,
1215 2254 1268 2341 ῶς
1288 2265 1355 2328 καὶ
1376 2253 1487 2347 ἡμεῖς
1509 2252 1659 2344 όφήκα-
1676 2272 1728 2326 227

354 2387 424 2450 μεν
451 2377 536 2441 τοῖς
561 2351 796 2444 όφειλέταις
821 2353 948 2447 ήμῶν·
976 2363 1040 2427 καὶ
1061 2356 1113 2448 μή
1134 2362 1360 2445 είσενέγκης
1382 2353 1480 2446 ἡμᾶς
1502 2361 1555 2438 εἰς
1575 2383 1658 2426 πει-

356 2456 520 2549 ρασμόν,
547 2453 647 2528 ἀλλὰ
675 2459 787 2547 ῥῦσαι
817 2453 917 2546 ἡμᾶς
938 2453 1015 2530 οἷπδ
1047 2463 1121 2528 τοῦ
1150 2462 1366 2545 πονηροῦ,“
1392 2463 1456 2528 τοῦ
1481 2461 1517 2526 δέ
1544 2459 1659 2526 Λουκᾶ

304 2570 338 2624 20
356 2551 482 2642 ούτως·
511 2553 675 2644 ,,πότερ,
707 2552 944 2646 δγιασθήτω
974 2554 1021 2627 τό
1053 2552 1180 2645 ὄνομά
1211 2578 1292 2626 σου·
1321 2560 1478 2626 ἐλθέτω
1506 2551 1527 2645 ή
1553 2562 1658 2638 βασι-

355 2665 442 2729 λεία
473 2680 564 2728 σου·
598 2655 670 2728 τόν
703 2651 828 2747 ἄρτον
863 2652 974 2745 ήμῶν
1003 2654 1078 2727 τὸν
1107 2654 1319 2727 ἐπιούσιον
1347 2660 1463 2726 δίδου
1492 2651 1584 2745 ήμῖν
1613 2652 1658 2725 τὸ

306 2793 309 2799 ·
354 2753 444 2828 καθ’
472 2752 634 2845 ἡμέραν·
666 2763 731 2827 καί
762 2751 860 2844 ἄφες
890 2751 984 2845 ήμῖν
1013 2753 1083 2838 τὰς
1113 2751 1307 2844 ἆμαρτίας
1336 2751 1461 2844 ήμῶν,
1491 2761 1555 2826 καί
1586 2751 1658 2842 γὰρ

355 2853 470 2928 αύτοὶ
496 2852 664 2946 ἀφίεμεν
690 2862 811 2927 παντί
834 2861 891 2945 τῷ
912 2849 1124 2943 όφείλοζντι
1146 2851 1255 2944 ἡμῖν·
1280 2854 1414 2945 καὶμὴ
1436 2857 1659 2942 εἰσενέγκῃς

354 2953 453 3048 ἡμᾶς
475 2960 530 3039 εἰς
551 2951 802 3046 πειρασμόν.“

303 3074 336 3129 25
439 3068 467 3130 3.
502 3061 643 3127 λεκτέον
674 3061 710 3126 δὲ
741 3052 828 3142 πρὸς
858 3053 939 3135 τούς
963 3045 1079 3137 ούτως
1104 3050 1409 3142 ὑπολαμβάνοντας
1435 3047 1490 3126 ότι
1515 3059 1658 3143 πρῶτον

353 3163 415 3246 μέν
445 3153 488 3227 τὰ
517 3155 667 3245 ῥήματα,
695 3159 724 3226 εἰ
748 3161 805 3225 καὶ
825 3148 1030 3242 γειτνιῶντό
1050 3179 1128 3223 τινα
1153 3153 1219 3241 ἔχει
1240 3150 1413 3242 ἀλλήλοις,
1436 3149 1523 3225 ἀλλὰ
1544 3161 1600 3224 καί
1621 3156 1658 3224 ἐν

354 3252 469 3338 ἄλλοις
492 3259 664 3344 διαφέρειν
687 3258 861 3341 φαίνεται,
883 3249 932 3336 ῶς
954 3256 1156 3339 ἐρευνῶντες
1178 3249 1265 3324 αύτό
1286 3252 1562 3342 παραστήσομεν·
1587 3249 1657 3322 δεύ-

353 3381 456 3444 τερον
476 3357 512 3424 δέ
535 3347 592 3426 ότι
614 3349 675 3442 ούχ
698 3349 773 3424 οίόν
794 3381 833 3424 τε
855 3356 927 3423 ἐστὶ
950 3350 1014 3441 τήν
1037 3347 1145 3440 αύτήν
1165 3352 1355 3442 προσευχήν
1376 3359 1430 3423 καί
1453 3357 1490 3423 ἐν
1512 3359 1563 3442 τῷ
1587 3348 1656 3438 όρει

354 3459 526 3543 λέγεσθαι,
555 3456 639 3524 ἔνθα
664 3453 771 3536 ,ἰδῶν
795 3450 876 3534 τούς
904 3445 1024 3539 ὄχλους
1053 3447 1191 3540 όνέβη,“
1213 3445 1272 3524 ότε
1297 3461 1525 3538 ,καθίσαντος
1551 3447 1656 3523 αύτοῦ

302 3571 338 3625 30
353 3559 556 3644 προσῆλθον
585 3547 681 3641 αύτῷ
713 3555 745 3623 οί
775 3557 928 3641 μαθηταὶ
959 3547 1080 3636 αὐτοῦ,
1110 3559 1166 3622 καὶ
1193 3549 1327 3639 ἀνοίξας
1353 3551 1395 3624 τό
1421 3549 1529 3642 στόμα
1550 3547 1656 3624 αύτοῦ

353 3657 546 3724 ἐδίδασκεν(
568 3656 617 3740 (ἐν
642 3650 705 3740 γὰρ
733 3657 785 3740 τῷ
808 3655 912 3741 είρμῷ
937 3656 998 3740 τής
1020 3657 1095 3740 περὶ
1118 3659 1191 3722 τῶν
1212 3660 1433 3744 μακαριομῶν
1454 3649 1655 3741 ἀπαγγελίας

352 3761 409 3824 καὶ
436 3759 509 3823 τῶν
536 3753 610 3842 ἓξής
636 3756 790 3823 ἐντολῶν
814 3749 905 3838 παρὰ
932 3756 984 3839 τῷ
1005 3756 1177 3842 Ματθαίῳ
1200 3743 1287 3840 αύτη
1310 3748 1581 3842 όναγεγραμμένη
1605 3747 1654 3822 εύ-

353 3855 527 3940 ρίσκεται),
550 3856 605 3920 καί
631 3853 689 3936 ,έν
716 3855 768 3939 τῶ
795 3851 880 3920 εἶναι
905 3847 1012 3922 αύτὸν
1038 3855 1075 3920 ἐν
1097 3847 1195 3941 τόπῳ
1219 3857 1286 3922 τινί
1307 3848 1585 3942 προσευχόμενον,
1608 3847 1656 3935 ῶς

286 3970 334 4024 16v
352 3949 564 4041 ἐπαύγσατοέ(
583 3956 737 4040 εἰρῆσθαι
757 3945 844 4039 πρός
865 3978 943 4021 τινα
964 3957 1058 4034 ,τῶν
1079 3955 1269 4041 μαθητῶν(
1285 3947 1477 4037 όξιῶσαντα
1498 3955 1654 4040 διδαχθή·

439 4107 456 4162 1
476 4107 539 4176 vgl.
557 4107 657 4160 Matth.
671 4108 696 4170 6,
714 4106 737 4162 8.
757 4135 791 4144 -
807 4105 826 4160 9
844 4104 906 4174 vgl.
920 4103 1018 4175 Ephes.
1030 4107 1055 4169 4,
1068 4108 1092 4160 7.
1109 4135 1143 4144 -
1163 4106 1200 4162 18
1218 4105 1318 4160 Matth.
1331 4107 1355 4170 6,
1368 4107 1460 4162 9-13.
1479 4137 1511 4146 -
1528 4106 1569 4162 29
1586 4105 1654 4160 nuk.

353 4195 393 4258 11,
411 4192 486 4246 2-4.
505 4221 538 4232 -
555 4191 593 4248 29
612 4191 675 4259 vgl.
694 4191 828 4257 Μαιασ,
843 4192 866 4244 1.
886 4191 910 4244 2.
929 4220 962 4228 -
980 4189 1018 4246 91
1038 4189 1101 4260 vgl.
1112 4191 1211 4246 Matth.
1224 4190 1307 4254 5,3ff.
1320 4221 1353 4230 —
1366 4191 1405 4246 88
1425 4190 1655 4260 vg1.Luk.11‚1.

437 4327 456 4381 θ
479 4321 520 4396 δή]
540 4324 570 4382 δέ
586 4325 648 4381 liest
665 4326 747 4395 Angl.
764 4325 818 4394 (boi
837 4323 897 4380 Del.
916 4327 928 4378 Ι
946 4325 1027 4392 9191))
1050 4325 1121 4380 ohne
1139 4325 1234 4380 Grund
1249 4331 1253 4396 Ι
1268 4327 1360 4382 ίείιιίετ
1380 4321 1496 4390 τούτοις
1512 4332 1545 4390 -ί-
1563 4319 1657 4396 έγενύ-

351 4414 430 4480 μεθα
448 4411 529 4481 Angl.
549 4413 584 4481 (ε
602 4429 627 4465 ει.
645 4410 687 4480 Ο.)
704 4405 844 4479 unrieh'tig
863 4410 867 4479 Ι
891 4409 911 4464 4
938 4401 1003 4479 ύκδ]
1027 4403 1085 4464 αἰκδ
1107 4410 1182 4464 lesen
1199 4411 1277 4466 Beni„
1300 4429 1326 4467 u.
1344 4412 1403 4466 Del.
1422 4413 1610 4482 (1226Anm.
1628 4409 1656 4478 δ)

351 4495 502 4564 unriohtig,
525 4495 562 4549 δε,
583 4485 639 4551 ὑπὸ
662 4497 735 4549 θεοῦ
752 4495 804 4549 mit
821 4493 975 4564 δεδομένην
992 4495 1028 4564 (δ.
1046 4496 1073 4565 3)
1092 4513 1126 4550 τα
1144 4495 1294 4550 verbinden
1311 4496 1366 4566 ist!
1386 4496 1497 4552 13-14
1513 4513 1559 4550 am
1576 4494 1655 4549 Rand

351 4597 406 4634 von
424 4581 444 4634 Ι.
457 4579 489 4634 Η.
508 4571 582 4651 α’ρχή
598 4579 622 4632 Τ
637 4581 641 4646 Ι
658 4579 696 4634 19
715 4572 800 4647 ῥύσαι
818 4578 991 4647 2129-90
1013 4597 1057 4634 am
1077 4579 1157 4634 Βασὰ
1176 4585 1213 4649 σῆ
1230 4598 1284 4636 von
1302 4582 1322 4636 Ι.
1336 4581 1368 4636 Η.
1387 4579 1410 4634 Τ
1426 4581 1486 4650 199
1503 4574 1592 4636 αὐτοῦ
1610 4579 1656 4650 (2)]

353 4655 441 4720 αἰτοῦ
458 4663 543 4718 Lond.
