3750 5508
570 481 669 536 ΚΑΤΑ
693 481 898 542 ΚΕΔΣΟΥΥ
921 483 963 540 58.
981 483 1022 538 59.
1041 481 1082 536 60.
1438 485 1478 548 63

175 669 328 732 γραπται.
371 649 448 730 περί
478 648 515 714 δὲ
544 650 604 734 τῆς
632 651 854 734 κοσμοποιΐας
886 652 941 716 καί
970 651 1034 717 τοῦ
1062 637 1132 734 μετ’
1160 638 1269 732 αὐτὴν
1297 637 1480 712 ἀπολειπο-

173 749 273 832 μένου
298 747 528 832 σαββατισμοῦ
556 751 607 834 τῷ
637 751 709 836 λαῷ
740 751 803 817 τοῦ
831 751 914 818 θεοῦ
940 745 1086 830 ,,πολῦς“
1109 735 1152 814 ἀν
1173 745 1222 832 εἴη
1243 747 1298 812 καί
1319 737 1480 830 μυστικὸς

173 849 226 914 καλ
244 841 355 926 βαθῦς
375 849 431 912 καί
456 841 738 934 .,δισερμὴνευτος
760 840 888 935 λόγος.“

252 943 327 1012 εέτα
356 945 452 1012 δοκεῖ
478 969 537 1030 μοι
567 941 608 1014 τὸ
637 949 767 1028 βιβλίον
789 951 1030 1034 συμπληροῦσαι
1053 950 1167 1015 θέλων
1188 951 1242 1012 καὶ
1263 947 1345 1032 μέγα
1367 946 1480 1012 δοκεῖν

145 1059 157 1108 3
174 1042 253 1114 εἶναι
274 1047 393 1112 ποιῶν
411 1045 484 1130 εἰκῇ
498 1047 722 1128 προστιθέναι
736 1042 823 1128 τινά,
844 1037 946 1114 ὁποῖά
961 1045 1031 1115 ἐστι
1047 1049 1102 1113 καὶ
1118 1041 1161 1114 τά
1175 1041 1262 1114 κατὰ
1284 1041 1356 1112 τὸν
1378 1047 1480 1129 προῦ-

176 1171 242 1212 τον
264 1137 506 1228 ἄνθρωπον,
531 1138 579 1226 οῦς
600 1137 666 1231 ἀρα
696 1148 861 1232 λέγομεν
887 1141 961 1214 τὸν
982 1141 1106 1215 αὐτὸν
1128 1144 1212 1213 εἶναι
1235 1138 1283 1224 οῦς
1310 1147 1366 1212 καί
1391 1135 1479 1210 ’Iov-

174 1249 277 1313 daloe
306 1247 372 1310 καὶ
411 1240 485 1330 τὴν
514 1236 578 1312 ἀπ’
603 1245 760 1314 ἐκείνου
785 1242 975 1332 διαδοχὴν
1005 1237 1155 1330 ὁμοίως
1182 1238 1321 1324 αὐτοῖς
1347 1267 1479 1329 γενεα-

175 1345 380 1430 λογοῦμεν.
418 1335 576 1412 ἀλλὰκαὶ
597 1345 652 1424 είς
674 1338 869 1432 ἀλλήλους
889 1349 951 1432 μέν
972 1340 1192 1431 ἐπιβουλὴν
1213 1337 1397 1426 ἀδελφῶν
1419 1335 1481 1410 οῦκ

174 1445 274 1528 ἴομεν,
297 1437 362 1512 τὸν
377 1443 415 1508 δὲ
426 1435 513 1511 Κάιν
527 1443 834 1528 ἐπιβεβουλευκέναι
849 1450 901 1533 τῷ
919 1437 1013 1526 ’Ἅβελ
1027 1450 1083 1512 καὶ
1098 1439 1162 1512 τὸν
1174 1437 1272 1512 Ἠσαῦ
1287 1448 1338 1532 τῷ
1354 1435 1480 1522 Ἰακώβ·

131 1555 158 1606 1·
175 1535 215 1610 ου’
243 1537 307 1629 γὰρ
324 1535 422 1622 Ἀβελ
452 1543 503 1628 τῷ
527 1535 613 1610 Κάιν
642 1540 881 1625 ἐπεβούλευσεν
910 1537 987 1614 οῦδὲ
1013 1537 1032 1613 δ
1054 1537 1171 1626 Ἰακώβ
1191 1547 1243 1630 τῷ
1264 1538 1373 1611 Ἠσαῦ·
1396 1531 1480 1626 ὅπερ

175 1645 203 1710 εί
227 1634 384 1728 ἐγεγόνει,
411 1635 615 1722 ἀκολούθως
637 1633 680 1710 άν
702 1641 795 1712 είπεν
816 1635 836 1712 δ
859 1646 986 1725 Κέλσος
1012 1641 1074 1725 τὰς
1100 1647 1155 1724 είς
1180 1638 1380 1730 ἀλλήλους
1406 1645 1481 1710 τιῦν

176 1733 364 1826 ἀδελφῶν
390 1736 607 1822 ἐπιβουλάς
635 1737 707 1821 τὰς
732 1737 854 1822 αάτάς
877 1735 961 1831 ἡμᾶς
977 1740 1183 1824 Ἰουδαίοις
1208 1741 1362 1830 ίστορειν.
1391 1739 1480 1809 ἔστω

177 1843 211 1910 δὲ
241 1843 297 1910 καί
324 1835 399 1927 τὴν
425 1844 480 1920 εἰς
503 1842 709 1928 Αἴγυπτον
731 1834 816 1928 ἡμᾶς
837 1835 1064 1929 ἀποδημίαν
1096 1839 1169 1928 τὴν
1199 1835 1326 1928 αῦτὴν
1351 1844 1481 1926 λέγειν

178 1941 345 2020 ἐκείνοις
375 1943 439 2008 καὶ
467 1936 539 2028 τὴν
565 1942 722 2010 ἐκεῖθεν
743 1936 913 2011 ἐπάνοδον
934 1947 990 2010 καὶ
1012 1936 1054 2011 οῦ
1075 1938 1217 2028 φυγὴν,
1241 1936 1288 2021 οῦς
1310 1933 1329 2008 ὁ
1354 1944 1481 2019 Κέλσος

131 2049 160 2100 15
181 2043 315 2126 νομίζει·
353 2043 388 2108 τί
417 2027 482 2108 σῦν
517 2043 625 2110 ταῦτα
655 2035 878 2127 συμβάλλεται
907 2037 993 2128 πρὸς
1026 2037 1090 2128 τὴν
1118 2034 1197 2108 καθ’
1221 2032 1317 2126 ἡμῶν
1344 2030 1365 2122 ἢ
1394 2035 1481 2106 κατὰ

180 2131 379 2207 Ἰουδαίων
406 2143 629 2226 κατηγορίαν,Ι
655 2139 741 2208 ἔνθα
768 2143 829 2226 μὲν
855 2131 920 2210 οὖν
946 2133 1036 2228 ςῦετο
1060 2134 1233 2226 χλευάσειν
1259 2131 1344 2225 ἡμᾶς
1370 2137 1407 2206 έν
1429 2139 1481 2222 τῷ

179 2241 350 2322 περὶτῶν
369 2229 531 2324 Ἑβραίων
552 2231 654 2326 λόγῳ,
678 2236 806 2326 φυγὴν
828 2235 1016 2328 ὠνόμαζεν·
1047 2231 1135 2311 ὅπου
1157 2231 1190 2307 δ’
1205 2227 1248 2325 ἦν
1269 2232 1310 2306 τὸ
1332 2258 1481 2320 πραγμα-

182 2331 275 2406 τικὸν
296 2331 449 2422 ἐξετάσω
470 2345 548 2425 κερί
572 2343 646 2408 τῶν
668 2333 969 2427 ἀναγεγραμμένων
990 2345 1164 2428 μαστίγων
1181 2337 1424 2424 ἐπεληλυθέναι
1439 2337 1483 2418 τῇ

180 2431 370 2526 ,ίίγῦκτῳ
392 2430 462 2506 ἀπὸ
484 2442 547 2508 τοῦ
568 2441 661 2520 θεοῦ,
684 2432 782 2507 τοῦθ’
805 2435 895 2508 έκιῦν
916 2437 1112 2528 ἐσιώπησεν.

132 2561 164 2614 θ]
259 2554 322 2620 LX
360 2554 400 2620 H
427 2547 462 2620 δ’
484 2547 631 2640 ἀκριβῶς
656 2549 719 2641 χρὴ
749 2547 834 2641 ἡμᾶς
860 2557 967 2642 λέγειν
994 2551 1037 2625 τὰ
1058 2551 1145 2641 πρὸς
1166 2548 1231 2622 τὸν
1254 2555 1394 2634 Κέλσον,
1417 2544 1484 2620 016-

104 2663 162 2716 1³3*
177 2677 281 2738 μενον
314 2649 361 2722 τὰ
393 2647 493 2722 αῦτά
525 2645 610 2740 ἡμᾶς
640 2644 844 2734 Ἰουδαίοις
862 2661 866 2737 Ι
885 2659 962 2740 περί
994 2661 1067 2724 τῶν
1093 2655 1296 2740 ἐκκειμένων
1322 2644 1484 2735 δοξάζειν,

180 2749 331 2842 φήσομεν
353 2743 409 2822 ῦτι
431 2749 474 2822 τά
495 2754 556 2838 μέν
577 2757 686 2836 βιβλία
707 2759 793 2840 θείῳ
816 2748 1006 2841 γεγράφθαι
1023 2749 1190 2840 πνεύματι
1211 2745 1485 2838 ὁμολογοῦμεν

179 2847 376 2942 ἀμφότεροι,
404 2861 409 2934 Ι
436 2856 513 2938 περί
544 2855 579 2921 δὲ
609 2855 671 2940 τῆς
701 2854 840 2941 έκδοχῆς
870 2859 944 2923 τῶν
973 2855 1010 2922 έν
1040 2869 1114 2934 τοῖς
1139 2857 1279 2940 βιβλίοις
1305 2844 1418 2920 οῦκέτι
1441 2844 1485 2918 τά
1502 2857 1554 2913 624

179 2945 279 3042 ῦμοιά
309 2977 434 3038 φαμεν,
458 2949 495 3021 οἳ
519 2977 556 3039 γε
578 2947 655 3021 οῦδὲ
676 2956 811 3040 βιοῦμεν
834 2948 882 3035 ὥς
911 2946 1092 3023 Ἰουδαῖοι
1122 2955 1173 3040 τῷ
1197 2966 1338 3036 φρονεῖν
1359 2943 1400 3019 οῦ
1421 2946 1487 3036 τὴν

132 3051 265 3123 λυκατά
296 3050 338 3122 τὸ
370 3048 478 3140 ῥητὸν
508 3048 650 3138 ἐκδοχὴν
676 3059 750 3122 τῶν
777 3047 894 3140 νόμων
916 3053 1001 3122 εἶναι
1024 3049 1088 3140 τὴν
1108 3054 1326 3136 περιέχουσαν
1348 3044 1389 3117 τὸ
1411 3043 1486 3130 βοῦ-

179 3161 266 3242 λιγμα
288 3155 350 3239 τῆς
371 3156 582 3238 νομοθεσίας.
623 3156 680 3220 καί
701 3156 842 3240 λέγομεν
864 3146 897 3221 δ’
920 3143 984 3234 ὅτι,
1007 3147 1128 3240 ,,ἡνίκα
1149 3142 1192 3218 άν
1214 3144 1486 3236 ἀναγινώσκηται

180 3255 367 3340 δίωῦσῆς,
397 3245 552 3336 κάλυμμα
577 3251 633 3318 ἐπὶ
654 3247 720 3338 τὴν
748 3255 890 3338 καρδίαν
915 3266 1040 3320 κειται·
1071 3253 1124 3340 τῷ
1153 3265 1226 3330 τοῖς
1256 3245 1320 3335 τὴν
1348 3244 1402 3316 διά
1430 3240 1485 3334 Ἰη-

180 3357 240 3422 σοῦ
261 3353 412 3440 Χριστοῦ
439 3345 485 3438 μὴ
519 3343 765 3438 ἀσπασαμένοις
795 3345 878 3422 ὁδὸν
907 3347 1153 3438 ἐπικεκρῦφθαι
1182 3345 1223 3418 τὸ
1252 3343 1403 3434 βοδλημα
1424 3349 1488 3416 τοῦ

182 3455 384 3532 ,ίέωῦσέως
404 3443 521 3534 νόμον.
555 3451 648 3535 ἐσμεν
667 3445 700 3520 δ’
719 3441 783 3533 ῦτι,
807 3447 887 3534 ,βάν
901 3453 1088 3539 ἐπιστρέφῃ
1104 3477 1156 3532 τις
1170 3445 1257 3536 πρὸς
1271 3443 1335 3518 τὸν
1349 3441 1487 3532 κύριον(

134 3557 165 3610 33·
181 3543 233 3627 ι’,,δ
256 3555 291 3620 δε
318 3545 434 3636 κῦριος
455 3546 497 3620 τὸ
518 3544 649 3636 πνεῦμά
671 3552 789 3638 ἐστί’),
815 3557 1041 3638 περιαιρεθεὶς
1071 3548 1132 3634 ,πὸ
1152 3544 1325 3636 κάλυμμα“
1352 3541 1488 3628 ,,άνακε·

181 3653 382 3738 καλυμμένῳ
416 3645 592 3738 προσώπῳ
619 3646 704 3736 τὴν(
726 3653 763 3720 έν
792 3665 864 3730 τοῖς
892 3655 1128 3738 κεκρυμμένοις
1156 3644 1297 3736 νοήμασι
1324 3641 1411 3714 κατὰ
1444 3641 1487 3712 τά

266 3867 368 3938 2ng
386 3867 469 3922 Hebr.
487 3869 511 3932 5,
531 3871 572 3922 11.
591 3899 622 3908 -
642 3867 660 3922 ὅ
679 3866 743 3937 vgl.
762 3867 829 3923 Gen.
843 3873 866 3932 1,
878 3869 921 3924 26.
933 3869 974 3924 27.
999 3869 1022 3934 2,
1037 3871 1059 3922 7.
1078 3897 1111 3908 -
1131 3867 1146 3924 λ
1167 3866 1230 3936 vgl.
1247 3865 1346 3920 matth.
1360 3867 1382 3929 l,
1396 3865 1488 3918 1-17.

182 3953 249 4010 [ak.
270 3955 300 4018 3,
323 3953 432 4010 23-38.
458 3981 492 3992 —·
518 3953 537 4008 θ
560 3951 624 4022 Vgl.
642 3953 710 4008 Gen.
727 3955 757 4018 4,
780 3953 805 4008 θ
832 3981 865 3992 -
896 3951 960 4021 vgl.
978 3951 1045 4008 Gen.
1063 3953 1109 4019 27,
1127 3955 1169 4008 41.
1190 3979 1224 3990 -
1250 3949 1289 4006 18
1317 3947 1379 4018 vgl.
1401 3945 1489 4002 Εισδ.

183 4037 402 4102 ἵ.14-·12,2θ.
426 4065 461 4078 -
488 4036 527 4094 20
548 4037 574 4090 11
592 4035 656 4092 Κοι.
674 4037 698 4104 3,
717 4039 758 4092 15.
775 4065 809 4076 -
830 4035 870 4092 λθ
891 4037 918 4090 11
936 4036 999 4092 Kor.
1018 4039 1043 4102 3,
1061 4039 1102 4092 16.
1120 4066 1153 4076 -
1171 4035 1212 4092 θθ
1229 4035 1255 4090 11
1275 4033 1336 4088 Κοτ.
1354 4034 1379 4098 3,
1398 4034 1438 4086 17.
1456 4059 1490 4071 -

184 4121 245 4194 Vgl.
264 4123 289 4176 11
307 4121 370 4176 Κοτ.
390 4123 414 4186 3,
433 4121 474 4176 16.
492 4121 533 4178 18.

269 4309 283 4363 1
309 4297 400 4374 αι’τέχν
422 4305 546 4359 ειθτεῦῦε
568 4303 612 4358 ioh
634 4301 687 4358 mit
708 4303 756 4358 Bo.
774 4303 872 4374 (Notae
890 4323 915 4376 p.
933 4305 994 4374 392)
1012 4323 1038 4360 ιι.
1055 4305 1117 4360 Del.
1135 4305 1156 4372 ΙΙ
1173 4304 1224 4359 623
1242 4307 1323 4357 Anm.
1341 4301 1379 4370 υ),
1402 4291 1491 4356 αῦτόν

186 4393 313 4462 Δλιιεςς.
336 4395 344 4462 Ι
366 4391 386 4448 5
404 4389 531 4459 πρῶτον]
550 4391 575 4443 ὥ
592 4388 775 4457 flbergmhr,
793 4406 810 4443 ο
828 4388 857 4442 in
875 4389 1018 4445 conentur
1034 4394 1060 4444 A
1082 4391 1087 4457 Ι
1112 4389 1151 4446 10
1176 4382 1192 4444 δ
1211 4396 1244 4447 <
1262 4385 1398 4454 MAusgg.
1421 4386 1426 4453 Ι
1452 4383 1490 4438 18

186 4470 345 4546 ἀποδημίαν
366 4491 417 4530 auu
439 4469 588 4544 ἐπιδημίαν
608 4488 677 4527 οοπ.
697 4475 732 4526 A¹
754 4473 758 4538 Ι
780 4472 819 4529 16
834 4469 987 4543 χλευάσειν
1003 4477 1028 4528 A
1043 4469 1190 4544 χλευάζειν
1207 4477 1309 4540 Ausgg.
1325 4473 1329 4540 Ι
1345 4469 1383 4526 21
1403 4465 1491 4524 ἐκκει-

185 4559 278 4628 μένων
294 4559 422 4616 ιώηίῦε
439 4559 483 4613 ich
499 4557 550 4614 mit
570 4557 653 4613 (ἐαὶεέ
670 4555 724 4626 (bei
742 4555 802 4614 Del.
821 4557 832 4610 l
850 4559 900 4614 623
917 4563 998 4613 Anm.
1017 4557 1050 4626 ε),
1069 4559 1124 4627 vgl.
1142 4557 1213 4612 oben
1232 4555 1256 4609 V
1274 4558 1315 4622 51,
1333 4553 1359 4608 S.
1371 4556 1404 4610 55
1422 4551 1449 4608 Z.
1462 4553 1490 4618 λγ

186 4641 358 4716 ἐγκειμένων
376 4645 508 4713 ΔΔοεςς.
528 4645 533 4712 Ι
553 4641 592 4698 2⁰
611 4635 860 4712 ἀναγιγνώσκηται
878 4645 902 4697 Α
917 4645 921 4710 Ι
936 4643 975 4698 29
992 4639 1127 4710 μωῦσέος
1143 4646 1176 4696 Α.
