3708 5508
584 446 682 500 ΚΑΤΑ
710 447 870 504 ΚΕΔΣΟΥ
891 449 965 506 VIII
986 453 1027 504 54.
1045 451 1087 503 55.
1430 457 1490 518 271

186 608 284 700 φάσει
315 615 476 699 χρησμῶν
508 617 564 680 καὶ
596 617 779 697 θεραπείας
809 607 979 699 σωμάτων
1004 621 1061 682 καὶ
1083 608 1197 682 ἄλλων
1220 618 1329 681 τινῶν
1349 617 1492 700 χωρίσαι

186 718 249 786 τοῦ
277 716 361 782 θεοῦ
383 715 602 799 βουλομένων
628 708 691 799 τὴν
713 714 923 799 ἐμπεσοῦσαν
944 710 1057 800 ψυχὴν
1080 715 1126 794 εἰς
1148 710 1210 796 ,τό
1233 717 1329 801 σῶμα
1353 717 1412 800 τῆς
1434 741 1492 782 τα·

184 811 412 892 πεινῶσεωςίί·
443 803 566 899 ἥντινα
597 813 629 880 οί
661 807 845 900 νοήσαντες
867 806 1143 899 ἀναφθέγγονται
1166 807 1220 882 τό·
1252 818 1493 900 ,ταλαίπωρος

184 913 251 1000 ἒγῶ
282 906 483 997 άνθρωπος,
516 916 567 992 τίς
592 938 632 998 με
658 907 794 993 ῥύσεται
820 914 857 980 ἐκ
885 915 948 980 τοῦ
972 910 1129 999 σώματος
1151 917 1214 981 τοῦ
1236 906 1395 981 θανάτου
1417 909 1493 982 τού-

150 1017 289 1094 5του;“
310 1005 382 1081 ἀλλ’
406 1005 483 1080 οὐδ’
507 1015 592 1096 είκη
614 1017 839 1099 παρεχομεν
866 1007 911 1080 τό
934 1033 1044 1099 σωμα
1065 1017 1288 1096 στρεβλουν
1308 1039 1372 1080 και
1395 1006 1492 1082 ἀπσ-

186 1117 462 1230 τυμπανίζειν·
492 1103 535 1179 οῦ
563 1108 625 1196 γάρ
652 1115 737 1197 εἰκῇ
763 1115 926 1196 παρέχει
953 1107 1090 1192 τούτοις
1122 1108 1167 1180 τό
1192 1117 1363 1200 σῶμαο
1328 1105 1363 1199 (ὁ
1365 1107 1427 1198 >‘
1406 1117 1491 1200 υπὲρ

185 1215 248 1280 τοῦ
270 1207 314 1298 μὴ
337 1207 419 1292 τοῦς
439 1216 628 1298 περιγείους
655 1213 845 1295 δαίμονας
871 1206 1133 1330 ἀναγορεύεσθαι
1155 1209 1258 1291 θεοὺς
1279 1207 1492 1294 ἐπιβουλευό-

184 1337 283 1398 μενος
313 1304 370 1378 ύπ
393 1303 512 1380 αὐτῶν
541 1315 596 1377 καὶ
627 1315 702 1378 τῶν
731 1303 906 1392 σεβόντων
936 1304 1069 1390 αύτούς.
1112 1318 1168 1378 καὶ
1197 1314 1359 1395 θεοφιλές
1386 1337 1423 1396 γε
1449 1307 1491 1379 τὸ

135 1513 168 1568 10
184 1519 254 1579 θαι
284 1513 339 1577 καὶ
372 1503 414 1577 δι’
446 1502 607 1597 ὁσιότητα
643 1503 918 1594 ἀποθνῄσκειν
954 1504 1103 1597 εύλόγως
1140 1509 1224 1578 είναι
1261 1514 1490 1596 νενομίκαμεν,

184 1614 336 1698 ,,τίμισς“
351 1605 415 1696 γὰρ
430 1606 602 1690 ,ἐνῶπισν
623 1614 742 1695 κυρίου
766 1601 785 1678 ό
807 1605 961 1689 θάνατος
983 1614 1056 1677 τῶν
1072 1601 1177 1678 ὁσίων
1191 1602 1334 1677 αύτοῦίί·
1357 1603 1491 1696 ἀγαθὸν

184 1705 217 1778 δ’
240 1707 326 1776 εἶναί
352 1733 462 1794 φαμεν
487 1705 607 1777 καὶτὸ
634 1705 683 1794 μὴ
715 1715 940 1793 φιλοζωεῖν.
981 1704 1218 1795 κακούργοις
1244 1712 1292 1790 δὲ,
1316 1703 1491 1796 εύλόγως

184 1803 453 1894 ῦπσμένουσιν
491 1801 512 1876 ἀ
551 1804 614 1876 διὰ
655 1811 842 1894 λῃστείαν
874 1801 1109 1892 πάσχουσιν,
1145 1810 1311 1893 ἐξομοιοῦν
1351 1803 1436 1896 ἡμᾶς
1471 1801 1490 1877 ό

186 1911 314 1989 Κέλσος
346 1911 402 1976 καὶ
432 1904 476 1994 μὴ
507 1903 705 1992 αἰδούμενος
736 1903 800 1993 τὴν
830 1903 1038 1993 τηλικαύτην
1064 1901 1231 1992 πρόθεσιν
1252 1913 1490 1995 παραπλησίαν

135 2011 167 2064 15
185 2002 369 2092 ἀποφαίνει
405 2012 448 2093 τῇ
481 2010 555 2076 τῶν
579 2015 583 2090 Ι
607 2009 745 2090 λῃστῶν
775 2008 935 2088 διαθέσει,
963 2000 1113 2091 ἀδελφόν
1140 2005 1263 2078 ἑαυτὸν
1290 2010 1326 2076 ἐν
1352 2003 1491 2086 τούτοις
1510 2021 1559 2076 783

184 2113 297 2176 ποιῶν
319 2113 392 2176 τῶν
414 2102 519 2194 ,μετὰ
540 2099 700 2192 ἀνόμωνα
722 2109 954 2193 λογισαμένων
976 2101 1039 2174 τόν
1058 2100 1192 2193 Ἰησοῦν,
1213 2101 1268 2192 ἐφ’
1291 2104 1341 2186 οἷς
1362 2101 1491 2193 πεπλή-

184 2233 291 2294 ρωται
314 2201 334 2294 ἦ
357 2209 499 2293 λέγουσα
521 2202 632 2293 γραφὴ
655 2198 710 2273 τό·
738 2201 842 2291 ,μετά
864 2199 1004 2291 ἀνόμων
1025 2207 1216 2291 ἐλογίσθη.“

267 2326 330 2391 LV.
365 2317 457 2411 Ἑξῆς
483 2324 519 2390 δὲ
546 2317 683 2402 τούτοις
709 2325 812 2408 φησίν
838 2313 857 2390 ὁ
881 2325 1021 2402 Κέλσος·
1051 2324 1163 2389 δυοῖν
1185 2318 1368 2407 θάτερον
1390 2322 1494 2408 αίρεῑ

184 2418 311 2511 λόγος.
354 2425 387 2492 εί
416 2425 486 2510 μὲν
519 2415 733 2505 ἀπαξιοῦσι
761 2416 1002 2506 θεραπεύειν
1028 2418 1075 2490 τά
1105 2416 1242 2490 είκότα
1268 2419 1429 2491 τούτων
1451 2427 1491 2492 δὲ

133 2531 167 2586 20
183 2517 418 2604 ἐπιστάτας,
441 2514 527 2608 μήτ’
550 2523 604 2601 είς
626 2514 770 2605 ἀνδρὸς
797 2523 897 2588 ίέναι
918 2514 1003 2608 μήτ’
1026 2515 1192 2608 ἄγεσθαι
1214 2539 1383 2608 γυναῖκα
1403 2517 1490 2610 μήτ’

184 2617 441 2708 ἀναιρεῖσθαι
471 2623 592 2689 τέκνα
621 2613 707 2706 μήτ’
735 2613 835 2689 ἀλλο
867 2614 1063 2706 πράττειν
1092 2623 1214 2707 μηδὲν
1243 2625 1284 2690 έν
1317 2627 1372 2710 τῷ
1403 2627 1490 2710 βίῳ,

182 2738 329 2809 χωρεῖν
355 2716 389 2788 δ’
412 2719 535 2789 ἔνθεν
560 2720 730 2787 πασσυδὶ
756 2722 880 2805 μηδὲν
905 2723 1058 2804 σπέρμα
1085 2721 1413 2807 ἐλλειπομένους,
1438 2715 1491 2804 ῶς

183 2847 230 2890 αν
265 2822 494 2908 ἐρημωθείη
525 2813 688 2902 πάμπαν
723 2820 788 2886 ἐπὶ
817 2823 886 2905 γῆς
917 2815 963 2888 τό
992 2823 1186 2888 τοιοῦτον
1215 2823 1348 2906 γένος·
1389 2825 1421 2888 εί
1451 2825 1492 2890 δὲ

183 2925 247 2990 καὶ
281 2935 472 3007 γυναῖκας
503 2912 667 3002 ἄξονται
695 2923 761 2986 καὶ
789 2920 934 2998 παῖδας
963 2913 1208 3005 ποιήσονται
1234 2925 1297 2988 καὶ
1323 2927 1492 3007 καρπῶν

133 3016 397 3107 25γεύσσνται
430 3023 494 3087 καὶ
530 3022 613 3085 τῶν
648 3019 690 3085 ἐν
716 3021 772 3104 τῶ
803 3021 876 3103 βίῳ
907 3020 1120 3101 μεθέξουσι
1150 3024 1214 3087 καὶ
1248 3025 1386 3088 κακῶν
1407 3027 1491 3089 τῶν

185 3121 514 3205 ἐπιτεταγμένων
541 3111 755 3200 ἀνέξονται
778 3112 910 3200 (φύσις
935 3113 1098 3204 μὲνγὰρ
1121 3111 1222 3206 αῦτη
1244 3113 1404 3198 πάντας
1426 3113 1491 3188 ἀν-

184 3215 379 3304 θρώπους
417 3221 634 3304 πειρᾶσθαι
670 3218 825 3284 κακῶν·
855 3214 958 3284 εἶναι
991 3221 1061 3301 μὲν
1092 3215 1162 3304 γάρ
1195 3213 1347 3306 ἀνάγκη
1375 3216 1489 3301 κακὰ,

269 3403 288 3458 2
311 3401 375 3472 Vgl.
393 3401 463 3455 Phil.
481 3403 505 3464 3,
522 3401 564 3454 21.
582 3429 615 3440 -
636 3399 654 3454 θ
672 3399 750 3454 Rom.
771 3401 795 3462 2,
813 3401 855 3454 24.
882 3429 915 3438 —-
943 3400 1190 3464 11Ρεα1.115.6.
1217 3433 1251 3443 -
1278 3403 1316 3458 18
1340 3403 1402 3470 Vgl.
1421 3403 1490 3456 Luk.

71 3519 75 3528 ·
184 3487 225 3552 22,
243 3489 276 3542 37
300 3485 363 3553 (Jes.
381 3487 423 3552 53,
441 3485 493 3553 12).
511 3515 544 3524 -
566 3484 601 3540 12
628 3484 695 3537 Luk.
714 3485 755 3549 22,
773 3485 806 3539 37
825 3484 891 3552 (ίεε.
910 3486 951 3548 53,
970 3485 1020 3554 12).
1046 3515 1080 3525 -
1106 3486 1145 3541 22
1174 3486 1235 3556 Vgl.
1254 3486 1402 3550 Eusebius,
1419 3487 1490 3542 Hist.

185 3570 279 3626 eccles.
301 3570 404 3638 IV15,
424 3572 464 3626 18.
491 3567 627 3622 Minucius
648 3568 738 3636 Felix,
764 3568 894 3623 Octavius
920 3569 984 3640 Cap.
1007 3570 1045 3623 IX
1069 3573 1092 3623 1.
1124 3569 1296 3634 Tertullian,
1322 3572 1403 3642 Apol.
1425 3571 1490 3642 Gap.

183 3654 319 3710 XXXVII.
606 3683 609 3690 ·

269 3814 287 3870 2
309 3811 497 3886 βουλομένων
514 3829 563 3866 aus
581 3809 744 3879 δυναμένων
761 3827 828 3865 corr.
846 3815 883 3867 Α1
903 3814 908 3880 Ι
928 3813 946 3868 5
970 3807 1030 3882 εἰκῆ
1053 3817 1078 3867 A
1097 3815 1101 3881 Ι
1122 3815 1141 3870 8
1162 3808 1223 3882 είκίγ
1246 3817 1271 3868 Δ
1291 3815 1295 3883 Ι
1316 3813 1435 3886 παρέχει
1453 3816 1490 3884 Μ,

183 3899 283 3970 Ηδ.8ρ.
302 3915 348 3952 am
365 3897 453 3964 Rand,
472 3897 532 3951 Del.
551 3897 589 3948 im
607 3895 687 3958 Text;
705 3893 841 3964 παρέχειν
857 3897 986 3968 ΑΗσ.8ρ.
1004 3898 1043 3952 im
1060 3897 1130 3952 Text
1150 3899 1154 3966 Ι
1176 3892 1222 3967 (ὃ)
1241 3898 1306 3969 fflge
1323 3899 1369 3953 ich
1387 3901 1447 3955 hier
1464 3919 1490 3955 u.

182 3984 273 4044 nicht,
291 3983 343 4036 wie
368 3984 417 4037 Bo.
436 3983 534 4052 (Notae
551 3997 577 4051 p.
594 3981 655 4048 407)
674 3980 841 4048 vorschlfigt,
861 3997 909 4034 vor
927 3972 1184 4054 ἐπιβουλευόμενος
1202 3983 1238 4052 (Z.
1258 3983 1283 4048 7)
1301 3986 1345 4038 ein
1368 3986 1373 4052 Ι
1397 3987 1417 4041 θ
1444 3978 1490 4040 διὰ

182 4063 235 4137 τὴν
251 4072 277 4124 Δ
295 4060 329 4123 δι’
345 4067 482 4136 MAusgg.
502 4069 507 4135 Ι
529 4066 568 4121 10
588 4057 734 4132 ὁσιότητα]
754 4064 835 4118 otiu
852 4064 995 4120 correctur
1012 4067 1055 4133 ΑΙ
1076 4061 1202 4136 εὐλόγως
1219 4067 1349 4139 ΔΗσ.8ρ.
1367 4063 1491 4139 εὔλογον

182 4153 275 4207 ΡΒεΙ.
295 4154 299 4222 Ι
320 4152 358 4209 15
387 4147 542 4222 ἀποφαίνει
560 4149 645 4204 Ano.
656 4148 700 4218 Sp.
722 4149 759 4201 im
783 4148 862 4215 Text,
882 4143 1052 4218 ἀποφαίνειν
1074 4151 1124 4206 flu.
1135 4152 1180 4221 Sp.
1198 4169 1243 4206 am
1261 4152 1354 4221 Rand,
1372 4153 1433 4208 Del.
1451 4153 1490 4206 im

181 4237 251 4292 Text
266 4239 270 4304 Ι
288 4237 325 4293 16
343 4239 439 4292 ποιῶν
455 4234 585 4304 ΑΗὸ.θρ.
603 4233 641 4287 im
660 4233 736 4296 Text,
753 4240 834 4289 ποιεῖ
847 4233 947 4303 H6.Sp.
967 4253 1012 4288 am
1029 4236 1117 4298 Rand,
1135 4235 1195 4289 Del.
1213 4236 1251 4289 im
1269 4237 1339 4290 Text
1354 4239 1358 4305 Ι
1375 4238 1489 4295 18-12

181 4357 227 4393 am
245 4339 324 4393 Rand
348 4311 406 4393 καλ
422 4341 458 4392 A¹
475 4340 479 4406 Ι
496 4337 534 4394 18
554 4331 632 4406 αἱρεῖ
646 4334 854 4402 moon-,118
872 4353 916 4390 επ]
936 4336 1022 4403 fland,
1040 4337 1084 4406 Sp.
1094 4336 1155 4392 Del.
1173 4337 1211 4389 im
1229 4336 1309 4400 ’λεια
1333 4334 1396 4410 ἐρεῖ
1409 4339 1490 4394 ΑΗῠ.

181 4422 220 4476 im
237 4423 306 4477 Text
326 4425 331 4491 Ι
353 4423 391 4478 12
415 4419 454 4490 δὲ]
472 4439 504 4476 τε
521 4421 585 4475 lieet
602 4419 633 4473 Ο.
651 4420 751 4484 Ηείαε,
769 4420 859 4476 Ueber
877 4420 971 4474 celsus
989 4413 1098 4490 ἀληθὴς
1114 4415 1204 4491 λόγος
1222 4422 1332 4488 (Philol.
1350 4422 1490 4478 Abhandl.

181 4509 219 4563 M.
236 4508 321 4563 Ηειλα
340 4505 532 4578 dargebraeht‚
552 4504 618 4559 1888
635 4504 696 4574 XV)
714 4505 739 4558 S.
758 4506 808 4559 212
826 4507 906 4559 Anm.
926 4505 1016 4570 1120
1034 4503 1074 4568 είς
1092 4499 1198 4575 ἀνδρὸς
1215 4506 1336 4560 schreibt
1353 4507 1384 4560 Ο.
1403 4507 1491 4563 Heine

182 4609 298 4678 ebenda,
316 4608 356 4674 είς
374 4603 480 4680 ἄνδρας
497 4609 628 4676 AAuegg.
644 4607 648 4672 Ι
669 4605 707 4661 22
726 4588 829 4661 παόνδὶ
847 4605 895 4676 [ευ]
915 4605 1026 4674 111123
1046 4623 1094 4660 vor
1111 4611 1163 4676 γῆς
1181 4614 1213 4670 ÷
1230 4612 1281 4677 τῆς
1298 4609 1327 4661 11
1336 4609 1438 4680 Ausgg.
