3772 5526
626 497 727 552 ΚΑΤΑ
754 497 912 554 ΚΕΑΣΟΥ
934 498 958 555 V
983 498 1082 552 11.12.
1461 503 1497 565 13

277 665 346 730 XII.
384 659 467 743 Θεὸς
497 651 561 730 οῦν
590 659 677 732 κατὰ
709 659 773 750 τήν
802 656 1019 750 χρηστότητα
1045 654 1153 730 αύτοῦ
1173 653 1215 728 ού
1238 665 1389 740 τοπικῶς
1411 654 1498 730 ἀλλὰ

194 768 432 850 προνοητικῶς
463 768 717 848 συγκαταβαίνει
748 778 821 842 τοῖς
850 756 1062 847 ἀνθρώποις,
1092 764 1147 828 καὶ
1175 753 1194 829 ό
1222 764 1285 830 τοῦ
1311 764 1396 829 θεοῦ
1421 776 1499 842 παῖς

194 856 236 930 ού
259 855 338 930 τότε
359 855 466 948 μόνον
487 855 573 931 ἀλλά
595 866 650 930 καὶ
672 855 722 931 ἀεὶ
742 858 826 949 μετὰ
849 866 922 930 τῶν
944 863 1042 929 ἰδίων
1062 865 1232 948 μαθητῶν
1254 862 1333 940 ἐστι,
1355 865 1500 947 πληρῶν

195 958 236 1030 τό
267 959 363 1043 ,ἰδοῦ
393 961 459 1048 έγῶ
481 955 556 1049 μεθ’
579 955 676 1048 ῦμῶν
695 963 760 1047 εἰμι
781 958 890 1041 πάσας
912 955 973 1040 τάς
995 953 1117 1048 ἡμέρας
1140 957 1204 1038 ἕως
1226 964 1286 1046 τῆς
1309 965 1500 1040 συντελείας

161 1063 258 1128 ὑτοῦ
289 1063 445 1141 αἰῶνος.“
487 1067 543 1130 καὶ
573 1063 664 1146 ε’ίπερ
694 1064 825 1148 ,κλῆμα
854 1057 988 1146 καρπὸν
1019 1052 1060 1127 ού
1087 1054 1229 1127 δύναται
1254 1062 1399 1145 φέρειν,“
1420 1058 1500 1142 ,ἐὰν

192 1156 237 1246 μή
268 1162 403 1247 ἓμμείνη
434 1165 478 1247 τῇ
508 1152 681 1248 ἀμπέλῳ,“
703 1162 809 1247 δῆλον
840 1151 895 1228 ότι
921 1164 977 1228 καὶ
999 1158 1031 1228 ολ
1053 1161 1117 1226 τοῦ
1139 1151 1243 1244 λόγου
1262 1163 1429 1245 μαθηταὶ,
1457 1154 1499 1226 τά

195 1255 299 1346 νοητά
331 1262 391 1346 τῆς
424 1251 591 1347 ἀληθινῆς
621 1253 774 1344 ἀμπέλου
804 1263 868 1328 τοῦ
899 1253 1003 1346 λόγου
1033 1251 1239 1344 ,,κλήματα,“
1265 1250 1307 1325 ού
1338 1253 1499 1326 δύνανται

194 1360 308 1442 φέρειν
339 1355 419 1439 τοῦς
449 1355 600 1444 καρπούς
633 1363 693 1446 τῆς
724 1353 858 1447 ἀρετῆς,
891 1354 950 1427 έάν
978 1354 1023 1445 μή
1049 1361 1195 1444 μένωσιν
1222 1359 1259 1426 έν
1285 1361 1328 1443 τῇ
1350 1350 1500 1444 ἀληθινῇ

193 1451 343 1544 ἀμπέλῳ,
375 1461 426 1544 τῶ
449 1460 589 1544 Χριστοῦ
620 1462 684 1528 τοῦ
716 1462 801 1526 θεοῦ
826 1462 882 1526 καὶ
908 1451 984 1543 μεθ’
1008 1451 1104 1544 ήμῶν
1130 1462 1204 1525 τῶν
1231 1461 1384 1536 τοπικῶς
1404 1451 1500 1524 κάτω

143 1568 176 1620 10
193 1558 248 1624 ἐπὶ
279 1561 339 1644 γῆς
372 1551 587 1644 τυγχάνοντι,
620 1550 657 1638 ῦς
682 1555 766 1644 μετά
792 1563 865 1626 τῶν
886 1560 1061 1642 πανταχοῦ
1084 1550 1382 1642 προσπεφυκότων
1405 1551 1499 1642 αύτῷ

194 1647 254 1736 ῶν,
285 1649 350 1741 ήδη
382 1658 418 1724 δέ
447 1662 503 1724 καὶ
528 1653 612 1740 μετά
639 1661 712 1724 τῶν
739 1649 803 1725 οῦκ
828 1649 971 1724 εἰδότων
994 1650 1103 1724 αύτὸν
1124 1660 1300 1742 πανταχοῦ
1323 1659 1403 1725 ἐστι.
1445 1660 1500 1724 καὶ

194 1748 300 1823 τοῦτό
324 1747 402 1839 γεὸ
430 1751 471 1824 τό
501 1749 696 1840 εύαγγέλιον
723 1751 853 1841 γράψας
878 1748 1036 1839 Ἰοοάννης
1061 1755 1098 1822 έκ
1124 1753 1312 1840 προσώπου
1334 1759 1398 1825 τοῦ
1419 1761 1501 1838 βαπ-

194 1857 312 1923 τιστοῦ
334 1846 489 1922 Ἰωάννου
515 1857 619 1940 δηλοῖ,
642 1856 815 1938 λέγοντος·
844 1855 963 1940 ,μέσος
987 1848 1083 1940 ῦμῶν
1106 1849 1233 1939 στήκει,
1262 1847 1302 1924 όν
1324 1848 1414 1940 ῦμεῑς
1436 1849 1500 1924 οῦκ

193 1954 320 2034 οἴδατε,
343 1945 453 2021 ὀπίσω
480 1977 546 2038 μου
570 1945 777 2038 ἐρχόμενος.“
814 1945 946 2020 άτοπον
972 1944 1005 2018 δ’
1028 1952 1134 2031 ἐστίν,
1163 1955 1226 2020 τοῦ
1252 1951 1500 2040 πληρῶσαντος

143 2047 257 2120 15τὸν
288 2045 463 2139 ούρανόν
492 2056 548 2119 καὶ
579 2048 643 2138 τήν
672 2054 815 2138 γῆνκαὶ
842 2044 1012 2129 εἰπόντος·
1040 2044 1135 2134 ,ούχὶ
1162 2047 1225 2120 τόν
1247 2046 1424 2136 ούρανὸν
1443 2057 1500 2120 καὶ

194 2147 258 2238 τὴν
289 2155 352 2238 γῆν
381 2150 449 2238 έγῶ
479 2156 617 2238 πληρῶ;
652 2154 739 2236 λέχει
768 2147 904 2236 κύριοςίί
931 2142 1033 2229 ὄντος
1057 2143 1133 2236 μεθ’
1156 2143 1253 2237 ἡμῶν
1276 2157 1333 2219 καὶ
1354 2156 1500 2237 πλησίον

193 2244 289 2336 ήμῶν
315 2245 545 2337 τυγχάνοντος
571 2247 734 2336 (πιστεύω
761 2247 824 2337 γάρ
845 2243 942 2336 αύτῷ
966 2251 1114 2336 λέγοντι·
1143 2247 1248 2332 ,θεός
1269 2251 1410 2336 ἐγχίζων
1431 2247 1497 2336 έγῶ

192 2350 270 2438 εἰμι,
297 2354 353 2418 καὶ
376 2344 418 2419 ου’
440 2347 521 2429 θεὸς
542 2343 738 2436 πόρρωθεν,
761 2353 848 2434 λέγει
868 2343 1031 2434 κύριοςίίΙ,
1064 2356 1176 2434 ζητεῖν
1198 2341 1357 2435 εῦχεσθαι
1379 2354 1431 2438 τῷ
1454 2348 1498 2438 μή

192 2443 366 2533 φθάνοντι
387 2450 442 2518 έπλ
458 2445 500 2517 τά
516 2445 694 2536 σύμπαντα
716 2441 814 2535 ήλίῳ
837 2440 858 2533 ἢ
881 2443 1025 2534 σελήνη
1047 2440 1069 2533 ή
1091 2471 1160 2516 τινι
1175 2453 1248 2516 τῶν
1268 2444 1455 2534 ἀστέρων.

140 2561 174 2615 20
274 2547 362 2616 έστω
384 2552 440 2630 δὲ,
468 2550 522 2617 ίνα
547 2542 666 2630 αῦταῑς
689 2565 762 2629 ταῖς
785 2552 891 2630 λέξεσι
915 2551 1046 2616 Κέλσου
1065 2541 1250 2635 χρήσωμαι,
1272 2544 1498 2633 προφητεύ-

192 2673 313 2726 οντας
344 2647 429 2717 εἶναι
458 2643 598 2730 ῦετοῦς
628 2653 693 2716 καὶ
724 2642 860 2733 θάλπη
889 2651 953 2714 καὶ
980 2649 1081 2732 νέφη
1103 2650 1167 2716 καὶ
1188 2643 1361 2732 βροντάς
1383 2640 1498 2735 ήλιον

190 2750 254 2814 καὶ
285 2743 458 2835 σελήνην
489 2754 556 2816 καὶ
588 2743 769 2834 ἀστέρας·
800 2735 851 2832 ἀρ’
876 2735 948 2822 οῦν,
982 2749 1010 2813 εί
1040 2742 1368 2833 προφητεύουσιν
1399 2735 1498 2816 οῦτοι

191 2845 233 2914 τά
264 2851 462 2934 τηλικαῦτα,
493 2841 567 2932 ου’χὶ
597 2851 728 2933 μᾶλλον
757 2850 808 2934 τῷ
835 2849 924 2933 θεῷ,
948 2833 976 2932 ᾧ
999 2838 1251 2932 ῦπουργοῦντες
1271 2845 1496 2934 προφητεύ-

191 2965 291 3026 ουσι,
318 2951 622 3033 προσκυνητέον
648 2939 805 3014 κάκεῖνον
827 2948 997 3013 σεπτέον
1023 2939 1108 3032 ἥπερ
1131 2961 1204 3026 τοῖς
1225 2939 1419 3032 προφήταις
1440 2942 1497 3014 αύ-

139 3047 271 3126 25τοῦ;
304 3050 672 3133 προφητευέτωσαν
703 3035 767 3114 οῦν
799 3051 864 3112 καὶ
894 3038 1098 3130 ἀστραπάς
1130 3049 1194 3112 καὶ
1224 3042 1402 3131 καρποὺς
1432 3052 1496 3114 καὶ

191 3139 310 3230 γονάς
340 3137 506 3228 άπάσας,
535 3149 590 3212 καί
618 3140 733 3214 πάντα
755 3147 1081 3231 ταμιευέσθωσαν
1105 3141 1147 3210 τά
1173 3149 1328 3213 τοιαῦτα·
1357 3137 1432 3212 ἀλλ’
1454 3139 1496 3213 ού

191 3241 245 3311 διὰ
268 3247 372 3313 τοῦτο
398 3239 730 3331 προσκυνήσομεν
756 3241 837 3324 τούς
863 3247 1192 3328 προσκυνοῦντας
1219 3238 1267 3323 ῶς
1290 3236 1370 3311 οῦδὲ
1393 3248 1496 3311 Μωῦ·

190 3346 248 3412 σέα
276 3347 332 3410 καὶ
362 3339 444 3424 τοῦς
474 3336 546 3429 μετ’
568 3337 678 3412 αύτὸν
702 3345 739 3411 έκ
761 3347 846 3410 θεοῦ
867 3338 1230 3428 προφητεύσαντος
1253 3340 1295 3411 τά
1317 3345 1496 3426 κρείττονα

189 3436 318 3511 ύετῶν
348 3469 391 3511 τε
418 3447 482 3510 καὶ
511 3437 695 3522 θάλπους
721 3446 786 3510 καὶ
812 3445 947 3525 νεφῶν
972 3447 1038 3508 καὶ
1059 3447 1245 3528 βροντῶν
1266 3447 1330 3510 καὶ
1353 3436 1494 3529 ἀστρα-

138 3554 172 3608 30
188 3547 278 3610 πῶν
299 3545 363 3610 καὶ
390 3547 555 3627 καρπῶν
581 3545 645 3610 καὶ
670 3543 810 3610 πασῶν
836 3546 970 3628 γονῶν
992 3543 1178 3627 αἰσθητῶν.
1198 3548 1202 3623 Ι
1222 3535 1307 3610 ἀλλά
1329 3533 1394 3611 κάν
1416 3541 1493 3628 έχω-
1512 3559 1560 3614 587

274 3725 414 3782 4Matth.
433 3725 474 3788 28.
494 3727 535 3782 20.
562 3755 595 3765 -
618 3723 718 3794 avgl.
736 3724 798 3778 Joh.
817 3725 858 3791 15,
874 3727 900 3778 4.
918 3755 951 3763 -
972 3723 1069 3794 ssVgl.
1087 3723 1148 3779 Joh.
1168 3727 1208 3789 15,
1226 3726 1301 3781 4—6.
1319 3756 1353 3764 —
1377 3727 1414 3782 10
1432 3726 1493 3781 Joh.

189 3813 212 3872 1,
230 3811 271 3866 26.
290 3813 330 3866 27.
348 3841 381 3850 -
400 3809 438 3865 15
456 3810 555 3864 Jerem.
572 3811 613 3874 23,
633 3812 673 3865 24.
691 3839 726 3850 -
744 3810 780 3864 17
800 3808 899 3863 Jerem.
917 3811 958 3876 23,
977 3810 1018 3866 23.

271 3961 290 4016 θ
314 3953 367 4030 ἀελΙ
386 3977 409 4014 ει
426 3959 456 4012 in
474 3959 650 4014 correcturA
666 3961 670 4028 Ι
686 3961 704 4015 0
725 3955 853 4029 ἐμμείνη]
872 3954 907 4026 έμ
925 3960 1097 4030 [ibergesehr.
1111 3963 1147 4014 A¹
1163 3961 1167 4028 Ι
1183 3961 1201 4016 θ
1220 3967 1262 4034 τῷ
1274 3961 1393 4034 Χριστῷ
1404 3960 1448 4014 bis
1461 3963 1493 4016 10

186 4035 365 4115 τυγχάνοντι]
385 4048 426 4118 τῷ
443 4044 562 4118 Χριστῷ
579 4047 621 4118 τῷ
637 4036 711 4111 μετὰ
728 4047 782 4098 τοῦ
798 4046 872 4098 θεοῦ
888 4046 938 4100 καὶ
954 4039 1021 4112 μεθ’
1040 4037 1121 4114 ήμῶν
1138 4051 1265 4110 τοπικῶς
1281 4039 1360 4100 κάτω
1379 4041 1425 4099 ἐπὶ
1443 4050 1494 4112 γῆς

185 4123 354 4200 τυγχάνοντι
375 4131 512 4183 vermutet
530 4127 624 4194 θυίελ,
643 4128 706 4182 dem
723 4127 782 4182 Del.
801 4127 891 4197 (1586
909 4130 991 4184 Anm.
1009 4129 1033 4196 οΙ
1051 4128 1259 4184 beizustimmen
1277 4128 1395 4194 scheint,
1421 4128 1493 4182 ohne

185 4211 280 4267 Grund
300 4214 304 4281 Ι
323 4217 383 4268 τῶν
400 4221 434 4272 <
451 4212 503 4267 Del
518 4215 522 4281 Ι
540 4214 579 4269 10
595 4207 773 4281 τυγχάνοντι]
791 4229 808 4266 τ
825 4213 884 4281 (vor
902 4212 922 4280 ι)
939 4211 991 4266 auf
1004 4213 1091 4266 Rasur
1108 4217 1133 4268 A
1148 4215 1152 4282 Ι
1169 4214 1206 4270 11
1231 4208 1320 4270 αὐτὸν
1338 4231 1386 4268 aus
1405 4209 1494 4268 αὐτοῦ

184 4313 253 4352 corr.
271 4301 296 4352 A
319 4301 323 4366 1
349 4296 389 4352 10
412 4291 509 4366 στήκει
526 4296 650 4351 schreibe
668 4297 722 4359 ich,
739 4295 794 4366 vgl.
812 4295 884 4350 oben
902 4297 928 4350 ΙΙ
946 4299 969 4360 9,
988 4299 1000 4352 Ι
1019 4299 1069 4354 136
1087 4299 1113 4352 Z.
1131 4301 1176 4363 21;
1199 4295 1323 4368 ελστηκει
1342 4297 1398 4368 ΙοοΙ,
1421 4293 1447 4353 εί
1464 4297 1493 4351 in

186 4381 336 4448 Concobar,
355 4385 380 4436 A
398 4376 517 4451 ἕστηκεν
534 4382 670 4450 MAusgg.
687 4381 691 4450 Ι
713 4381 752 4437 14
768 4381 859 4435 hinter
877 4374 973 4436 οίθατε
991 4388 1022 4444 -Ι-
1042 4375 1130 4447 αύτύς
1147 4377 1225 4438 ἐστιν
1242 4374 1258 4438 ό
1278 4385 1379 4453 Ausgg.
1403 4385 1408 4451 Ι
1432 4379 1493 4438 ἐστὶ

185 4467 320 4536 MAusgg.
336 4467 340 4534 Ι
355 4467 395 4522 20
410 4461 564 4536 χρήσωμαι
581 4467 718 4536 MAusgg.
733 4460 883 4537 χρήσομαι
901 4467 942 4532 ΑΙ
963 4464 1004 4520 24
1023 4464 1145 4522 σεπτέον
1161 4467 1284 4522 schreibe
1301 4467 1346 4521 ich
1364 4467 1416 4520 mih
1433 4467 1492 4520 Del.

183 4551 254 4638 ηυρλ]
272 4551 320 4604 der
338 4550 481 4605 eorrectur
498 4566 553 4604 von
571 4550 605 4603 P¹
623 4568 649 4604 n.
666 4549 709 4604 Jol
727 4550 784 4603 und
805 4551 880 4604 nach
901 4549 949 4603 der
967 4550 1112 4620 eonjectur
1128 4567 1184 4605 von
1201 4551 1250 4605 Βο.
1268 4551 1364 4620 (Notae
1381 4569 1406 4622 p.
1419 4551 1491 4618 389);

185 4635 339 4715 οιῶπτέον,
363 4652 411 4706 das
429 4651 544 4706 Zeichen
565 4657 593 4706 ⁶2.
614 4669 640 4706 u.
659 4669 703 4705 am
727 4650 806 4704 θεοῦ
828 4646 868 4718 ζτ’
885 4667 940 4705 von
957 4651 990 4704 II.
1003 4652 1044 4710 Η,
1064 4651 1164 4723 11100
1181 4646 1277 4724 γόνων
1296 4656 1327 4707 A.
