3758 5564
608 497 702 552 ΠΕΡΙ
724 497 860 552 mlix
886 495 939 569 26,
956 502 979 554 1.
997 501 1020 554 2.
1038 499 1062 552 3.
1080 499 1105 552 4.
1123 494 1153 552 5.“
1489 501 1549 566 383

243 661 407 748 καὶπρὸς
429 656 562 744 πάντας
592 659 672 744 τούς
694 657 962 748 ἐντυγχάνοντας
984 655 1087 749 αὐτῆς
1105 665 1147 747 τῇ
1169 666 1290 748 γραφῇ,
1312 653 1395 744 ,ὅσα
1415 663 1549 747 ἐποίησε

242 760 327 852 μετὰ
348 758 499 849 Ἀβραὰμ,
522 765 577 830 καὶ
593 752 655 830 ὅσα
670 763 822 848 ἐπείρασε
836 761 902 833 τὸν
915 758 1033 843 Ἰσαὰκ,
1056 764 1110 830 καὶ
1125 752 1187 830 ὅσα
1209 762 1341 846 ἐγένετο
1363 765 1413 849 τῷ
1436 753 1552 841 Ἰακῶβ

243 868 281 934 ἐν
307 867 552 951 Μεσοποταμίᾳ
584 865 646 948 τῆς
668 867 808 949 Συρίας,
835 867 1053 947 ποιμαίνοντι
1068 855 1194 954 ΙΛόβαν
1225 857 1269 930 τδι
1298 853 1455 948 πρόβατα
1484 862 1549 930 τοῦ

243 959 392 1048 ἀδελφοῦ
418 965 481 1049 τῆς
513 957 642 1048 μητρὸς
672 955 789 1030 αάτσῦ·
821 956 862 1030 οό
892 958 954 1048 γδιρ
984 959 1103 1042 καθῶς
1133 962 1280 1042 ἐκείνους
1305 955 1478 1044 ἐπόρωσεν
1503 959 1549 1038 είς

208 1059 389 1151 οέτασμὸν
410 1065 550 1146 καρδίας
570 1055 696 1144 αὐτῶν,
717 1065 773 1130 καὶ
795 1053 880 1148 ἡμᾶς
901 1052 1061 1130 ἐκδικεῖό
1085 1061 1131 1141 εἰς
1148 1063 1355 1147 νουθέτησιν
1374 1063 1549 1146 μαστιγῶν

241 1159 357 1250 κύριος
388 1159 470 1242 τούς
491 1162 685 1248 ἐγγίζοντας
716 1154 841 1249 αότῶ.“
883 1165 939 1228 καὶ
968 1155 1016 1240 ῶς
1035 1155 1226 1230 καθολικόν
1257 1161 1292 1228 δέ
1323 1153 1548 1245 ἀποφαίνεται

241 1269 319 1349 περὶ
341 1255 487 1330 πάντων
513 1263 653 1329 δικαίων
679 1252 698 1330 6
724 1265 785 1346 μὲν
808 1262 910 1328 Δαυῒδ
934 1263 1055 1345 λέγων·
1091 1263 1237 1342 ,πολλαὶ
1263 1260 1298 1328 αί
1318 1263 1454 1344 θλίψεις
1474 1262 1548 1328 τῶν

242 1364 395 1443 δικαίων,
399 1367 418 1395 “
434 1353 453 1429 6
471 1363 506 1428 δέ
520 1353 715 1439 ἀπόστολος
728 1359 766 1428 ἐν
780 1375 855 1439 ταῖς
873 1353 1082 1444 Πρόξεσιν·,,
1086 1350 1140 1428 ότι
1155 1355 1210 1428 διὰ
1228 1363 1372 1429 πολλῶν
1390 1363 1549 1442 θλίψεων

162 1465 225 1548 131Γ
242 1454 333 1531 δεῖ“
312 1465 401 1548 ημᾶς
423 1463 588 1530 εἰσελθεῖν
606 1465 611 1541 Ι
632 1461 678 1538 είς
699 1454 764 1545 τὴν
783 1463 953 1540 βασιλείαν
975 1465 1038 1529 τοῦ
1059 1462 1172 1528 θεοῦίί

191 1564 225 1620 10
324 1569 354 1629 4.
385 1564 442 1628 καί
464 1554 584 1627 ἐὰν
544 1585 589 1646 μη
611 1562 764 1644 συνῶμεν
785 1554 826 1628 τὸ
847 1557 930 1640 τοὺς
951 1553 1103 1638 πολλοὺς
1125 1551 1301 1628 λανθάνον
1322 1559 1477 1642 περὶτοῦ
1497 1551 1547 1644 μὴ

243 1661 410 1728 εἰσελθεῖν
435 1661 512 1741 ,είς
538 1653 778 1776 πειρασμόν“
799 1655 1058 1744 προσεύχεσθαι,
1087 1649 1159 1742 ῶρα
1182 1645 1332 1744 λέγεινο
1313 1681 1368 1725 οτι
1390 1649 1465 1726 οί’
1444 1649 1547 1726 απόσ-

242 1766 339 1828 τολοι
372 1751 546 1844 εὐχόμενοι
579 1750 641 1824 οάκ
671 1754 900 1845 ἐπηκοόοντο,
931 1763 1030 1846 μυρία
1065 1749 1127 1828 ὅσα
1156 1758 1193 1824 ἐν
1221 1761 1326 1824 παντί
1359 1761 1411 1844 τῷ
1431 1749 1545 1843 χρόνῳ

242 1856 375 1926 ἑαυτῶν
398 1849 657 1937 πεπονθότες,
659 1858 706 1938 ,ἐν
727 1852 848 1939 κόποις
869 1861 1117 1946 περισσοτέρως
1138 1859 1175 1926 ἐν
1195 1862 1339 1941 πληγαῖς
1356 1859 1546 1942 περισσοτέ-

241 1981 309 2044 ρως
330 1957 368 2024 ἐν
392 1964 557 2041 φυλακαῖς
578 1949 899 2042 όπερβαλλόντωςέ
901 1983 921 2026 ν
942 1952 1109 2038 θανατοις
1135 1951 1331 2038 πολλάκις,“
1360 1982 1379 2024 ο
1370 1947 1437 2024 ’δὲ
1458 1958 1546 2024 Παῦ-

190 2061 223 2115 15
241 2066 300 2137 λος
322 2057 420 2145 ίδία,
422 2049 500 2138 ,ἀπὸ
521 2048 692 2124 Ἰουδαίων
716 2050 879 2136 πεντάκις
904 2051 1156 2144 τεσσαράκοντα
1180 2051 1271 2140 παρὰ
1296 2059 1396 2142 μίαν“
1419 2057 1544 2142 είληφε,

240 2160 354 2324 Ε’τρίςί
377 2111 948 2242 ἐρίὸαβδίσθη,,,ἀπαξ“ἐλιθάσθη,
970 2150 1289 2244 ,,“τρ1ςέναυόγησε,
1312 2149 1544 2242 ,νυχθήμερον

257 2259 355 2342 ντῶ
377 2258 495 2342 βοθῶ“
522 2259 714 2342 πεποίηκεν,
736 2248 964 2340 ἄνθρωπος,
967 2256 1004 2323 ἐν
1025 2259 1149 2325 παντὶ“
1170 2249 1371 2342 θλιβόμενος
1391 2247 1482 2322 καί’
1461 2279 1544 2324 απο

240 2349 403 2439 ροόμενος
437 2360 493 2422 καὶ
529 2347 733 2440 διωκόμενος
767 2359 822 2423 καὶ
860 2348 1153 2442 καταβαλλόμενος
1193 2345 1372 2442 ὁμολογῶν
1410 2379 1447 2422 τε
1485 2346 1544 2422 τό’

240 2443 335 2538 ,ἀχρι
362 2456 423 2540 τῆς
449 2447 526 2538 ἄρτι
553 2444 644 2539 ῶρας
670 2459 840 2541 πεινῶμεν
866 2461 922 2523 καὶ
949 2458 1102 2541 διψῶμεν
1127 2459 1182 2524 καὶ
1208 2449 1459 2542 γυμνητεόομεν
1488 2456 1544 2522 καί

189 2556 223 2612 20
239 2550 499 2638 κολαφιζόμεθα
520 2547 619 2622 καὶ
598 2558 808 2640 αστατοῦμεν
829 2558 885 2622 καί
909 2556 1086 2640 κοπιῶμεν
1112 2550 1326 2642 ἐργαζόμενοι
1351 2570 1425 2633 ταῖς
1447 2555 1544 2632 ίδίαις

237 2656 342 2738 χερσί·
366 2647 622 2738 λοιδορούμενοι
643 2646 861 2741 εὐλογοῦμεν,
884 2649 1088 2740 διωκόμενοι
1114 2648 1312 2740 ἀνεχόμεθα,
1333 2648 1545 2739 βλασφημού-

165 2783 169 2790 ·
239 2776 335 2838 μενοι
359 2755 651 2838 παρακαλοῦμεν.“
694 2757 769 2822 τῶν
791 2757 826 2822 δέ
847 2747 1054 2823 ἀποστόλων
1075 2755 1112 2823 ἐν
1133 2757 1185 2841 τῶ
1201 2746 1359 2840 εόχεσθαι
1376 2749 1421 2840 μὴ
1436 2754 1545 2822 ἐπιτε·

240 2849 426 2938 τευχότων,
449 2855 501 2932 τίς
523 2853 619 2932 ἐλπίς
644 2855 719 2921 τῶν
740 2848 993 2937 όποδεεστέρων
1015 2857 1083 2922 τινὶ
1103 2847 1185 2940 παρ’
1207 2855 1355 2932 ἐκείνους
1376 2846 1544 2939 εόχομένῳ

239 2948 391 3037 ἐπηκόου
414 2953 501 3019 θεοῦ
522 2967 650 3037 τυχεῖν,·

188 3055 222 3113 25
324 3062 352 3120 5.
381 3045 422 3126 ,τὸ
445 3053 481 3118 δὲ
502 3050 540 3117 ἐν
561 3054 613 3138 τῶ
635 3052 778 3138 είκοστῷ
800 3055 946 3139 πέμπτῳ
968 3055 1106 3138 ψαλμῶ·
1125 3058 1130 3138 ί
1149 3044 1351 3136 ,δοκίμασόν
1371 3076 1421 3136 με,
1442 3045 1544 3137 κόριε,
1564 3059 1616 3116 258

238 3153 294 3216 καὶ
312 3147 475 3236 πείρασόν
495 3175 548 3236 με,
578 3147 739 3237 πόρωσον
765 3147 846 3231 τούς
871 3147 1017 3236 νεφρούς
1042 3177 1107 3238 μου
1131 3156 1186 3220 καὶ
1213 3147 1277 3239 τὴν
1298 3153 1439 3236 καρδίαν
1459 3154 1545 3238 μου(

239 3241 390 3335 εόλόγως
418 3273 470 3330 τις
496 3243 712 3338 ἀπολήψεται
739 3252 813 3318 τῶν
838 3246 883 3338 μὴ
909 3244 1155 3334 ἀκριβούντων,
1183 3254 1217 3320 τί
1240 3247 1282 3321 τὸ
1306 3245 1457 3338 βούλημα
1483 3251 1545 3336 τῆς

238 3342 459 3468 προστάξεως
474 3353 538 3418 τοῦ
554 3353 718 3436 σωτῆρος,
741 3351 907 3430 ἐναντίως
919 3355 1093 3436 γεγονέναι
1115 3344 1205 3432 οίς“
1186 3346 1334 3436 οκόριος
1355 3343 1453 3437 ἡμῶν
1469 3351 1544 3433 περὶ

240 3440 335 3534 εὐχῆς
356 3449 494 3531 ἐδίδαξε.
528 3445 616 3520 πότε
637 3451 676 3518 δέ
695 3474 747 3530 τις
770 3443 943 3534 νενόμικεν
965 3450 1083 3520 είναιέ
1069 3453 1133 3535 ἐξω
1156 3453 1387 3536 πειρασμῶν
1410 3442 1544 3536 ἀνθρῶ·

188 3554 222 3610 30
237 3572 334 3628 πους,
358 3535 409 3616 ῶν
436 3539 509 3630 ᾔδει
536 3543 600 3617 τόν
626 3543 730 3635 λόγον
756 3548 1072 3671 συμπεπληρωκοός,·
1096 3557 1151 3619 καὶ
1176 3567 1275 3632 ποῖος
1299 3545 1416 3636 καιρός
1441 3551 1543 3628 ἐστιν,

238 3634 325 3714 ἐν
298 3671 327 3733 φ
352 3640 401 3727 ῶς
426 3642 471 3734 μὴ
500 3640 749 3735 ἀγωνιζόμενος
775 3654 852 3734 περὶ
883 3653 947 3718 τοῦ
976 3647 1021 3738 μὴ
1051 3645 1301 3738 ἁμαρτήσεσθαι
1326 3641 1543 3769 καταπεφρό·

239 3768 334 3833 νηκε;
355 3749 494 3814 πένεταί
516 3771 584 3830 τις;
605 3741 822 3832 εόλαβείσθω,
844 3743 889 3836 μή
903 3775 989 3818 ποτε
1003 3744 1171 3835 κλέψας’
1152 3744 1295 3838 ομόση,
1298 3746 1340 3820 τὸ
1356 3741 1464 3834 όνομα
1479 3749 1543 3817 τοί

238 3847 344 3913 θεοῦ“
351 3869 357 3883 ·
386 3838 473 3914 ἀλλά
502 3853 659 3929 πλουτεῖ;
693 3843 739 3936 μὴ
773 3855 1048 3936 καταφρονείτω·
1088 3845 1235 3918 δύναται
1262 3847 1324 3938 γὰρ
1358 3853 1543 3936 ,πλησθεὶς

326 4063 341 4118 2
366 4063 438 4117 Ρεεί.
457 4065 503 4130 33,
521 4065 563 4121 20.
583 4095 616 4104 -
639 4064 658 4120 8
680 4067 740 4120 Aah
759 4067 804 4132 14,
823 4066 864 4121 22.
887 4095 920 4105 -
945 4066 981 4122 11
1006 4064 1070 4137 Vgl.
1088 4067 1188 4123 Matth.
1206 4069 1234 4134 6,
1253 4069 1294 4122 13.
1325 4067 1390 4122 Luk.
1410 4069 1450 4130 11,
1465 4069 1492 4122 4.
1508 4093 1543 4105 -

239 4146 279 4203 13
301 4147 327 4200 11
344 4147 410 4202 Kor.
429 4151 469 4212 11,
488 4149 529 4204 23.
550 4179 581 4190 -
604 4149 641 4206 16
665 4149 728 4219 vgl.
746 4151 772 4204 11
790 4149 854 4204 Kor.
873 4153 914 4214 11,
932 4153 973 4206 24.
991 4154 1032 4208 25.
1054 4181 1089 4193 -
1115 4153 1151 4209 17
1179 4151 1239 4220 vgl.
1258 4153 1283 4206 11
1301 4151 1365 4206 Kor.
1381 4153 1408 4215 4,
1424 4151 1449 4206 8.
1467 4151 1491 4206 9.
1509 4179 1543 4189 -

239 4231 278 4288 19
300 4232 314 4286 1
331 4231 396 4286 Kor.
414 4235 439 4300 4,
457 4234 566 4288 11—13.
584 4263 617 4273 —
635 4233 674 4291 25
698 4235 769 4290 psal.
786 4237 828 4305 25,
846 4239 870 4292 2.
889 4267 922 4277 -
940 4237 979 4292 32
997 4236 1059 4306 Vgl.
1077 4237 1158 4292 Prov.
1176 4237 1216 4302 24,
1234 4239 1268 4292 32
1284 4238 1336 4306 (30,
1353 4236 1388 4302 9).

326 4415 365 4470 13
382 4412 416 4471 ἐν
432 4419 555 4487 πληγαῖς
571 4417 788 4490 περισσοτέρως
805 4415 836 4475 ἐν
853 4422 994 4488 φυλακαῖς
1011 4411 1255 4493 ὓπερβαλλόντως]
1272 4417 1305 4476 ἐν
1320 4422 1442 4491 πληγαῖς
1459 4411 1543 4490 ὕπερ·

237 4493 417 4566 βαλλόντως,
439 4499 472 4556 ἐν
494 4505 636 4572 φυλακαῖς
657 4503 873 4575 περισσοτέρως
890 4503 1115 4574 Angl.(beil)01.
1132 4507 1145 4560 Ι
1160 4507 1240 4574 9261»)
1258 4507 1330 4560 nach
1347 4505 1488 4576 origenes,
1510 4503 1542 4556 In

237 4579 337 4637 Jerem.
356 4584 428 4639 hom.
441 4585 503 4640 XIV
522 4590 555 4642 14
572 4589 647 4656 (tom.
664 4588 715 4641 XV
734 4606 757 4659 p.
770 4589 821 4644 272
838 4588 881 4644 ed.
893 4588 1007 4656 Lomm.)
1025 4589 1171 4659 unrichtig‚
1189 4589 1226 4644 δε.
1241 4589 1302 4644 hier
1319 4591 1384 4646 004
1401 4589 1473 4645 soor.
1491 4587 1543 4642 mit

237 4663 499 4724 'Puberoinstimmt
522 4671 582 4740 113
599 4669 757 4745 ίραβδίσθη
774 4674 876 4744 Ausgg.
894 4669 1051 4747 ἐραβδισθη
1069 4673 1117 4744 [so]
1135 4675 1165 4728 T.
