3780 5532
626 518 726 572 MA
749 516 911 571 ΚΕΔΣΟΥ
935 517 1010 574 IIII
1034 519 1057 572 7.
1075 517 1099 572 S.
1117 518 1141 574 9.
1487 525 1548 587 227

248 675 296 763 ῶς
333 676 431 750 αύτοὶ
461 675 530 750 ἀπὸ
565 685 625 769 τῆς
655 677 740 768 πρὸς
773 676 844 750 τὸν
878 677 976 750 θεὸν
1008 686 1192 768 θεραπείας
1226 677 1460 771 ὠφελούμενοι
1493 689 1547 752 καί

248 774 371 850 ἄλυποι
398 787 454 850 καί
475 775 620 862 ἀπαθεῖς
641 775 812 869 γινόμενοι
833 783 869 850 ἐκ
891 783 954 849 τοῦ
980 775 1189 850 δουλεύειν
1211 787 1266 870 τῷ
1288 785 1343 852 ίπί
1364 786 1445 852 πᾶσι
1466 787 1548 871 θεῷ

247 877 302 950 διά
325 883 389 950 τοῦ
410 881 616 967 μονογενοῦς
637 875 743 950 αύτοῦ
766 874 871 968 λόγου
891 884 947 948 καί
969 884 1097 964 σοφίας.

329 989 1027 1083 1Χ.]“οραὲδὲπωςαβασανιοτονίστιτο
1049 999 1083 1064 εί
1104 991 1176 1084 γάρ
1198 1023 1236 1066 τι
1256 1003 1322 1067 καί
1344 991 1443 1068 ἀλλο
1465 1004 1549 1068 τῶν
1571 1015 1620 1069 749

213 1110 229 1164 5
248 1098 289 1166 έν
310 1114 396 1178 τοις
419 1088 528 1177 όλοις
549 1093 824 1216 θεραπεύσεις,
851 1084 937 1164 έν
910 1123 939 1183 ῳ
962 1095 1219 1182 ἐμφαίνεται
1181 1123 1256 1186 την
1273 1103 1346 1168 τοῦ
1373 1097 1472 1186 θεοῦ
1493 1108 1549 1168 θε-

248 1201 406 1314 ραπείαν.
422 1201 526 1284 χωρὶς
560 1191 668 1284 πάσης
702 1191 848 1317 βλάβης
882 1188 978 1282 ἡμῶν
1013 1189 1098 1282 ἡμᾶς
1131 1192 1313 1322 προσάγειν
1341 1191 1551 1282 ἀπαξαπλῶς

249 1323 330 1368 τινι
357 1301 431 1366 τῶν
457 1299 529 1366 τοῦ
548 1301 656 1365 θεοῦ.
699 1290 773 1366 ἀλλ’
796 1291 941 1380 ῶσπερεὶ
963 1296 1172 1384 αίσθηθείς
1160 1301 1282 1366 εαυτοῦ
1304 1291 1364 1384 ούγ
1385 1293 1488 1384 ύγιῶς
1510 1299 1551 1366 εί-

248 1391 391 1478 πόντος·
421 1398 454 1464 εί
482 1390 555 1483 γάρ
584 1422 623 1464 τι
651 1403 715 1464 καί
741 1390 837 1464 άλλο
866 1398 947 1462 τῶν
970 1397 1012 1464 ἐν
1034 1413 1120 1478 τοις
1143 1388 1255 1477 όλοις
1276 1393 1551 1483 θεραπεύσεις,

166 1517 232 1572 ιυθί
250 1490 308 1566 εἶτ’
330 1489 606 1582 ἐΙπαναλομβάνει
633 1501 688 1563 καὶ
715 1488 902 1582 διόρθωσιν
920 1489 1083 1582 προσάγει
1102 1500 1155 1584 τῶ
1174 1500 1343 1586 λεγομένῳ
1366 1501 1402 1568 έν
1425 1493 1553 1586 τούτῳ·

201 1613 232 1669 10
250 1590 334 1667 οὔδ’
357 1595 486 1678 ἔξεστι
517 1598 710 1680 τιμᾶσθαι
741 1589 888 1677 ούδενὶ,
921 1586 1001 1682 ὅτῳ
1028 1591 1078 1682 μὴ
1105 1597 1144 1680 ἐξ
1170 1597 1327 1664 ἐκείνου
1348 1601 1471 1667 τοῦτο
1494 1600 1552 1664 δέ·

250 1700 373 1765 δοται.
408 1699 464 1762 καὶ
486 1691 679 1780 πυθῶμεθα
701 1698 764 1763 τοῦ
779 1699 911 1764 Κέλσου
931 1699 1008 1781 περὶ
1023 1700 1097 1765 τῶν
1118 1698 1354 1782 τιμωμένων
1375 1691 1423 1778 ῶς
1444 1702 1553 1766 θεῶν

250 1789 269 1884 ί]
292 1789 496 1884 δαιμόνων
518 1784 538 1881 ί]
559 1798 616 1861 καί
637 1787 782 1882 ἡρώων
805 1785 859 1862 ότι
880 1787 1001 1876 πόθεν,
1026 1784 1054 1862 ῶ
1078 1783 1190 1876 οὗτος,
1213 1789 1452 1865 ἀποδεικνύναι
1470 1795 1553 1882 ἔχεις

251 1890 305 1966 ότι
339 1889 406 1964 ἀπὸ
438 1895 509 1962 τοῦ
539 1896 637 1961 θεοῦ
667 1888 805 1974 τούτοις
835 1895 996 1962 δέδοται
1025 1890 1066 1963 τό
1093 1897 1286 1982 τιμᾶσθαι
1312 1897 1366 1962 καὶ
1389 1889 1462 1982 ούχὶ
1483 1889 1552 1964 ἀπὸ

250 1989 387 2081 ἀγνοίας
415 1999 471 2061 καὶ
501 1983 646 2078 ἀμαθίας
678 1986 902 2080 ἀνθρωπίνης
931 1996 1169 2081 πλανωμένων
1198 1997 1253 2060 καὶ
1280 1987 1554 2064 άποπιπτόντων

199 2119 232 2172 15
250 2123 313 2165 του
298 2098 457 2181 κυρίως
484 2095 726 2178 τιμωμένου,
753 2095 918 2178 τιμᾶται
945 2096 1037 2218 γοῦν,
1060 2087 1108 2174 ῶς
1130 2088 1197 2181 πρό
1219 2097 1360 2212 βραγέρς
1382 2095 1499 2214 ἔλεγες,
1523 2083 1552 2161 ῶ

251 2189 445 2277 Κέλσε,τά
466 2186 674 2310 Ἀδριανοῦ
699 2187 876 2273 παιδικά,
906 2197 962 2260 καὶ
990 2187 1031 2261 ού
1058 2187 1098 2279 δη
1120 2219 1189 2262 που
1209 2185 1335 2279 έρεῑς
1316 2220 1370 2263 οτι
1392 2220 1459 2262 απο
1482 2219 1554 2262 του

249 2299 347 2364 θεοῦ
368 2298 442 2362 τῶν
465 2283 572 2362 όλων
595 2293 755 2360 δέδοται
778 2289 818 2360 τό
841 2295 1034 2379 τιμᾶσθαι
1056 2287 1104 2373 ῶς
1125 2295 1210 2380 θεῷ
1232 2296 1284 2380 τῶ
1307 2286 1479 2380 Ἀντινόῳ
1512 2291 1553 2364 τὸ

250 2388 282 2465 δ’
306 2390 391 2464 αύτὸ
424 2397 479 2461 καὶ
509 2395 585 2477 περὶ
616 2396 689 2460 τῶν
720 2382 838 2458 άλλων
859 2385 1057 2478 έροῦμεν,’
1036 2395 1261 2473 απαιτοῦντες
1284 2385 1456 2476 ἀπόδειξιν
1476 2398 1554 2479 περὶ

250 2521 313 2564 του
297 2487 524 2563 δεδόσθαι
545 2485 660 2571 αύτοῑς
683 2483 750 2558 ἀπό
773 2517 846 2559 του
831 2493 921 2560 ἐπὶ
943 2494 1024 2559 πᾶσι
1046 2495 1143 2560 θεοῦ
1165 2489 1206 2561 τό
1229 2495 1429 2576 τιμᾶσθαι.

199 2610 232 2665 20
333 2589 393 2662 ἐὰν
421 2586 455 2659 δ’
477 2586 556 2680 ἡμῖν
585 2585 811 2676 ἀνθυποφέρη
834 2587 875 2660 τό
897 2585 1134 2710 παραπλήσιον
1154 2595 1230 2678 περὶ
1252 2595 1316 2660 τοῦ
1336 2585 1450 2680 Ἰησοῦ,
1472 2587 1553 2662 ἀπο·
1596 2621 1599 2628 “

250 2687 445 2780 δείξομεν’
426 2683 480 2760 ότι
509 2685 578 2761 ἀπό
608 2693 706 2758 θεοῦ
728 2692 887 2758 δέδοται
909 2684 1004 2778 αύτῷ
1027 2688 1068 2760 τὸ
1091 2694 1335 2777 τιμάσθαι·,
1338 2693 1405 2774 ,ἱνα
1426 2688 1553 2774 πάντες

251 2797 396 2880 τιμῶσι
418 2787 482 2860 τόν
503 2789 588 2872 υίὸν,
610 2788 729 2870 καθῶς
751 2793 894 2877 τιμῶσι
916 2786 979 2858 τόν
1002 2793 1161 2875 πατέρα“
1197 2793 1230 2860 αἱ
1244 2788 1313 2908 γάρ
1335 2789 1412 2879 πρό
1426 2820 1486 2880 της
1503 2819 1552 2880 γε

249 2896 373 2973 νέσεως
401 2885 509 2960 αύτοῦ
543 2903 750 2976 προφητεῖαι
780 2883 950 2968 συστάσεις
979 2877 1065 2974 ἦσαν
1093 2892 1155 2976 τῆς
1182 2894 1279 2976 τιμῆς
1310 2885 1422 2960 αύτοῦ.
1466 2887 1552 2961 ἀλλά

249 2997 304 3060 καί
339 2989 382 3061 τά
413 2983 469 3059 ὑπ’
498 2983 605 3058 αύτοῦ
634 2982 797 3075 γενόμενα
829 2983 1004 3075 παράδοξα
1033 2982 1075 3057 ού
1104 2996 1333 3107 μαγγανεία,
1369 2987 1417 3072 ῶς
1446 2995 1552 3061 οἴεται

199 3106 232 3162 25
251 3097 392 3173 Κέλσος,
423 3084 509 3158 ἀλλὰ
537 3081 694 3175 θειότητι
722 3081 996 3174 προειρημένηι
975 3086 1043 3157 υπό
1072 3093 1146 3158 τῶν
1174 3095 1367 3178 προφητῶν
1394 3087 1458 3178 τὴν
1485 3085 1554 3161 άπό

249 3195 348 3260 θεοῦ
371 3189 435 3276 είχε
449 3190 648 3276 μαρτυρίαν
670 3179 712 3254 ἵν’
729 3179 747 3254 6
764 3192 914 3274 ,τιμῶν
937 3184 1000 3256 τόν
1014 3184 1111 3256 υίόνίί
1128 3180 1213 3258 όντα
1228 3183 1332 3276 λόγον
1345 3193 1447 3277 μηδὲν
1462 3184 1552 3260 άλο-

250 3317 322 3379 γον
357 3283 525 3376 πράττων
554 3281 729 3373 ῶφελῆται
757 3289 794 3355 ἐκ
816 3291 880 3355 τοῦ
909 3290 1027 3372 τιμᾶν
1056 3281 1173 3370 αύτὸν,
1202 3295 1259 3357 καὶ
1288 3293 1414 3375 τιμῶν
1446 3284 1554 3361 αύτὸν

252 3384 336 3462 ὄντα
365 3382 529 3476 ἀλήθειαν
560 3389 727 3474 κρείττων
756 3391 890 3472 γίνηται
919 3379 987 3454 ἀπὸ
1016 3390 1078 3456 τοῦ
1106 3391 1224 3474 τιμᾶν
1246 3382 1419 3476 ἀλήθειαν,
1442 3381 1554 3471 ούτως

334 3603 1553 3687 εωαωμπωεωωωωωῳωωωωωαω

250 3697 1554 3771 -ῳωααωωηωΜε-ωφαω-ωωῳαωηο

250 3782 1553 3853 τυωωεωτπῃωπωαυα-ωῳωααωετα-

250 3869 676 3942 ωφωωαοαω

337 4071 352 4126 l
376 4069 469 4124 hinter
486 4062 570 4124 αὐτοί
588 4076 620 4132 ÷
640 4057 691 4132 ῶς,
709 4059 732 4120 ὡ
750 4065 780 4120 in
797 4066 952 4134 Coneetur,
972 4067 1042 4121 doch
1060 4057 1100 4132 ὥς
1116 4069 1308 4139 αειοίιίτδρίίοίι
1327 4070 1528 4152 expungiertA
1549 4071 1552 4139 ]

250 4167 452 4244 θγιγνόμενοι
475 4171 606 4238 AAusgg.
631 4169 634 4236 Ι
659 4169 678 4223 S
705 4185 764 4237 οοφ
765 4167 818 4237 ας]
843 4185 926 4222 vaus
944 4187 963 4223 α
981 4186 1049 4223 corr.
1066 4171 1091 4223 A
1115 4171 1119 4239 ]
1146 4173 1160 4227 7
1184 4165 1363 4241 είπόντος]ε
1349 4152 1483 4237 εἰπόντος
1507 4171 1554 4242 [so]

250 4262 287 4314 Δί
303 4261 307 4327 l
323 4259 340 4314 8
357 4276 384 4312 τι
402 4255 573 4324 iibergeschr.
592 4255 631 4306 Δ1
647 4255 651 4320 Ι
666 4247 856 4324 θεραπεύσεις
872 4252 918 4307 Jol
930 4254 977 4308 Bo
996 4253 1137 4326 (Notaep
1154 4257 1214 4323 405)
1234 4255 1300 4318 Del„
1319 4256 1374 4325 vgl.
1392 4257 1507 4312 obenZ
1526 4260 1554 4319 5,

249 4336 420 4414 θεραπεύεις
437 4339 522 4394 ΑΗδ.
532 4340 575 4410 Sp.
591 4339 595 4406 Ι
619 4338 638 4392 θ
662 4332 693 4392 έν
709 4326 849 4409 τοῦτῳ]“
831 4355 877 4392 οτι
894 4337 958 4392 liant
974 4339 1022 4393 Bo.
1041 4339 1181 4409 (Notaep.
1198 4341 1267 4408 405),
1286 4340 1341 4408 vgl.
1359 4341 1430 4395 oben
1449 4341 1555 4408 VIII2,

250 4427 275 4484 S.
294 4427 388 4483 2222.
407 4428 440 4481 18
462 4426 467 4494 ]
493 4425 532 4480 10
555 4416 655 4490 οὐδενί]
675 4422 685 4475 ί
703 4423 780 4474 ausi
802 4438 870 4475 corr.
888 4425 913 4476 A
937 4427 940 4487 Ι
966 4423 1005 4478 14
1028 4419 1219 4493 ἀνθρωπίνης]
1243 4419 1409 4493 ἀνθρώπων
1426 4426 1489 4481 lieet
1506 4429 1554 4482 Bo.

251 4512 349 4580 (Notae
360 4529 388 4581 p.
399 4512 460 4578 405)
478 4509 550 4563 ohne
563 4506 658 4561 Grund
673 4509 677 4574 1
692 4506 730 4561 20
747 4499 949 4579 ἀνθυποφέρη]
968 4501 1045 4562 ἀνθ’ι
1034 4507 1128 4577 νποφέ
1129 4527 1173 4581 ρη,
1193 4509 1241 4563 das
1260 4527 1276 4562 ν
1294 4510 1345 4564 mit
1358 4511 1457 4580 spitzer
1468 4511 1555 4566 Feder

250 4597 452 4666 hineingeschr.
470 4612 495 4648 u.
514 4613 531 4662 η
548 4591 577 4646 in
595 4591 744 4657 correctur,
762 4594 787 4645 A
802 4592 805 4659 Ι
822 4591 861 4647 28
884 4593 1030 4664 κρείττων]
1050 4595 1098 4647 das
1116 4613 1132 4646 ν
1150 4593 1202 4648 mit
1218 4593 1318 4665 spitzer
1335 4593 1420 4649 Feder
1437 4597 1553 4666 nachgo-

250 4684 349 4750 tragen
366 4681 389 4734 A
405 4682 410 4751 Ι
425 4672 517 4741 οὕτως
534 4678 558 4729 Α
577 4668 653 4730 οότω
671 4679 772 4745 Ausgg.

1290 4765 1341 4820 15*
