3780 5532
373 490 430 551 188
909 481 1134 534 sszfflvoyz

369 640 432 715 ούκ
462 649 498 716 ἐν
524 639 793 731 ἀνακεχωρηκόσι
819 649 873 712 καὶ
901 639 1228 731 ἀναγινωσκομένοις
1249 639 1316 712 ἀπὸ
1339 635 1465 730 ὀλίγων
1486 638 1596 730 μόνον
1618 649 1675 712 καὶ

370 751 576 830 φιλομαθῶν
607 739 680 812 ἀλλ’
702 747 739 812 ἐν
765 761 838 824 τοῖς
868 747 1133 830 δημωδεστέροις
1158 747 1344 829 γέγραπται
1371 734 1425 812 ότι
1453 741 1516 824 ,τά
1544 739 1675 830 ἀόρατα

371 847 441 911 τοῦ
462 848 560 912 θεοῦ
582 838 649 911 ἀπὸ
671 846 810 922 κτίσεως
831 837 959 927 κόσμου
979 859 1052 922 τοῖς
1073 837 1235 929 ποιήμασι
1257 838 1424 928 νοούμενα
1442 847 1675 930 καθορᾶται“·

369 937 409 1011 δι’
442 933 493 1010 ῶν
524 945 614 1011 ἐστιν
644 945 765 1012 εἰδέναι
798 935 852 1012 ὅτι
882 946 910 1010 εἰ
939 949 994 1010 καὶ
1023 939 1104 1021 τούς
1129 943 1166 1010 ἐν
1192 947 1255 1029 βίῳ
1282 935 1493 1028 ἀνθρώπους
1518 940 1582 1029 χρὴ
1605 934 1674 1011 ἀπὸ

334 1053 350 1104 5
369 1038 595 1129 αἰσθήσεωῦ
620 1035 785 1128 ἄρξασθαι
806 1047 861 1110 καὶ
883 1047 957 1110 τῶν
979 1043 1163 1126 αἰσθητῶν,
1189 1043 1377 1127 μέλλοντας
1403 1035 1599 1124 ἀναβαίνειν
1620 1045 1673 1110 ἐπί

368 1137 433 1228 τὴν
458 1146 532 1209 τῶν
557 1147 695 1228 νοητῶν
721 1137 831 1225 φύσιν,
858 1135 931 1210 ἀλλ’
955 1135 1033 1210 οῦτι
1059 1165 1095 1225 γε
1120 1141 1157 1207 ἐν
1179 1143 1356 1226 αἰσθητοῖς
1377 1145 1578 1226 καταμένειν
1599 1137 1674 1229 χρή·

368 1235 450 1309 οῦτε
470 1245 593 1327 χωρίς
615 1236 839 1327 αἰσθήσεως
861 1233 1208 1326 ἐροῦσινάἀύνατον
1229 1239 1314 1307 εἰναι
1336 1247 1482 1324 μαθεῖν
1498 1239 1541 1309 τά
1557 1239 1674 1328 νοητὰ,

367 1338 533 1426 χρώμενοι
555 1343 590 1408 δὲ
613 1344 664 1426 τῶ
693 1344 754 1419 τίς
778 1347 896 1428 χωρὶς
922 1334 1145 1425 αἰσθήσεως
1170 1345 1315 1424 μαθεῖν
1342 1334 1514 1420 δυνατός
1543 1343 1674 1422 ἐστιν;

367 1443 555 1525 ἐλέγξουσιν
577 1435 639 1509 οῦκ
661 1433 809 1526 εὐλόγως
831 1436 946 1526 τούτῳ
969 1434 1036 1507 ἀπὸ
1059 1441 1122 1506 τοῦ
1145 1439 1274 1506 Κέλσου
1295 1439 1514 1524 ἐπιφέρεσθαι
1537 1435 1576 1508 τό
1599 1436 1672 1509 οῦκ

316 1550 351 1604 10
368 1531 590 1623 ἀνθρώπου
610 1544 680 1627 μὲν
702 1535 792 1608 οὐδὲ
815 1543 939 1626 ψυχῆς
961 1533 1059 1607 ἀλλά
1082 1534 1152 1623 γὰρ
1175 1535 1323 1624 σαρκὸς
1346 1534 1468 1626 φωνή.

449 1640 622 1706 XXXVIII.
664 1645 772 1708 Νοῦν
802 1645 919 1707 τοίνυν
951 1632 969 1725 ἢ
998 1640 1152 1707 ἐπέκεινα
1182 1641 1251 1704 νοῦ
1283 1643 1337 1706 καὶ
1369 1632 1484 1719 ούσίας
1515 1644 1671 1723 λέγοντες

368 1737 452 1806 εἰναι
479 1731 612 1806 ἀπλσῦι·
639 1745 691 1808 καί
715 1733 865 1824 ἀόρατον
885 1744 939 1806 καὶ
961 1733 1143 1824 ἀσώματον
1173 1733 1244 1806 τόν
1267 1743 1340 1806 τῶν
1361 1729 1454 1807 όλων
1476 1735 1584 1808 θεὸν,
1607 1734 1670 1808 οῦκ

368 1829 409 1905 ἀν
438 1829 533 1925 ἀλλην
564 1843 630 1907 τινί
663 1831 683 1922 ίΙ
716 1842 767 1925 τῶ
798 1835 885 1907 κατὰ
914 1835 978 1924 τὴν
1007 1841 1138 1906 ἐκείνου
1169 1841 1232 1906 τοῦ
1259 1843 1329 1907 νοῦ
1355 1831 1469 1906 εἰκόνα
1497 1843 1668 1926 γενομένῳ

368 1932 518 2025 φήσομεν
540 1933 917 2024 καταλαμβάνεσθαι
940 1935 1011 2006 τὸν
1033 1931 1141 2004 θεόν·
1170 1942 1232 2006 νῦν
1253 1942 1322 2024 μὲν,
1346 1936 1401 2006 ἰνα
1423 1942 1466 2022 τῇ
1489 1943 1574 2021 λέξει
1594 1934 1669 2025 χρή-

315 2053 346 2104 15
367 2058 474 2124 σωμαι
497 2041 558 2106 τοῦ
577 2034 723 2118 Παύλου,
746 2033 808 2118 ,δι’
829 2031 997 2120 ἐσόπτρου
1020 2041 1075 2102 καὶ
1099 2037 1165 2120 <ἒν>
1187 2039 1357 2123 αἰνίγματι
1379 2033 1459 2106 τότε
1481 2040 1517 2104 δὲ
1538 2032 1670 2124 πρόσω-

367 2161 435 2204 πον
461 2131 546 2221 πρὸς
572 2133 789 2224 πρόσωπονέ(
825 2135 1049 2221 ,,πρόσωπον“
1078 2139 1113 2203 δὲ
1143 2134 1201 2204 ἐὰν
1223 2141 1318 2221 λέγω,
1345 2133 1389 2223 μὴ
1412 2143 1670 2220 συκοφαντείτω

369 2262 419 2314 τις
450 2235 503 2304 διὰ
535 2234 599 2324 τὴν
629 2241 718 2320 λέξιν
745 2231 807 2304 τὸν
833 2231 1039 2322 δηλούμενον
1067 2239 1164 2302 νοῦν
1189 2230 1515 2321 ύπ’1αάτῆς.ἀλλά
1541 2244 1670 2322 μανθα-
1693 2251 1742 2304 721

368 2339 457 2402 νέτω
481 2338 511 2418 (ἐ
556 2340 623 2422 τῷ)
647 2330 968 2420 ,ἀνακεκαλυμμένῳ
991 2333 1166 2420 προσώπῳ
1192 2331 1254 2420 τὴν
1277 2331 1380 2416 δόξαν
1400 2339 1518 2418 κυρίου
1539 2363 1670 2405 κατοπ-

368 2431 556 2518 τριζόμενοι
587 2441 641 2503 καὶ
676 2432 739 2521 τὴν
767 2429 874 2521 αὐτὴν
903 2430 1017 2502 εἰκόνα
1046 2430 1361 2518 μεταμορφούμενοι
1391 2429 1459 2502 ἀπὸ
1494 2433 1593 2521 δόξης
1626 2440 1671 2504 εἰς

313 2545 350 2601 20
368 2529 488 2615 δόξαν·
514 2528 556 2602 ού
576 2529 765 2618 πρόσωπον
787 2529 953 2620 αἰσθητόν
975 2536 1011 2601 ἐν
1035 2549 1105 2610 τοῖς
1128 2529 1297 2611 τοιούτοις
1318 2534 1671 2621 παραλαμβανόμενον

368 2625 453 2700 ἀλλὰ
479 2631 565 2700 κατὰ
593 2638 822 2718 τροπολογίαν
843 2629 1029 2718 νοούμενον
1058 2628 1105 2708 ῶς
1131 2637 1185 2698 καὶ
1217 2625 1454 2716 ὀφθαλμούς
1485 2641 1538 2700 καί
1571 2625 1670 2704 ῶτα,

368 2737 422 2798 καί
453 2724 515 2800 ὅσα
540 2735 576 2800 ἐν
603 2749 675 2812 τοῖς
701 2727 864 2818 ἀνωτέρω
892 2726 1053 2817 ὁμώνυμα
1081 2748 1152 2810 τοῖς
1179 2735 1242 2800 τοῦ
1270 2729 1428 2817 σώματος
1454 2738 1565 2816 μέλεσι
1588 2759 1669 2816 παρ-

436 2826 445 2849 ι

368 2853 558 2918 εστησαμεν.

451 2937 504 2999 καὶ
532 2925 750 3018 ἄνθρωπος
779 2937 840 3014 μὲν
865 2921 937 3014 σῦν,
966 2935 1121 3000 τουτέστι
1144 2928 1244 3018 ψυχὴ
1265 2933 1420 3018 χρωμένη
1443 2928 1590 3014 σώματι.
1619 2939 1668 2998 λε-

319 3049 353 3104 25
369 3035 492 3117 γομένη
517 3024 555 3114 ,ό
577 3032 642 3099 ἔσω
666 3026 902 3116 ἄνθρωπος’·
926 3025 1080 3099 ἀλλὰκαὶ
1105 3028 1255 3118 ,,φυχὴ,“
1276 3025 1495 3117 ἀποκρίνεται
1511 3025 1570 3117 οῦχ
1587 3023 1670 3114 ἀπερ

370 3133 497 3210 Κέλσος
523 3125 721 3220 ἀνέγραψεν,
751 3125 824 3200 ἀλλ’
848 3124 932 3214 ἅπερ
959 3125 1061 3210 αύτὸς
1084 3126 1227 3200 διδάσκει
1250 3125 1268 3201 ὁ
1296 3135 1367 3199 τοῦ
1393 3135 1489 3200 θεοῦ
1516 3124 1669 3214 ἀνθρω·

367 3257 448 3311 πος.
495 3229 644 3315 σαρκὸς
679 3236 714 3300 δέ
746 3237 861 3316 φωνῇ
897 3225 959 3300 οῦκ
989 3223 1030 3298 ἀν
1058 3229 1299 3318 Χριστιανὸς
1333 3227 1510 3318 χρήσαιτο,
1547 3230 1672 3317 μαθών

367 3328 552 3418 ,πνεύματι
579 3329 641 3411 τὰς
667 3326 802 3416 πράξεις
828 3335 891 3399 τοῦ
917 3328 1093 3414 σώματοςκ
1120 3336 1297 3400 θανατοῦν
1323 3336 1379 3398 καί
1407 3325 1577 3412 ,πάντοτε
1607 3327 1671 3417 τὴν

368 3435 531 3516 νέκρωσιν
562 3437 624 3500 τοῦ
647 3425 750 3518 Ἰησοῦ
779 3433 815 3498 ἐν
842 3436 892 3518 τῷ
920 3428 1070 3516 σώματι(
1092 3435 1283 3516 περιφέρειν
1309 3435 1364 3500 καὶ
1393 3428 1604 3516 ,νεκρώσιιτε
1629 3427 1671 3498 τά

315 3542 350 3596 30
366 3535 448 3618 μέλη
475 3528 518 3600 τὰ
545 3533 600 3600 ἐπὶ
629 3536 690 3618 τῆς
716 3535 810 3618 γῆς,“
832 3536 887 3598 καὶ
915 3530 1012 3610 εἰδώς
1037 3535 1071 3598 τί
1093 3535 1253 3617 δηλοῦται
1276 3533 1313 3599 ἐκ
1334 3534 1397 3599 τοῦ
1419 3523 1481 3614 ,ού
1502 3526 1546 3616 μὴ
1568 3556 1670 3598 κατα-

367 3637 461 3719 μείνῃ
483 3628 524 3700 τὸ
546 3627 677 3716 πνεῦμά
698 3657 763 3717 μου
784 3633 821 3698 ἐν
842 3647 914 3710 τοῖς
934 3624 1168 3716 ἀνθρώποις
1191 3627 1326 3711 τούτοις
1348 3633 1394 3710 εἰς
1412 3625 1475 3698 τόν
1493 3630 1600 3698 αἰῶνα
1616 3627 1671 3698 διὰ

369 3727 408 3800 τὸ
432 3731 515 3799 εἰναι
537 3725 660 3812 αύτούς
682 3726 862 3816 σάρκας,“
885 3725 1104 3816 ἐπιστάμενσς
1127 3734 1238 3798 δὲκαὶ
1261 3721 1315 3799 ότι
1345 3732 1396 3808 ,σί
1418 3732 1455 3798 ἐν
1477 3733 1592 3816 σαρκὶ
1616 3725 1672 3800 όν-

452 3899 470 3954 2
494 3899 570 3954 Rbm.
590 3902 612 3960 1,
631 3900 672 3954 20.
696 3930 727 3938 -
753 3899 790 3954 15
814 3899 826 3952 Ι
846 3899 907 3951 Κοτ.
928 3899 971 3960 13,
992 3899 1031 3951 12.
1050 3927 1082 3937 -
1106 3898 1143 3954 18
1167 3899 1191 3950 II
1210 3899 1273 3952 Kor.
1291 3901 1319 3960 3,
1339 3900 1378 3952 18.
1401 3929 1433 3937 -
1456 3897 1494 3952 21
1519 3897 1582 3967 Vgl.
1601 3899 1670 3952 oben

368 3983 420 4037 VII
439 3985 472 4036 34
491 3983 538 4051 (VI
556 3985 597 4038 61.
615 3986 668 4041 621.
686 4013 718 4022 -
736 3983 776 4038 25
796 3983 858 4052 Vgl.
877 3983 953 4036 fflsm.
973 3986 995 4046 7,
1014 3985 1054 4036 ¹29.
1078 3985 1102 4036 II
1117 3983 1216 4043 Kor.4,
1231 3987 1270 4038 16.
1294 3982 1672 4052 Ephes.3,16.-vgl.Act..

368 4070 391 4128 3.
410 4070 443 4123 23
462 4069 494 4130 (2,
512 4069 564 4136 43).
591 4067 668 4121 Ιίὅοι.
689 4071 770 4128 13,1.
798 4099 831 4107 —
858 4068 897 4122 26
921 4067 981 4134 Vgl.
1001 4069 1025 4121 II
1042 4067 1109 4120 Tim.
1129 4071 1156 4127 3.
1178 4070 1215 4120 17.
1239 4099 1271 4106 -
1294 4069 1333 4124 28
1356 4068 1418 4135 Vgl.
1436 4067 1513 4121 luam.
1531 4069 1560 4126 8.
1582 4070 1620 4122 13.
1640 4099 1671 4106 —

369 4153 430 4220 vgl.
449 4154 474 4205 II
495 4151 555 4206 Kor.
572 4155 601 4211 4,
621 4155 660 4207 10.
680 4183 711 4190 -
732 4153 771 4206 29
790 4153 851 4205 KoI.
869 4155 898 4216 3,
916 4155 939 4206 5.
958 4183 990 4191 -
1009 4153 1049 4207 θθ
1067 4152 1133 4206 Gen.
1152 4155 1175 4218 θ,
1194 4155 1218 4206 3,
1238 4183 1269 4190 -
1289 4153 1326 4207 82
1345 4151 1423 4206 Ιίσω.
1441 4155 1465 4214 8,
1483 4154 1508 4206 8.

454 4303 469 4357 1
490 4297 756 4372 ένανακεγωρηκόσι
774 4305 798 4356 Δ
814 4304 850 4371 14
868 4299 945 4359 ἐστίν
964 4307 988 4356 Α
1003 4305 1007 4370 Ι
1024 4297 1081 4357 ἀπὸ
1100 4304 1149 4357 fio.
1162 4321 1207 4356 am
1227 4303 1311 4365 fland,
1332 4303 1375 4372 Sp.
1385 4301 1443 4354 Del.
1461 4302 1498 4354 im
1517 4303 1597 4364 Text3
1616 4297 1670 4356 ῦπό

369 4391 393 4440 Α
413 4389 416 4453 Ι
436 4389 455 4442 θ
478 4383 650 4456 ἐλέγξουσιν]
674 4407 691 4455 γ
713 4389 884 4456 θυεεςειτίπ.
902 4393 939 4442 A¹
964 4393 967 4456 Ι
991 4381 1084 4462 τούτῳ
1102 4389 1225 4441 εοίπείίιε
1245 4387 1289 4440 ich
1308 4386 1359 4440 mit
1376 4389 1423 4440 Bo.
1442 4386 1539 4452 (Notae
1558 4406 1581 4456 p.
1603 4389 1673 4452 402),

368 4475 456 4527 τοῐτσ
475 4473 605 4540 AAusgg.
627 4475 630 4539 Ι
652 4473 689 4528 15
715 4468 772 4540 (ἐν)
792 4471 937 4542 αἰνίγματι
955 4474 1078 4527 schreibe
1095 4473 1147 4536 ich,
1167 4473 1220 4540 vgl.
1239 4475 1324 4526 unten
1343 4471 1452 4534 v1150.
1471 4471 1495 4526 S.
1514 4474 1562 4526 ‘201
1582 4472 1608 4525 Z.
1628 4477 1671 4533 1υ’;

370 4554 536 4626 αἰνίγματος
554 4557 640 4610 PDel.
660 4555 802 4626 αἰνίγματι
823 4558 949 4627 ΑΗδ.8μ.
966 4561 970 4624 Ι
989 4558 1024 4612 18
1049 4555 1096 4626 (ἐν
1113 4557 1169 4629 τῷ)
1193 4559 1258 4626 fuge
1276 4558 1321 4610 ich
1340 4557 1390 4609 mit
1407 4556 1448 4608 M²
1466 4559 1520 4624 (am
1539 4557 1627 4617 fland)
1646 4575 1672 4612 u.

370 4640 422 4693 den
439 4645 541 4708 Ausgg.
559 4641 611 4702 ein,
631 4641 674 4694 die
688 4641 783 4695 Worbe
801 4642 922 4696 konnten
941 4644 999 4695 hier
1016 4643 1101 4696 leicht
1117 4641 1262 4695 ausfallen.
