3780 5532
605 500 705 554 ποτε
732 500 892 580 καιτοι
913 502 973 560 vn
995 499 1036 556 οε.
1054 500 1095 556 ω.
1114 500 1154 555 το.
1471 502 1532 566 219

224 667 327 731 νειιῦν
353 667 518 753 θεραπείᾳ
540 659 762 749 σχολάζοντες
787 669 1000 753 πεποίηνται.
1042 659 1095 734 διὸ
1117 665 1275 734 δέδοκται
1296 655 1375 750 ἡμῖν
1397 657 1532 747 φεύγειν

225 756 274 843 οός
303 755 452 848 ὄλεθρον
477 760 642 851 τὴντῶν
673 757 880 851 δαιμόνων
908 768 1106 850 θεραπείαν·
1134 756 1340 849 δαιμόνων
1371 765 1407 830 δέ
1432 769 1532 847 θερα·

225 865 325 932 πείαν
354 859 440 932 εἶναί
472 888 583 952 φαμεν
610 866 724 933 πᾶσαν
753 859 819 951 τὴν
848 867 1071 951 νομιζομένην
1096 855 1173 948 παρ’
1189 852 1324 950 Ἕλλησι
1345 857 1437 946 παρὰ
1458 867 1531 944 βω-

224 977 313 1049 μοῖς
334 967 397 1030 καὶ
418 956 617 1050 άγάλμασι
638 967 701 1032 καί
723 979 835 1044 ναοῖς
855 969 965 1034 θεῶν
987 965 1177 1050 θρησκείαν.

190 1098 207 1148 5
306 1081 399 1146 Lxx
433 1083 544 1148 ιίεῖται
565 1081 677 1146 δὲκαὶ
699 1081 745 1160 είς
766 1075 808 1150 τὸ
831 1083 1024 1148 τέτακται
1046 1082 1085 1146 δέ
1107 1072 1164 1164 ἐφ’
1189 1073 1342 1166 ἑκάστῳ
1365 1072 1532 1163 δύναμιν

225 1177 358 1264 λαχών
388 1183 460 1248 τοῦ
490 1183 679 1266 μεγίστου
712 1182 811 1249 θεοῦ
845 1169 955 1259 ὅστις
983 1171 1152 1264 ἠξίωται
1181 1170 1385 1248 οὑτινοσοῦν
1416 1176 1532 1264 ἐργου

225 1272 316 1346 πάνυ
335 1282 526 1365 βαθυτέρας
547 1272 731 1366 ἐπιστήμης
751 1281 807 1347 καί
829 1279 1014 1364 δυναμένης
1034 1280 1255 1365 παραστῆσαι,
1278 1269 1428 1363 πότερόν
1444 1301 1531 1346 ποτε

140 1370 275 1456 1901033
296 1375 328 1446 οί
350 1371 462 1466 δήμιοι
484 1379 521 1446 ἐν
541 1393 616 1458 ταῖς
635 1381 639 1461 Ι
658 1371 776 1447 πόλεσι
797 1381 852 1446 καί
874 1379 907 1446 οί
934 1379 1171 1463 τεταγμένοι
1197 1378 1261 1445 ἐπὶ
1283 1381 1357 1446 τῶν
1379 1381 1530 1461 σκυθρω·

225 1481 304 1544 πῶν
333 1479 394 1563 μὲν
424 1471 618 1563 ἀναγκαίων
648 1481 684 1546 δέ
714 1479 751 1546 ἐν
781 1494 855 1559 ταῖς
884 1481 1071 1555 πολιτείαις
1096 1470 1306 1563 πραγμάτων
1333 1466 1447 1556 οῦτως
1470 1475 1529 1544 είσί

174 1585 208 1640 10
225 1579 464 1663 τεταγμένοι
485 1579 651 1662 μοχθηροί
675 1580 861 1662 δαίμονες
882 1579 947 1646 ἐπί
968 1603 1076 1646 τινων
1096 1569 1165 1644 ῦπό
1185 1579 1249 1646 τοῦ
1271 1579 1528 1654 διοικοῦντος

224 1669 269 1740 τά
297 1664 359 1742 όλα
385 1668 489 1761 λόγου
517 1679 628 1758 θεοῦ,
659 1667 680 1764 ἢ
707 1667 822 1763 ὥσπερ
849 1676 881 1744 οἱ
903 1678 940 1746 ἐν
961 1692 1037 1757 ταῖς
1058 1677 1207 1763 ἐρημίαις
1230 1670 1451 1761 ληστεῦοντες
1473 1679 1528 1743 καί

224 1769 282 1840 ένα
313 1769 388 1842 τινὰ
420 1769 690 1862 προστησάμενοι
720 1767 834 1862 άρχειν
862 1769 978 1845 αῦτιῦν
1010 1767 1125 1856 οῦτως
1151 1777 1183 1844 ολ
1215 1778 1399 1859 δαίμονες
1426 1773 1529 1843 οίονελ

222 1868 311 1940 κατὰ
341 1866 469 1954 τόπους
499 1877 561 1960 τῆς
590 1877 649 1962 γῆς
679 1869 873 1962 συστήματα
903 1869 1076 1963 γενόμενοι
1106 1869 1256 1962 ἄρχοντά
1285 1899 1363 1942 τινα
1396 1872 1529 1954 ἑαυτοῖς

223 1967 436 2060 πεποιήκασι,
458 1967 522 2042 τόν
543 1967 752 2062 ἡγησόμενον
773 1969 890 2044 αὐτῶν
911 1975 956 2055 είς
978 1971 1039 2054 τὰς
1060 1969 1206 2059 πράξεις,
1228 1965 1267 2054 άς
1289 1974 1425 2043 εἵλαντο
1444 1967 1529 2059 ῦπέρ

172 2083 206 2136 1ο
224 2074 287 2140 τοῦ
307 2075 467 2142 κλέπτειν
487 2076 542 2142 καί
565 2070 736 2159 ληστεῦειν
757 2069 956 2160 ἀνθρώπων
975 2081 979 2156 Ι
997 2069 1112 2159 ψυχάς.

305 2194 398 2274 χρεία
420 2191 455 2259 δὲ
477 2193 529 2277 τῷ
551 2194 710 2278 μέλλοντι
731 2195 777 2272 είς
799 2194 906 2260 ταῦτα
928 2193 1036 2277 λέγειν
1057 2196 1180 2272 καλῶς,
1203 2191 1257 2258 ἵνα
1279 2196 1356 2276 περὶ
1371 2192 1528 2276 Χριστια-

224 2291 298 2354 νιῦν
328 2281 591 2377 άπολογὴσηται,
621 2292 879 2376 ἐκτρεπομένων
910 2283 995 2359 άλλο
1027 2316 1060 2358 τι
1091 2292 1219 2372 σέβειν
1249 2285 1340 2374 παρὰ
1371 2284 1443 2357 τόν
1473 2289 1528 2357 ἐπὶ

222 2389 305 2454 πᾶσι
326 2383 425 2456 θεὸν
450 2393 506 2456 καί
527 2383 592 2458 τόν
612 2383 840 2476 πρωτότοκον
865 2385 994 2476 ,πάσης
1014 2393 1174 2470 κτίσεως“
1197 2383 1300 2474 λόγον
1322 2381 1436 2470 αῦτοῦ,
1460 2393 1527 2476 διη·

222 2479 389 2572 γήσασθαι
418 2491 474 2554 καὶ
504 2482 546 2556 τό
578 2486 736 2570 ,,πάντες,
769 2481 842 2558 όσοι
871 2477 983 2576 ἦλθον
1008 2483 1077 2574 πρὸ
1104 2490 1194 2576 ἐμοῦ,
1225 2490 1368 2557 κλέπται
1389 2491 1448 2557 είσλ
1471 2492 1527 2557 καί

171 2599 207 2654 20
224 2589 356 2670 λησταί,
387 2589 442 2655 καί
473 2579 536 2656 οῦκ
563 2579 706 2674 ἤκουσεν
739 2584 856 2658 αῦτῶν
885 2587 928 2658 τά
954 2583 1132 2676 πρόβατα“
1158 2593 1214 2656 καὶ
1240 2583 1281 2657 τό
1313 2580 1353 2668 ,,ό
1379 2591 1527 2674 κλέπτης

223 2678 285 2752 οῦκ
308 2686 446 2771 έρχεται,
471 2689 499 2755 εί
519 2683 564 2774 μὴ
587 2687 641 2755 ἵνα
661 2691 774 2773 κλέψῃ
795 2693 851 2757 καλ
871 2684 960 2774 θῦση
981 2691 1037 2756 καὶ
1059 2681 1240 2774 άπολέση,“
1260 2691 1315 2756 καί
1337 2688 1366 2756 εί
1387 2713 1421 2756 τι
1442 2680 1526 2756 άλλο

224 2781 360 2865 τούτοις
392 2787 520 2873 εἴρηται
551 2782 790 2874 παραπλήσιον
816 2791 853 2856 ἐν
880 2802 952 2868 τοῖς
978 2789 1079 2873 ἱεροῖς
1107 2781 1301 2874 γράμμασιν,
1329 2778 1445 2874 ὥσπερ
1471 2791 1525 2854 καὶ

224 2878 265 2952 τὸ
287 2881 383 2966 ,ίδοῦ
412 2889 541 2956 δέδωκα
570 2881 647 2974 ῦμίν
678 2889 833 2968 ἐξουσίαν
859 2904 980 2957 πατεῖν
1002 2885 1118 2957 ἐπάνω
1142 2880 1257 2970 ὄφεων
1278 2889 1333 2953 καί
1356 2892 1528 2972 σκορπίων

223 2989 278 3050 καὶ
314 2985 369 3053 ἐπί
397 2990 510 3055 πᾶσαν
537 2983 602 3072 τὴν
633 2983 801 3074 δύναμιν
831 2990 894 3056 τοῦ
920 2989 1059 3074 ἐχθροῦ,
1089 2991 1145 3054 καὶ
1175 2980 1274 3055 οῦδὲν
1305 2979 1388 3073 ῦμᾶς
1415 2982 1456 3056 οῦ
1481 2985 1526 3074 μὴ

172 3095 205 3149 25
223 3075 383 3170 άδικήσγγίί
405 3089 461 3152 καί
492 3081 532 3153 τὸ
562 3077 636 3166 ,ἐπ’
658 3080 781 3155 άσπίδα
808 3089 864 3154 καί
893 3090 1087 3167 βασιλίσκον
1121 3080 1260 3173 ἐπιβὴση
1292 3091 1349 3154 καὶ
1378 3113 1528 3156 καταπα-

223 3176 335 3268 τήσεις
357 3186 482 3253 λέοντα
502 3187 557 3251 καί
579 3180 781 3271 δράκοντα.“

306 3293 379 3368 ἀλλ’
402 3296 559 3386 οῦδαμως
589 3293 660 3385 ᾔδει
693 3305 800 3369 ταῦτα
826 3293 845 3369 ό
872 3303 1010 3381 Κέλσος·
1039 3304 1067 3368 εί
1094 3299 1156 3387 γὰρ
1182 3291 1266 3385 ᾔδει,
1294 3293 1421 3370 σῦκόν
1443 3301 1526 3372 εἷπε·

223 3403 287 3464 καί
319 3389 338 3468 ό
368 3428 407 3469 τι
435 3426 507 3487 περ
540 3391 586 3468 ἂν
615 3389 635 3486 ᾖ
664 3400 705 3467 ἐν
731 3415 817 3481 τοῖς
846 3390 970 3482 όλοις,
998 3401 1078 3468 εἴτε
1104 3405 1204 3470 θεοῦ
1231 3399 1348 3488 ἔργον
1374 3395 1526 3489 εἴτ’άγ-

224 3501 355 3583 γέλων
383 3493 452 3570 εἴτ’
475 3492 611 3568 ἄλλων
644 3497 851 3584 δαιμόνων
878 3502 958 3568 είτε
985 3493 1142 3587 ἡρώων,
1169 3493 1278 3570 ταῦτ’
1302 3500 1380 3586 ἔχει
1402 3496 1526 3587 νόμον

310 3689 436 3790 11⁴v31.
454 3719 516 3774 Joh.
536 3721 605 3786 1,1.
624 3749 656 3757 -
676 3717 714 3774 ιε
738 3717 798 3787 vgl.
819 3717 985 3784 [(01.1,15-
1014 3717 1076 3772 Joh.
1096 3721 1123 3782 1,
1143 3721 1166 3772 1.
1189 3747 1222 3756 -
1241 3719 1279 3774 ιο
1301 3717 1469 3782 Joh.10,8.
1493 3749 1526 3760 -

223 3803 264 3860 20
281 3803 342 3858 Joh.
362 3805 402 3869 10,
421 3807 461 3862 10.
479 3835 512 3844 -
529 3804 568 3860 23
585 3803 652 3858 Luk.
671 3805 711 3868 10,
730 3804 771 3858 19.
790 3833 822 3842 -
840 3801 879 3858 25
899 3801 969 3856 Psal.
987 3803 1028 3866 90,
1048 3804 1088 3856 13.

308 3988 326 4044 3
348 3987 547 4058 νομιζομένην]
568 3987 599 4042 έν
616 3987 666 4041 auf
681 3985 768 4042 Rasur
787 3991 792 4057 1
811 3991 828 4043 A
846 3988 945 4043 Δεῐται
963 3987 1085 4042 schreibe
1102 3986 1156 4054 ioh,
1173 3981 1235 4042 εἶπε
1253 3989 1384 4058 AAusgg.
1400 3989 1404 4056 Ι
1420 3985 1450 4043 δέ
1466 3991 1525 4059 καὶ]

223 4071 303 4130 ἐκαί
327 4073 378 4128 auf
392 4073 479 4127 Ruur
501 4077 525 4126 A
549 4074 553 4142 Ι
576 4070 616 4138 είς
633 4089 686 4127 von
705 4073 756 4126 Hb.
766 4072 810 4143 Sp.
828 4071 1066 4142 eingeklammert‚
1090 4089 1144 4126 von
1162 4071 1221 4126 Del.
1238 4071 1338 4143 getilgt
1361 4075 1365 4141 1
1389 4074 1408 4129 θ
1435 4073 1526 4128 hinter

222 4153 311 4230 ἐργον
327 4165 359 4223 -ί-
378 4161 466 4213 δεῖται
484 4155 514 4212 δέ
536 4157 578 4210 M²
600 4175 646 4211 am
663 4157 934 4226 Rand,J01Ausgg.
959 4158 963 4224 Ι
990 4157 1004 4212 λ
1032 4153 1244 4226 βαθυτέρας]θ
1266 4157 1321 4212 λαοί
1341 4174 1412 4226 ganz
1431 4175 1526 4227 ausge-

222 4242 343 4297 brochen
360 4245 385 4297 A
404 4244 408 4310 1
428 4244 447 4298 θ
470 4236 643 4312 άναγκαίων]
662 4242 673 4295 ἰ
689 4259 738 4296 auu
755 4248 850 4296 ῖοοτε.
868 4244 892 4295 A
908 4240 966 4309 114
987 4235 1169 4310 πεποιήκασι]
1188 4237 1205 4310 η’
1222 4241 1252 4295 in
1269 4241 1411 4296 Gorrectur
1429 4245 1452 4295 A
1468 4246 1473 4310 Ι
1488 4239 1526 4298 s‘l·

223 4331 312 4384 λαντο
331 4331 355 4382 Δ
373 4321 488 4384 εἵλοντο
507 4327 642 4396 MAusgg.
658 4327 662 4394 Ι
679 4325 717 4381 18
734 4325 826 4379 hinter
843 4319 933 4380 αῦτοῦ
950 4331 983 4390 -ί-
1000 4326 1050 4380 καλ
1066 4317 1138 4380 θεόν
1156 4325 1216 4381 Del.
1231 4327 1236 4396 Ι
1251 4326 1292 4382 20
1310 4317 1327 4382 ό
1345 4326 1375 4380 in
1384 4326 1527 4382 Conantur

223 4413 323 4480 4123
342 4429 390 4466 vor
406 4417 507 4467 πατεῖν
524 4417 552 4475 †
570 4417 621 4465 τοῦ
638 4409 783 4479 MAungg„
801 4409 872 4464 doch
891 4411 945 4479 τρὶ.
963 4410 1035 4465 oben
1051 4410 1164 4464 Exhort.
1177 4410 1241 4480 Cap.
1253 4410 1363 4476 XXXV,
1381 4413 1394 4465 I
1411 4413 1445 4467 34
1462 4411 1488 4467 Z.
1502 4415 1526 4476 λ,

223 4496 280 4550 und
302 4513 325 4551 ο.
343 4495 411 4552 Cels.
430 4495 481 4550 VII
500 4498 540 4562 57,
559 4495 584 4552 S.
602 4497 651 4550 207
670 4494 696 4549 Ζ.
714 4495 731 4550 6
754 4497 759 4559 Ι
783 4493 822 4550 24
844 4485 918 4561 ῦμᾶς
939 4511 988 4550 aus
1011 4487 1085 4565 ἡμᾶς
1106 4510 1173 4549 corr.
1192 4495 1216 4548 A
1236 4497 1239 4563 Ι
1259 4494 1298 4552 25
1323 4489 1454 4566 άδικήση.
1476 4496 1526 4550 δατ

223 4581 360 4650 θερίσει-η
368 4580 578 4642 ·δαια1]1δοίιετλ,
596 4580 663 4635 aber
680 4579 803 4634 deutlich
819 4579 1018 4646 erkennbar‚A
1035 4573 1161 4649 α’δικήσει
1173 4582 1275 4648 Ausgg.
1290 4580 1295 4645 ί
1311 4580 1350 4636 29
1368 4573 1420 4636 εἴτ’
1431 4573 1526 4636 ἄλλων

223 4659 370 4733 δαιμόνων
386 4667 418 4733 Α,
437 4665 487 4720 Ηῠ.
506 4681 550 4718 am
569 4665 657 4729 Rand,
675 4664 719 4734 Sp.
737 4663 776 4718 im
793 4663 874 4728 Text5
892 4659 948 4720 εἴτε
967 4657 1111 4732 δαιμόνων
1128 4663 1285 4718 ΜΗδ.1)ε1.
1303 4665 1341 4718 im
1358 4664 1428 4719 Text

1545 2093 1596 2146 744
