<?xml version="1.0" encoding="UTF-8"?>
<!DOCTYPE html PUBLIC "-//W3C//DTD XHTML 1.0 Transitional//EN"
    "http://www.w3.org/TR/xhtml1/DTD/xhtml1-transitional.dtd">
<html xmlns="http://www.w3.org/1999/xhtml" xml:lang="en" lang="en">
 <head>
  <title>
</title>
<meta http-equiv="Content-Type" content="text/html;charset=utf-8" />
  <meta name='ocr-system' content='tesseract 3.04.00' />
  <meta name='ocr-capabilities' content='ocr_page ocr_carea ocr_par ocr_line ocrx_word'/>
</head>
<body>
  <div class='ocr_page' id='page_1' title='image "./diegriechischen01wissgoog_0374.png"; bbox 0 0 3780 5538; ppageno 0'>
   <div class='ocr_carea' id='block_1_1' title="bbox 352 497 1115 564">
    <p class='ocr_par' dir='ltr' id='par_1_1' title="bbox 352 497 1115 564">
     <span class='ocr_line' id='line_1_1' title="bbox 352 497 1115 564; baseline 0.003 -14"><span class='ocrx_word' id='word_1_1' title='bbox 352 502 412 564; x_wconf 80' lang='lat'><strong><em>298</em></strong></span> <span class='ocrx_word' id='word_1_2' title='bbox 893 497 1115 552; x_wconf 69' lang='grc' dir='ltr'><strong><em>αοιαιιιοιε</em></strong></span> 
     </span>
    </p>
   </div>
   <div class='ocr_carea' id='block_1_2' title="bbox 353 652 1656 846">
    <p class='ocr_par' dir='ltr' id='par_1_2' title="bbox 353 652 1656 846">
     <span class='ocr_line' id='line_1_2' title="bbox 353 652 1656 750; baseline 0.001 -23"><span class='ocrx_word' id='word_1_3' title='bbox 353 657 488 746; x_wconf 86' lang='grc' dir='ltr'><strong><em>θρσόπῳ</em></strong></span> <span class='ocrx_word' id='word_1_4' title='bbox 519 664 715 748; x_wconf 82' lang='grc' dir='ltr'><strong><em>γνωσθῆναι</em></strong></span> <span class='ocrx_word' id='word_1_5' title='bbox 746 658 809 731; x_wconf 85' lang='grc' dir='ltr'><strong><em>τὸν</em></strong></span> <span class='ocrx_word' id='word_1_6' title='bbox 840 667 904 732; x_wconf 91' lang='grc' dir='ltr'><strong><em>τοῦ</em></strong></span> <span class='ocrx_word' id='word_1_7' title='bbox 932 668 1050 750; x_wconf 89' lang='grc' dir='ltr'><strong><em>κυρίου</em></strong></span> <span class='ocrx_word' id='word_1_8' title='bbox 1082 667 1179 744; x_wconf 89' lang='grc' dir='ltr'><strong><em>νοῦν;</em></strong></span> <span class='ocrx_word' id='word_1_9' title='bbox 1208 657 1295 732; x_wconf 86' lang='grc' dir='ltr'><strong><em>άλλά</em></strong></span> <span class='ocrx_word' id='word_1_10' title='bbox 1321 667 1376 730; x_wconf 86' lang='grc' dir='ltr'><strong><em>καὶ</em></strong></span> <span class='ocrx_word' id='word_1_11' title='bbox 1405 665 1509 730; x_wconf 89' lang='grc' dir='ltr'><strong><em>τοῦτο</em></strong></span> <span class='ocrx_word' id='word_1_12' title='bbox 1533 652 1552 728; x_wconf 82' lang='grc' dir='ltr'>ὁ</span> <span class='ocrx_word' id='word_1_13' title='bbox 1575 655 1656 740; x_wconf 89' lang='grc' dir='ltr'><strong><em>θεὸς</em></strong></span> 
     </span>
     <span class='ocr_line' id='line_1_3' title="bbox 353 755 1654 846; baseline 0 -18"><span class='ocrx_word' id='word_1_14' title='bbox 353 755 407 828; x_wconf 88' lang='grc' dir='ltr'><strong><em>διά</em></strong></span> <span class='ocrx_word' id='word_1_15' title='bbox 434 764 584 846; x_wconf 82' lang='grc' dir='ltr'><strong><em>Χριστοῦ</em></strong></span> <span class='ocrx_word' id='word_1_16' title='bbox 608 766 777 846; x_wconf 77' lang='grc' dir='ltr'><strong><em>χαρίζεται</em></strong></span> <span class='ocrx_word' id='word_1_17' title='bbox 807 814 1654 832; x_wconf 90' lang='grc'>.......................................</span> 
     </span>
    </p>
   </div>
   <div class='ocr_carea' id='block_1_3' title="bbox 304 1152 1663 3040">
    <p class='ocr_par' dir='ltr' id='par_1_3' title="bbox 304 1152 1663 3040">
     <span class='ocr_line' id='line_1_4' title="bbox 354 1152 1657 1249; baseline 0.002 -23"><span class='ocrx_word' id='word_1_18' title='bbox 354 1212 812 1228; x_wconf 92' lang='grc'><strong>..................</strong></span> <span class='ocrx_word' id='word_1_19' title='bbox 840 1157 880 1229; x_wconf 87' lang='grc' dir='ltr'><strong><em>τὸ</em></strong></span> <span class='ocrx_word' id='word_1_20' title='bbox 909 1165 1039 1249; x_wconf 85' lang='grc' dir='ltr'><strong><em>θέλημα</em></strong></span> <span class='ocrx_word' id='word_1_21' title='bbox 1066 1165 1129 1229; x_wconf 90' lang='grc' dir='ltr'><strong><em>τοῦ</em></strong></span> <span class='ocrx_word' id='word_1_22' title='bbox 1150 1166 1267 1247; x_wconf 77' lang='grc' dir='ltr'><strong><em>κυρίου</em></strong></span> <span class='ocrx_word' id='word_1_23' title='bbox 1288 1158 1422 1228; x_wconf 82' lang='grc' dir='ltr'><strong><em>έαυτῶν</em></strong></span> <span class='ocrx_word' id='word_1_24' title='bbox 1444 1154 1574 1241; x_wconf 87' lang='grc' dir='ltr'><strong><em>ούκέτι,</em></strong></span> <span class='ocrx_word' id='word_1_25' title='bbox 1598 1152 1657 1230; x_wconf 80' lang='grc' dir='ltr'><strong><em>ὅτε</em></strong></span> 
     </span>
     <span class='ocr_line' id='line_1_5' title="bbox 354 1251 1656 1348; baseline 0.003 -25"><span class='ocrx_word' id='word_1_26' title='bbox 354 1251 500 1326; x_wconf 81' lang='grc' dir='ltr'><em>διδάσκει</em></span> <span class='ocrx_word' id='word_1_27' title='bbox 521 1251 645 1338; x_wconf 86' lang='grc' dir='ltr'><strong><em>αύτούς</em></strong></span> <span class='ocrx_word' id='word_1_28' title='bbox 667 1254 707 1326; x_wconf 89' lang='grc' dir='ltr'><strong><em>τὸ</em></strong></span> <span class='ocrx_word' id='word_1_29' title='bbox 723 1263 862 1346; x_wconf 89' lang='grc' dir='ltr'><strong><em>θέλημα</em></strong></span> <span class='ocrx_word' id='word_1_30' title='bbox 884 1265 947 1330; x_wconf 89' lang='grc' dir='ltr'><strong><em>τοῦ</em></strong></span> <span class='ocrx_word' id='word_1_31' title='bbox 967 1267 1084 1348; x_wconf 91' lang='grc' dir='ltr'><strong><em>κυρίου</em></strong></span> <span class='ocrx_word' id='word_1_32' title='bbox 1105 1261 1190 1330; x_wconf 79' lang='grc' dir='ltr'><strong><em>εἶναι</em></strong></span> <span class='ocrx_word' id='word_1_33' title='bbox 1204 1263 1372 1341; x_wconf 88' lang='grc' dir='ltr'><strong><em>θέλοντος</em></strong></span> <span class='ocrx_word' id='word_1_34' title='bbox 1390 1254 1476 1330; x_wconf 86' lang='grc' dir='ltr'><strong><em>άλλδι</em></strong></span> <span class='ocrx_word' id='word_1_35' title='bbox 1492 1261 1537 1340; x_wconf 88' lang='grc' dir='ltr'><strong><em>είς</em></strong></span> <span class='ocrx_word' id='word_1_36' title='bbox 1555 1262 1656 1344; x_wconf 81' lang='grc' dir='ltr'><strong><em>φίλον</em></strong></span> 
     </span>
     <span class='ocr_line' id='line_1_6' title="bbox 354 1347 1657 1447; baseline 0.002 -24"><span class='ocrx_word' id='word_1_37' title='bbox 354 1350 627 1441; x_wconf 76' lang='grc' dir='ltr'><strong><em>μεταβάλλοντος</em></strong></span> <span class='ocrx_word' id='word_1_38' title='bbox 648 1357 795 1441; x_wconf 85' lang='grc' dir='ltr'><strong><em>τούτοις,</em></strong></span> <span class='ocrx_word' id='word_1_39' title='bbox 819 1347 871 1427; x_wconf 85' lang='grc' dir='ltr'><strong><em>ῶν</em></strong></span> <span class='ocrx_word' id='word_1_40' title='bbox 891 1356 1009 1445; x_wconf 87' lang='grc' dir='ltr'><strong><em>κύριος</em></strong></span> <span class='ocrx_word' id='word_1_41' title='bbox 1030 1354 1199 1447; x_wconf 85' lang='grc' dir='ltr'><strong><em>πρότερον</em></strong></span> <span class='ocrx_word' id='word_1_42' title='bbox 1222 1349 1272 1447; x_wconf 80' lang='grc' dir='ltr'><strong><em>ἦν.</em></strong></span> <span class='ocrx_word' id='word_1_43' title='bbox 1308 1354 1394 1429; x_wconf 84' lang='grc' dir='ltr'><strong><em>άλλά</em></strong></span> <span class='ocrx_word' id='word_1_44' title='bbox 1409 1355 1528 1441; x_wconf 75' lang='grc' dir='ltr'><strong><em>καλῶς</em></strong></span> <span class='ocrx_word' id='word_1_45' title='bbox 1548 1353 1657 1440; x_wconf 80' lang='grc' dir='ltr'><strong><em>ούδεὶς</em></strong></span> 
     </span>
     <span class='ocr_line' id='line_1_7' title="bbox 354 1448 1657 1547; baseline 0.005 -25"><span class='ocrx_word' id='word_1_46' title='bbox 354 1453 467 1538; x_wconf 63' lang='grc' dir='ltr'><strong><em>,οἶδεν</em></strong></span> <span class='ocrx_word' id='word_1_47' title='bbox 492 1448 693 1542; x_wconf 85' lang='grc' dir='ltr'><strong><em>άνθρῶπων</em></strong></span> <span class='ocrx_word' id='word_1_48' title='bbox 719 1455 762 1528; x_wconf 85' lang='grc' dir='ltr'><strong><em>τά</em></strong></span> <span class='ocrx_word' id='word_1_49' title='bbox 789 1463 852 1529; x_wconf 94' lang='grc' dir='ltr'><strong><em>τοῦ</em></strong></span> <span class='ocrx_word' id='word_1_50' title='bbox 877 1453 1067 1546; x_wconf 86' lang='grc' dir='ltr'><strong><em>άνθρῶπου</em></strong></span> <span class='ocrx_word' id='word_1_51' title='bbox 1093 1463 1123 1528; x_wconf 84' lang='grc' dir='ltr'><strong><em>εἰ</em></strong></span> <span class='ocrx_word' id='word_1_52' title='bbox 1147 1455 1192 1547; x_wconf 84' lang='grc' dir='ltr'><strong><em>μὴ</em></strong></span> <span class='ocrx_word' id='word_1_53' title='bbox 1219 1455 1260 1528; x_wconf 88' lang='grc' dir='ltr'><strong><em>τό</em></strong></span> <span class='ocrx_word' id='word_1_54' title='bbox 1283 1462 1414 1544; x_wconf 88' lang='grc' dir='ltr'><strong><em>πνεῦμα</em></strong></span> <span class='ocrx_word' id='word_1_55' title='bbox 1437 1463 1500 1528; x_wconf 88' lang='grc' dir='ltr'><strong><em>τοῦ</em></strong></span> <span class='ocrx_word' id='word_1_56' title='bbox 1522 1452 1657 1545; x_wconf 87' lang='grc' dir='ltr'><strong><em>άνθρῶ-</em></strong></span> 
     </span>
     <span class='ocr_line' id='line_1_8' title="bbox 304 1549 1658 1647; baseline 0.001 -23"><span class='ocrx_word' id='word_1_57' title='bbox 304 1571 338 1626; x_wconf 88' lang='grc'>10</span> <span class='ocrx_word' id='word_1_58' title='bbox 355 1579 423 1622; x_wconf 89' lang='grc' dir='ltr'><strong><em>που</em></strong></span> <span class='ocrx_word' id='word_1_59' title='bbox 455 1550 496 1622; x_wconf 88' lang='grc' dir='ltr'><strong><em>τὸ</em></strong></span> <span class='ocrx_word' id='word_1_60' title='bbox 525 1557 562 1624; x_wconf 77' lang='grc' dir='ltr'><strong><em>ἐν</em></strong></span> <span class='ocrx_word' id='word_1_61' title='bbox 592 1549 696 1644; x_wconf 81' lang='grc' dir='ltr'><strong><em>αύτῷ,</em></strong></span> <span class='ocrx_word' id='word_1_62' title='bbox 728 1550 822 1627; x_wconf 86' lang='grc' dir='ltr'><strong><em>ούτω</em></strong></span> <span class='ocrx_word' id='word_1_63' title='bbox 847 1563 902 1627; x_wconf 84' lang='grc' dir='ltr'><strong><em>καί</em></strong></span> <span class='ocrx_word' id='word_1_64' title='bbox 929 1555 973 1627; x_wconf 85' lang='grc' dir='ltr'><strong><em>τά</em></strong></span> <span class='ocrx_word' id='word_1_65' title='bbox 999 1563 1062 1628; x_wconf 89' lang='grc' dir='ltr'><strong><em>τοῦ</em></strong></span> <span class='ocrx_word' id='word_1_66' title='bbox 1088 1563 1174 1628; x_wconf 82' lang='grc' dir='ltr'><strong><em>θεοῦ</em></strong></span> <span class='ocrx_word' id='word_1_67' title='bbox 1201 1553 1330 1640; x_wconf 53' lang='grc' dir='ltr'><strong><em>ούδεὶςί(</em></strong></span> <span class='ocrx_word' id='word_1_68' title='bbox 1355 1557 1447 1627; x_wconf 82' lang='grc' dir='ltr'><strong><em>οἶδεν</em></strong></span> <span class='ocrx_word' id='word_1_69' title='bbox 1474 1562 1524 1640; x_wconf 69' lang='grc' dir='ltr'><strong><em>,εἰ</em></strong></span> <span class='ocrx_word' id='word_1_70' title='bbox 1549 1554 1658 1647; x_wconf 84' lang='grc' dir='ltr'><strong><em>μὴτὸ</em></strong></span> 
     </span>
     <span class='ocr_line' id='line_1_9' title="bbox 356 1653 1656 1746; baseline 0.003 -26"><span class='ocrx_word' id='word_1_71' title='bbox 356 1657 484 1740; x_wconf 89' lang='grc' dir='ltr'><strong><em>πνεῦμα</em></strong></span> <span class='ocrx_word' id='word_1_72' title='bbox 515 1659 578 1724; x_wconf 92' lang='grc' dir='ltr'><strong><em>τοῦ</em></strong></span> <span class='ocrx_word' id='word_1_73' title='bbox 609 1661 725 1726; x_wconf 77' lang='grc' dir='ltr'><strong><em>θεοῦ.“</em></strong></span> <span class='ocrx_word' id='word_1_74' title='bbox 768 1661 796 1726; x_wconf 88' lang='grc' dir='ltr'><strong><em>εί</em></strong></span> <span class='ocrx_word' id='word_1_75' title='bbox 826 1662 862 1726; x_wconf 75' lang='grc' dir='ltr'><strong><em>δὲ</em></strong></span> <span class='ocrx_word' id='word_1_76' title='bbox 891 1661 1003 1746; x_wconf 78' lang='grc' dir='ltr'><strong><em>μηδεὶς</em></strong></span> <span class='ocrx_word' id='word_1_77' title='bbox 1028 1657 1141 1741; x_wconf 82' lang='grc' dir='ltr'><strong><em>,,οίδε“</em></strong></span> <span class='ocrx_word' id='word_1_78' title='bbox 1163 1656 1227 1741; x_wconf 70' lang='grc' dir='ltr'><strong><em>,τά</em></strong></span> <span class='ocrx_word' id='word_1_79' title='bbox 1253 1662 1317 1728; x_wconf 89' lang='grc' dir='ltr'><strong><em>τοῦ</em></strong></span> <span class='ocrx_word' id='word_1_80' title='bbox 1345 1661 1452 1727; x_wconf 51' lang='grc' dir='ltr'><strong><em>θεοῦ(</em></strong></span> <span class='ocrx_word' id='word_1_81' title='bbox 1478 1660 1528 1740; x_wconf 61' lang='grc' dir='ltr'><strong><em>,εί</em></strong></span> <span class='ocrx_word' id='word_1_82' title='bbox 1548 1654 1593 1744; x_wconf 87' lang='grc' dir='ltr'><strong><em>μὴ</em></strong></span> <span class='ocrx_word' id='word_1_83' title='bbox 1616 1653 1656 1725; x_wconf 89' lang='grc' dir='ltr'><strong><em>τὸ</em></strong></span> 
     </span>
     <span class='ocr_line' id='line_1_10' title="bbox 355 1751 1659 1844; baseline 0.002 -24"><span class='ocrx_word' id='word_1_84' title='bbox 355 1756 489 1839; x_wconf 87' lang='grc' dir='ltr'><strong><em>πνεῦμα</em></strong></span> <span class='ocrx_word' id='word_1_85' title='bbox 510 1757 575 1822; x_wconf 91' lang='grc' dir='ltr'><strong><em>τοῦ</em></strong></span> <span class='ocrx_word' id='word_1_86' title='bbox 596 1759 713 1838; x_wconf 75' lang='grc' dir='ltr'><strong><em>θεοῦ,“</em></strong></span> <span class='ocrx_word' id='word_1_87' title='bbox 735 1751 906 1826; x_wconf 88' lang='grc' dir='ltr'><strong><em>άδύνατον</em></strong></span> <span class='ocrx_word' id='word_1_88' title='bbox 929 1760 1050 1827; x_wconf 82' lang='grc' dir='ltr'><strong><em>εἰδέναι</em></strong></span> <span class='ocrx_word' id='word_1_89' title='bbox 1072 1751 1261 1844; x_wconf 79' lang='grc' dir='ltr'><strong><em>ἄνθρωπον</em></strong></span> <span class='ocrx_word' id='word_1_90' title='bbox 1283 1757 1347 1841; x_wconf 73' lang='grc' dir='ltr'><strong><em>,τὰ</em></strong></span> <span class='ocrx_word' id='word_1_91' title='bbox 1369 1761 1432 1826; x_wconf 91' lang='grc' dir='ltr'><strong><em>τοῦ</em></strong></span> <span class='ocrx_word' id='word_1_92' title='bbox 1455 1760 1569 1826; x_wconf 81' lang='grc' dir='ltr'><strong><em>θεοῦ.“</em></strong></span> <span class='ocrx_word' id='word_1_93' title='bbox 1602 1761 1659 1823; x_wconf 87' lang='grc' dir='ltr'><strong><em>καὶ</em></strong></span> 
     </span>
     <span class='ocr_line' id='line_1_11' title="bbox 356 1849 1659 1944; baseline 0.004 -25"><span class='ocrx_word' id='word_1_94' title='bbox 356 1854 522 1922; x_wconf 82' lang='grc' dir='ltr'><strong><em>τοῦτοδὲ</em></strong></span> <span class='ocrx_word' id='word_1_95' title='bbox 546 1849 770 1943; x_wconf 81' lang='grc' dir='ltr'><strong><em>κατανόησον,</em></strong></span> <span class='ocrx_word' id='word_1_96' title='bbox 797 1862 873 1939; x_wconf 90' lang='grc' dir='ltr'><strong><em>πῶς</em></strong></span> <span class='ocrx_word' id='word_1_97' title='bbox 894 1854 1043 1927; x_wconf 88' lang='grc' dir='ltr'><strong><em>δυνατὸν</em></strong></span> <span class='ocrx_word' id='word_1_98' title='bbox 1064 1863 1204 1944; x_wconf 89' lang='grc' dir='ltr'><strong><em>γίνεται·</em></strong></span> <span class='ocrx_word' id='word_1_99' title='bbox 1234 1850 1346 1944; x_wconf 72' lang='grc' dir='ltr'><strong><em>,ἡμεῖς</em></strong></span> <span class='ocrx_word' id='word_1_100' title='bbox 1368 1860 1435 1938; x_wconf 79' lang='grc' dir='ltr'><strong><em>δὲ,“</em></strong></span> <span class='ocrx_word' id='word_1_101' title='bbox 1458 1860 1570 1943; x_wconf 82' lang='grc' dir='ltr'><strong><em>φησίν,</em></strong></span> <span class='ocrx_word' id='word_1_102' title='bbox 1597 1850 1659 1939; x_wconf 71' lang='grc' dir='ltr'><strong><em>,ού</em></strong></span> 
     </span>
     <span class='ocr_line' id='line_1_12' title="bbox 356 1947 1659 2044; baseline 0.003 -26"><span class='ocrx_word' id='word_1_103' title='bbox 356 1947 398 2018; x_wconf 86' lang='grc' dir='ltr'><strong><em>τὸ</em></strong></span> <span class='ocrx_word' id='word_1_104' title='bbox 423 1956 556 2040; x_wconf 87' lang='grc' dir='ltr'><strong><em>πνεῦμα</em></strong></span> <span class='ocrx_word' id='word_1_105' title='bbox 584 1958 648 2024; x_wconf 89' lang='grc' dir='ltr'><strong><em>τοῦ</em></strong></span> <span class='ocrx_word' id='word_1_106' title='bbox 675 1949 804 2041; x_wconf 88' lang='grc' dir='ltr'><strong><em>κόσμου</em></strong></span> <span class='ocrx_word' id='word_1_107' title='bbox 829 1952 992 2044; x_wconf 79' lang='grc' dir='ltr'><strong><em>ἐλάβομεν</em></strong></span> <span class='ocrx_word' id='word_1_108' title='bbox 1017 1951 1103 2026; x_wconf 87' lang='grc' dir='ltr'><strong><em>άλλά</em></strong></span> <span class='ocrx_word' id='word_1_109' title='bbox 1131 1952 1173 2024; x_wconf 87' lang='grc' dir='ltr'><strong><em>τό</em></strong></span> <span class='ocrx_word' id='word_1_110' title='bbox 1198 1959 1332 2043; x_wconf 90' lang='grc' dir='ltr'><strong><em>πνεῦμα</em></strong></span> <span class='ocrx_word' id='word_1_111' title='bbox 1353 1951 1454 2024; x_wconf 84' lang='grc' dir='ltr'><strong><em>τὸέκ</em></strong></span> <span class='ocrx_word' id='word_1_112' title='bbox 1476 1959 1541 2024; x_wconf 85' lang='grc' dir='ltr'><strong><em>τοῦ</em></strong></span> <span class='ocrx_word' id='word_1_113' title='bbox 1563 1958 1659 2036; x_wconf 91' lang='grc' dir='ltr'><strong><em>θεοῦ,</em></strong></span> 
     </span>
     <span class='ocr_line' id='line_1_13' title="bbox 307 2047 1660 2142; baseline 0 -19"><span class='ocrx_word' id='word_1_114' title='bbox 307 2070 339 2123; x_wconf 82' lang='grc'>15</span> <span class='ocrx_word' id='word_1_115' title='bbox 357 2052 412 2118; x_wconf 81' lang='grc' dir='ltr'><strong><em>ἵνα</em></strong></span> <span class='ocrx_word' id='word_1_116' title='bbox 437 2052 579 2135; x_wconf 80' lang='grc' dir='ltr'><strong><em>εἰδῶμεν</em></strong></span> <span class='ocrx_word' id='word_1_117' title='bbox 601 2051 643 2122; x_wconf 85' lang='grc' dir='ltr'><strong><em>τά</em></strong></span> <span class='ocrx_word' id='word_1_118' title='bbox 665 2047 734 2124; x_wconf 87' lang='grc' dir='ltr'><strong><em>ύπό</em></strong></span> <span class='ocrx_word' id='word_1_119' title='bbox 756 2059 820 2124; x_wconf 87' lang='grc' dir='ltr'><strong><em>τοῦ</em></strong></span> <span class='ocrx_word' id='word_1_120' title='bbox 842 2060 928 2125; x_wconf 88' lang='grc' dir='ltr'><strong><em>θεοῦ</em></strong></span> <span class='ocrx_word' id='word_1_121' title='bbox 949 2059 1155 2142; x_wconf 82' lang='grc' dir='ltr'><strong><em>χαρισθέντα</em></strong></span> <span class='ocrx_word' id='word_1_122' title='bbox 1176 2048 1263 2142; x_wconf 77' lang='grc' dir='ltr'><strong><em>ἡμῖν,</em></strong></span> <span class='ocrx_word' id='word_1_123' title='bbox 1290 2050 1389 2124; x_wconf 83' lang='grc' dir='ltr'><strong><em>άκαί</em></strong></span> <span class='ocrx_word' id='word_1_124' title='bbox 1410 2059 1576 2142; x_wconf 87' lang='grc' dir='ltr'><strong><em>λαλοῦμεν</em></strong></span> <span class='ocrx_word' id='word_1_125' title='bbox 1598 2049 1660 2123; x_wconf 92' lang='grc' dir='ltr'><strong><em>ούκ</em></strong></span> 
     </span>
     <span class='ocr_line' id='line_1_14' title="bbox 357 2148 1661 2243; baseline 0.003 -27"><span class='ocrx_word' id='word_1_126' title='bbox 357 2151 394 2216; x_wconf 87' lang='grc' dir='ltr'><strong><em>έν</em></strong></span> <span class='ocrx_word' id='word_1_127' title='bbox 415 2153 586 2233; x_wconf 77' lang='grc' dir='ltr'><strong><em>διδακτοῖς</em></strong></span> <span class='ocrx_word' id='word_1_128' title='bbox 608 2148 832 2242; x_wconf 76' lang='grc' dir='ltr'><strong><em>ἀνθρωπίνης</em></strong></span> <span class='ocrx_word' id='word_1_129' title='bbox 854 2161 975 2240; x_wconf 84' lang='grc' dir='ltr'><strong><em>σοφίας</em></strong></span> <span class='ocrx_word' id='word_1_130' title='bbox 997 2149 1110 2243; x_wconf 81' lang='grc' dir='ltr'><strong><em>λόγοις</em></strong></span> <span class='ocrx_word' id='word_1_131' title='bbox 1130 2149 1204 2224; x_wconf 75' lang='grc' dir='ltr'><strong><em>ἄλλ’</em></strong></span> <span class='ocrx_word' id='word_1_132' title='bbox 1227 2157 1264 2223; x_wconf 80' lang='grc' dir='ltr'><strong><em>ἐν</em></strong></span> <span class='ocrx_word' id='word_1_133' title='bbox 1286 2157 1454 2234; x_wconf 76' lang='grc' dir='ltr'><strong><em>διδακτοῖς</em></strong></span> <span class='ocrx_word' id='word_1_134' title='bbox 1476 2157 1540 2223; x_wconf 89' lang='grc' dir='ltr'><strong><em>τοῦ</em></strong></span> <span class='ocrx_word' id='word_1_135' title='bbox 1561 2148 1661 2221; x_wconf 89' lang='grc' dir='ltr'><strong><em>πνεύ-</em></strong></span> 
     </span>
     <span class='ocr_line' id='line_1_15' title="bbox 356 2257 491 2335; baseline -0.007 -51"><span class='ocrx_word' id='word_1_136' title='bbox 356 2257 491 2335; x_wconf 40' lang='lat' dir='ltr'><strong><em>flama«</em></strong></span> 
     </span>
     <span class='ocr_line' id='line_1_16' title="bbox 440 2345 1661 2441; baseline 0.002 -24"><span class='ocrx_word' id='word_1_137' title='bbox 440 2351 471 2416; x_wconf 90' lang='grc' dir='ltr'><strong>Π</strong></span> <span class='ocrx_word' id='word_1_138' title='bbox 494 2361 520 2418; x_wconf 95' lang='grc'>1.</span> <span class='ocrx_word' id='word_1_139' title='bbox 556 2345 641 2420; x_wconf 79' lang='grc' dir='ltr'><strong><em>Ἀλλ’</em></strong></span> <span class='ocrx_word' id='word_1_140' title='bbox 664 2350 762 2436; x_wconf 82' lang='grc' dir='ltr'><strong><em>εἰκὸς,</em></strong></span> <span class='ocrx_word' id='word_1_141' title='bbox 783 2345 953 2441; x_wconf 81' lang='grc' dir='ltr'><strong><em>Ἀμβρόσιε</em></strong></span> <span class='ocrx_word' id='word_1_142' title='bbox 975 2357 1215 2435; x_wconf 85' lang='grc' dir='ltr'><strong><em>θεοσεβέστατε</em></strong></span> <span class='ocrx_word' id='word_1_143' title='bbox 1239 2358 1295 2422; x_wconf 85' lang='grc' dir='ltr'><strong><em>καὶ</em></strong></span> <span class='ocrx_word' id='word_1_144' title='bbox 1318 2350 1585 2440; x_wconf 84' lang='grc' dir='ltr'><strong><em>φιλοπονῶτατε</em></strong></span> <span class='ocrx_word' id='word_1_145' title='bbox 1606 2357 1661 2421; x_wconf 89' lang='grc' dir='ltr'><strong><em>καί</em></strong></span> 
     </span>
     <span class='ocr_line' id='line_1_17' title="bbox 363 2442 1662 2540; baseline 0.005 -26"><span class='ocrx_word' id='word_1_146' title='bbox 363 2446 507 2536; x_wconf 81' lang='grc' dir='ltr'><strong><em>Τατιανὴ</em></strong></span> <span class='ocrx_word' id='word_1_147' title='bbox 533 2449 751 2540; x_wconf 88' lang='grc' dir='ltr'><strong><em>κοσμιωτάτη</em></strong></span> <span class='ocrx_word' id='word_1_148' title='bbox 777 2457 833 2522; x_wconf 85' lang='grc' dir='ltr'><strong><em>καί</em></strong></span> <span class='ocrx_word' id='word_1_149' title='bbox 860 2446 1084 2539; x_wconf 88' lang='grc' dir='ltr'><strong><em>άνδρειοτάτη</em></strong></span> <span class='ocrx_word' id='word_1_150' title='bbox 1112 2447 1182 2538; x_wconf 74' lang='grc' dir='ltr'><strong><em>(ἀφ’</em></strong></span> <span class='ocrx_word' id='word_1_151' title='bbox 1206 2442 1244 2539; x_wconf 78' lang='grc' dir='ltr'><strong><em>ἧς</em></strong></span> <span class='ocrx_word' id='word_1_152' title='bbox 1271 2457 1501 2523; x_wconf 75' lang='grc' dir='ltr'><strong><em>ἐκλελοιπέναι</em></strong></span> <span class='ocrx_word' id='word_1_153' title='bbox 1522 2450 1586 2536; x_wconf 79' lang='grc' dir='ltr'><strong><em>,τά</em></strong></span> <span class='ocrx_word' id='word_1_154' title='bbox 1608 2478 1662 2539; x_wconf 90' lang='grc' dir='ltr'><strong><em>γυ-</em></strong></span> 
     </span>
     <span class='ocr_line' id='line_1_18' title="bbox 307 2543 1662 2643; baseline 0.001 -24"><span class='ocrx_word' id='word_1_155' title='bbox 307 2565 341 2619; x_wconf 84' lang='lat'><strong><em>20</em></strong></span> <span class='ocrx_word' id='word_1_156' title='bbox 360 2555 508 2617; x_wconf 69' lang='lat' dir='ltr'><strong><em>vacxela“</em></strong></span> <span class='ocrx_word' id='word_1_157' title='bbox 540 2543 581 2620; x_wconf 82' lang='grc' dir='ltr'><strong><em>όν</em></strong></span> <span class='ocrx_word' id='word_1_158' title='bbox 607 2547 739 2639; x_wconf 86' lang='grc' dir='ltr'><strong><em>τρόπον</em></strong></span> <span class='ocrx_word' id='word_1_159' title='bbox 765 2558 952 2622; x_wconf 79' lang='grc' dir='ltr'><strong><em>ἐκλελοίπει</em></strong></span> <span class='ocrx_word' id='word_1_160' title='bbox 978 2557 1021 2638; x_wconf 80' lang='grc' dir='ltr'><strong><em>τῇ</em></strong></span> <span class='ocrx_word' id='word_1_161' title='bbox 1043 2548 1162 2643; x_wconf 80' lang='grc' dir='ltr'><strong><em>Σάῤῥᾳ</em></strong></span> <span class='ocrx_word' id='word_1_162' title='bbox 1189 2545 1251 2640; x_wconf 82' lang='grc' dir='ltr'><strong><em>ἤδη</em></strong></span> <span class='ocrx_word' id='word_1_163' title='bbox 1278 2549 1441 2640; x_wconf 81' lang='grc' dir='ltr'><strong><em>εὔχομαι),</em></strong></span> <span class='ocrx_word' id='word_1_164' title='bbox 1469 2544 1556 2638; x_wconf 85' lang='grc' dir='ltr'><strong><em>ύμᾶς</em></strong></span> <span class='ocrx_word' id='word_1_165' title='bbox 1580 2544 1662 2620; x_wconf 85' lang='grc' dir='ltr'><strong><em>άπα-</em></strong></span> 
     </span>
     <span class='ocr_line' id='line_1_19' title="bbox 360 2644 1662 2740; baseline 0.004 -27"><span class='ocrx_word' id='word_1_166' title='bbox 360 2661 430 2730; x_wconf 85' lang='grc' dir='ltr'><strong><em>ρείν</em></strong></span> <span class='ocrx_word' id='word_1_167' title='bbox 451 2653 486 2716; x_wconf 89' lang='grc' dir='ltr'><strong><em>τί</em></strong></span> <span class='ocrx_word' id='word_1_168' title='bbox 507 2644 548 2737; x_wconf 88' lang='grc' dir='ltr'><strong><em>δή</em></strong></span> <span class='ocrx_word' id='word_1_169' title='bbox 573 2677 672 2733; x_wconf 86' lang='grc' dir='ltr'><strong><em>ποτε,</em></strong></span> <span class='ocrx_word' id='word_1_170' title='bbox 694 2656 770 2738; x_wconf 86' lang='grc' dir='ltr'><strong><em>περὶ</em></strong></span> <span class='ocrx_word' id='word_1_171' title='bbox 795 2645 893 2740; x_wconf 80' lang='grc' dir='ltr'><strong><em>εύχῆς</em></strong></span> <span class='ocrx_word' id='word_1_172' title='bbox 919 2657 1142 2738; x_wconf 83' lang='grc' dir='ltr'><strong><em>προκειμένου</em></strong></span> <span class='ocrx_word' id='word_1_173' title='bbox 1168 2647 1245 2739; x_wconf 77' lang='grc' dir='ltr'><strong><em>ἡμῖν</em></strong></span> <span class='ocrx_word' id='word_1_174' title='bbox 1267 2657 1330 2722; x_wconf 91' lang='grc' dir='ltr'><strong><em>τοῦ</em></strong></span> <span class='ocrx_word' id='word_1_175' title='bbox 1353 2647 1472 2740; x_wconf 90' lang='grc' dir='ltr'><strong><em>λόγου,</em></strong></span> <span class='ocrx_word' id='word_1_176' title='bbox 1495 2655 1604 2721; x_wconf 90' lang='grc' dir='ltr'><strong><em>ταῦτα</em></strong></span> <span class='ocrx_word' id='word_1_177' title='bbox 1625 2655 1662 2721; x_wconf 84' lang='grc' dir='ltr'><strong><em>έν</em></strong></span> 
     </span>
     <span class='ocr_line' id='line_1_20' title="bbox 360 2745 1662 2839; baseline 0.005 -26"><span class='ocrx_word' id='word_1_178' title='bbox 360 2753 549 2835; x_wconf 90' lang='grc' dir='ltr'><strong><em>προοιμίοις</em></strong></span> <span class='ocrx_word' id='word_1_179' title='bbox 583 2756 659 2836; x_wconf 82' lang='grc' dir='ltr'><strong><em>περὶ</em></strong></span> <span class='ocrx_word' id='word_1_180' title='bbox 694 2757 769 2820; x_wconf 90' lang='grc' dir='ltr'><strong><em>τῶν</em></strong></span> <span class='ocrx_word' id='word_1_181' title='bbox 805 2745 985 2821; x_wconf 86' lang='grc' dir='ltr'><strong><em>άδυνάτων</em></strong></span> <span class='ocrx_word' id='word_1_182' title='bbox 1014 2745 1213 2839; x_wconf 88' lang='grc' dir='ltr'><strong><em>άνθρῶποις</em></strong></span> <span class='ocrx_word' id='word_1_183' title='bbox 1247 2756 1406 2822; x_wconf 79' lang='grc' dir='ltr'><strong><em>δυνατῶν</em></strong></span> <span class='ocrx_word' id='word_1_184' title='bbox 1435 2747 1548 2839; x_wconf 86' lang='grc' dir='ltr'><strong><em>χάριτι</em></strong></span> <span class='ocrx_word' id='word_1_185' title='bbox 1576 2754 1662 2820; x_wconf 88' lang='grc' dir='ltr'><strong><em>θεοῦ</em></strong></span> 
     </span>
     <span class='ocr_line' id='line_1_21' title="bbox 360 2844 1663 2941; baseline 0.003 -29"><span class='ocrx_word' id='word_1_186' title='bbox 360 2851 546 2934; x_wconf 81' lang='grc' dir='ltr'><strong><em>γινομένων</em></strong></span> <span class='ocrx_word' id='word_1_187' title='bbox 579 2851 715 2935; x_wconf 76' lang='grc' dir='ltr'><strong><em>εἴρηται.</em></strong></span> <span class='ocrx_word' id='word_1_188' title='bbox 758 2851 794 2919; x_wconf 76' lang='grc' dir='ltr'><strong><em>ἓν</em></strong></span> <span class='ocrx_word' id='word_1_189' title='bbox 821 2856 894 2920; x_wconf 91' lang='grc' dir='ltr'><strong><em>τῶν</em></strong></span> <span class='ocrx_word' id='word_1_190' title='bbox 920 2845 1098 2921; x_wconf 89' lang='grc' dir='ltr'><strong><em>άδυνάτων</em></strong></span> <span class='ocrx_word' id='word_1_191' title='bbox 1125 2844 1206 2922; x_wconf 79' lang='grc' dir='ltr'><strong><em>ὅσον</em></strong></span> <span class='ocrx_word' id='word_1_192' title='bbox 1232 2855 1287 2921; x_wconf 80' lang='grc' dir='ltr'><strong><em>ἐπὶ</em></strong></span> <span class='ocrx_word' id='word_1_193' title='bbox 1313 2857 1356 2939; x_wconf 80' lang='grc' dir='ltr'><strong><em>τῇ</em></strong></span> <span class='ocrx_word' id='word_1_194' title='bbox 1382 2845 1540 2941; x_wconf 77' lang='grc' dir='ltr'><strong><em>ἀσθενείᾳ</em></strong></span> <span class='ocrx_word' id='word_1_195' title='bbox 1566 2844 1663 2938; x_wconf 84' lang='grc' dir='ltr'><strong><em>ἡμῶν</em></strong></span> 
     </span>
     <span class='ocr_line' id='line_1_22' title="bbox 361 2945 1663 3040; baseline 0.005 -27"><span class='ocrx_word' id='word_1_196' title='bbox 361 2951 522 3032; x_wconf 87' lang='grc' dir='ltr'><strong><em>πείθομαι</em></strong></span> <span class='ocrx_word' id='word_1_197' title='bbox 548 2945 723 3035; x_wconf 78' lang='grc' dir='ltr'><strong><em>τυγχάνειν</em></strong></span> <span class='ocrx_word' id='word_1_198' title='bbox 751 2956 923 3038; x_wconf 89' lang='grc' dir='ltr'><strong><em>τρανῶσαι</em></strong></span> <span class='ocrx_word' id='word_1_199' title='bbox 948 2948 1012 3021; x_wconf 86' lang='grc' dir='ltr'><strong><em>τόν</em></strong></span> <span class='ocrx_word' id='word_1_200' title='bbox 1036 2956 1113 3038; x_wconf 85' lang='grc' dir='ltr'><strong><em>περὶ</em></strong></span> <span class='ocrx_word' id='word_1_201' title='bbox 1139 2955 1200 3039; x_wconf 83' lang='grc' dir='ltr'><strong><em>τῆς</em></strong></span> <span class='ocrx_word' id='word_1_202' title='bbox 1226 2946 1322 3040; x_wconf 80' lang='grc' dir='ltr'><strong><em>εύχῆς</em></strong></span> <span class='ocrx_word' id='word_1_203' title='bbox 1344 2945 1489 3038; x_wconf 76' lang='grc' dir='ltr'><strong><em>ἀκριβῶς</em></strong></span> <span class='ocrx_word' id='word_1_204' title='bbox 1510 2956 1566 3019; x_wconf 88' lang='grc' dir='ltr'><strong><em>καὶ</em></strong></span> <span class='ocrx_word' id='word_1_205' title='bbox 1588 2959 1663 3019; x_wconf 87' lang='grc' dir='ltr'><strong><em>θεο-</em></strong></span> 
     </span>
    </p>
   </div>
   <div class='ocr_carea' id='block_1_4' title="bbox 361 3099 1664 3258">
    <p class='ocr_par' dir='ltr' id='par_1_4' title="bbox 361 3099 1664 3258">
     <span class='ocr_line' id='line_1_23' title="bbox 447 3099 1664 3172; baseline 0.002 -17"><span class='ocrx_word' id='word_1_206' title='bbox 447 3100 463 3155; x_wconf 94' lang='lat'>1</span> <span class='ocrx_word' id='word_1_207' title='bbox 488 3099 550 3168; x_wconf 56' lang='grc' dir='ltr'><strong><em>ιρι.</em></strong></span> <span class='ocrx_word' id='word_1_208' title='bbox 569 3100 646 3156; x_wconf 58' lang='lat' dir='ltr'><strong>Rom.</strong></span> <span class='ocrx_word' id='word_1_209' title='bbox 665 3106 705 3169; x_wconf 88' lang='lat'><strong><em>11,</em></strong></span> <span class='ocrx_word' id='word_1_210' title='bbox 724 3105 764 3158; x_wconf 86' lang='lat'><strong><em>34.</em></strong></span> <span class='ocrx_word' id='word_1_211' title='bbox 786 3103 879 3158; x_wconf 75' lang='lat' dir='ltr'>1x0r.</span> <span class='ocrx_word' id='word_1_212' title='bbox 897 3105 921 3168; x_wconf 85' lang='lat'><strong><em>2,</em></strong></span> <span class='ocrx_word' id='word_1_213' title='bbox 940 3104 973 3158; x_wconf 88' lang='lat'><strong><em>16</em></strong></span> <span class='ocrx_word' id='word_1_214' title='bbox 991 3104 1053 3172; x_wconf 68' lang='grc' dir='ltr'><strong><em>(ιιι.</em></strong></span> <span class='ocrx_word' id='word_1_215' title='bbox 1071 3105 1112 3170; x_wconf 84' lang='grc' dir='ltr'><strong><em>ιο,</em></strong></span> <span class='ocrx_word' id='word_1_216' title='bbox 1132 3103 1182 3172; x_wconf 85' lang='lat'>13).</span> <span class='ocrx_word' id='word_1_217' title='bbox 1199 3133 1233 3142; x_wconf 96' lang='lat'>-</span> <span class='ocrx_word' id='word_1_218' title='bbox 1251 3103 1270 3158; x_wconf 83' lang='grc' dir='ltr'><strong><em>ο</em></strong></span> <span class='ocrx_word' id='word_1_219' title='bbox 1290 3101 1352 3172; x_wconf 77' lang='lat' dir='ltr'><strong>Vgl.</strong></span> <span class='ocrx_word' id='word_1_220' title='bbox 1370 3103 1434 3158; x_wconf 80' lang='lat' dir='ltr'><strong>Joh.</strong></span> <span class='ocrx_word' id='word_1_221' title='bbox 1452 3105 1493 3166; x_wconf 83' lang='lat'><strong><em>15.</em></strong></span> <span class='ocrx_word' id='word_1_222' title='bbox 1513 3104 1554 3157; x_wconf 76' lang='grc' dir='ltr'><strong><em>ιι.</em></strong></span> <span class='ocrx_word' id='word_1_223' title='bbox 1572 3105 1612 3158; x_wconf 84' lang='lat'><strong><em>15.</em></strong></span> <span class='ocrx_word' id='word_1_224' title='bbox 1630 3131 1664 3142; x_wconf 92' lang='lat'><em>-</em></span> 
     </span>
     <span class='ocr_line' id='line_1_24' title="bbox 361 3183 1454 3258; baseline 0.002 -20"><span class='ocrx_word' id='word_1_225' title='bbox 361 3183 380 3238; x_wconf 84' lang='grc' dir='ltr'><strong><em>ο</em></strong></span> <span class='ocrx_word' id='word_1_226' title='bbox 399 3183 461 3253; x_wconf 78' lang='lat' dir='ltr'>vgl.</span> <span class='ocrx_word' id='word_1_227' title='bbox 480 3185 493 3237; x_wconf 90' lang='lat'>1</span> <span class='ocrx_word' id='word_1_228' title='bbox 510 3185 574 3241; x_wconf 87' lang='lat' dir='ltr'>Kor.</span> <span class='ocrx_word' id='word_1_229' title='bbox 593 3188 617 3250; x_wconf 84' lang='lat'><strong><em>2,</em></strong></span> <span class='ocrx_word' id='word_1_230' title='bbox 637 3190 676 3242; x_wconf 91' lang='lat'><strong><em>11.</em></strong></span> <span class='ocrx_word' id='word_1_231' title='bbox 694 3218 727 3226; x_wconf 90' lang='lat'><em>-</em></span> <span class='ocrx_word' id='word_1_232' title='bbox 747 3187 785 3244; x_wconf 82' lang='grc' dir='ltr'><strong><em>ιο</em></strong></span> <span class='ocrx_word' id='word_1_233' title='bbox 803 3189 816 3242; x_wconf 91' lang='lat'>1</span> <span class='ocrx_word' id='word_1_234' title='bbox 833 3187 897 3244; x_wconf 68' lang='lat' dir='ltr'><strong>xor.</strong></span> <span class='ocrx_word' id='word_1_235' title='bbox 915 3189 940 3252; x_wconf 84' lang='lat'><strong><em>2,</em></strong></span> <span class='ocrx_word' id='word_1_236' title='bbox 959 3190 999 3244; x_wconf 86' lang='lat'><strong><em>12.</em></strong></span> <span class='ocrx_word' id='word_1_237' title='bbox 1019 3191 1058 3243; x_wconf 87' lang='lat'><strong><em>13.</em></strong></span> <span class='ocrx_word' id='word_1_238' title='bbox 1076 3218 1110 3228; x_wconf 97' lang='lat'>-</span> <span class='ocrx_word' id='word_1_239' title='bbox 1129 3189 1167 3245; x_wconf 81' lang='grc' dir='ltr'><strong><em>ιο</em></strong></span> <span class='ocrx_word' id='word_1_240' title='bbox 1187 3187 1248 3258; x_wconf 74' lang='lat' dir='ltr'>vgl.</span> <span class='ocrx_word' id='word_1_241' title='bbox 1268 3188 1335 3242; x_wconf 75' lang='lat' dir='ltr'><strong>oen.</strong></span> <span class='ocrx_word' id='word_1_242' title='bbox 1354 3188 1394 3252; x_wconf 86' lang='lat'><strong><em>18,</em></strong></span> <span class='ocrx_word' id='word_1_243' title='bbox 1414 3191 1454 3241; x_wconf 86' lang='lat'><strong><em>11.</em></strong></span> 
     </span>
    </p>
   </div>
   <div class='ocr_carea' id='block_1_5' title="bbox 361 3311 1668 4744">
    <p class='ocr_par' dir='ltr' id='par_1_5' title="bbox 361 3311 1668 4744">
     <span class='ocr_line' id='line_1_25' title="bbox 446 3311 1664 3386; baseline -0.002 -20"><span class='ocrx_word' id='word_1_244' title='bbox 446 3311 464 3366; x_wconf 79' lang='lat'>2</span> <span class='ocrx_word' id='word_1_245' title='bbox 483 3311 572 3366; x_wconf 65' lang='lat' dir='ltr'><strong>hinter</strong></span> <span class='ocrx_word' id='word_1_246' title='bbox 586 3314 733 3386; x_wconf 81' lang='grc' dir='ltr'><strong><em>χαρίζεται</em></strong></span> <span class='ocrx_word' id='word_1_247' title='bbox 751 3313 812 3369; x_wconf 83' lang='lat' dir='ltr'>eine</span> <span class='ocrx_word' id='word_1_248' title='bbox 824 3315 917 3369; x_wconf 80' lang='lat' dir='ltr'>Lflcke</span> <span class='ocrx_word' id='word_1_249' title='bbox 935 3331 988 3368; x_wconf 83' lang='lat' dir='ltr'><strong><em>von</em></strong></span> <span class='ocrx_word' id='word_1_250' title='bbox 999 3315 1049 3380; x_wconf 69' lang='lat' dir='ltr'><strong><em>3¹l³</em></strong></span> <span class='ocrx_word' id='word_1_251' title='bbox 1063 3314 1155 3369; x_wconf 81' lang='lat' dir='ltr'>Zeilen</span> <span class='ocrx_word' id='word_1_252' title='bbox 1163 3340 1196 3357; x_wconf 87' lang='lat'>=</span> <span class='ocrx_word' id='word_1_253' title='bbox 1206 3313 1342 3384; x_wconf 73' lang='lat' dir='ltr'>ungeffihr</span> <span class='ocrx_word' id='word_1_254' title='bbox 1350 3315 1401 3368; x_wconf 80' lang='lat'><strong><em>225</em></strong></span> <span class='ocrx_word' id='word_1_255' title='bbox 1413 3313 1523 3368; x_wconf 53' lang='lat' dir='ltr'><strong>Buohst„</strong></span> <span class='ocrx_word' id='word_1_256' title='bbox 1535 3311 1565 3366; x_wconf 89' lang='lat' dir='ltr'><strong><em>in</em></strong></span> <span class='ocrx_word' id='word_1_257' title='bbox 1577 3312 1607 3379; x_wconf 87' lang='lat' dir='ltr'><strong><em>T,</em></strong></span> <span class='ocrx_word' id='word_1_258' title='bbox 1620 3312 1664 3365; x_wconf 84' lang='lat' dir='ltr'><strong><em>die</em></strong></span> 
     </span>
     <span class='ocr_line' id='line_1_26' title="bbox 362 3393 1665 3468; baseline 0.001 -20"><span class='ocrx_word' id='word_1_259' title='bbox 362 3393 423 3448; x_wconf 85' lang='lat' dir='ltr'>eine</span> <span class='ocrx_word' id='word_1_260' title='bbox 435 3413 470 3448; x_wconf 79' lang='lat' dir='ltr'><strong><em>an</em></strong></span> <span class='ocrx_word' id='word_1_261' title='bbox 483 3396 591 3463; x_wconf 84' lang='lat' dir='ltr'>Joh.15‚</span> <span class='ocrx_word' id='word_1_262' title='bbox 606 3401 645 3454; x_wconf 87' lang='lat'><strong><em>14.</em></strong></span> <span class='ocrx_word' id='word_1_263' title='bbox 660 3401 692 3453; x_wconf 87' lang='grc'>15</span> <span class='ocrx_word' id='word_1_264' title='bbox 710 3399 898 3468; x_wconf 71' lang='grc' dir='ltr'><strong><em>οοςεῙωθρέίο</em></strong></span> <span class='ocrx_word' id='word_1_265' title='bbox 907 3397 1074 3468; x_wconf 72' lang='lat' dir='ltr'>Erbrterung</span> <span class='ocrx_word' id='word_1_266' title='bbox 1086 3399 1227 3453; x_wconf 75' lang='lat' dir='ltr'>enthalten</span> <span class='ocrx_word' id='word_1_267' title='bbox 1239 3399 1296 3462; x_wconf 52' lang='lat' dir='ltr'><strong><em>hat„</em></strong></span> <span class='ocrx_word' id='word_1_268' title='bbox 1309 3397 1509 3468; x_wconf 68' lang='lat' dir='ltr'>ngOrigenes,</span> <span class='ocrx_word' id='word_1_269' title='bbox 1523 3396 1626 3451; x_wconf 81' lang='lat' dir='ltr'>Comm.</span> <span class='ocrx_word' id='word_1_270' title='bbox 1636 3396 1665 3449; x_wconf 87' lang='lat' dir='ltr'><strong><em>in</em></strong></span> 
     </span>
     <span class='ocr_line' id='line_1_27' title="bbox 362 3478 1665 3554; baseline 0.002 -24"><span class='ocrx_word' id='word_1_271' title='bbox 362 3478 423 3533; x_wconf 90' lang='lat' dir='ltr'><strong>Joh.</strong></span> <span class='ocrx_word' id='word_1_272' title='bbox 434 3483 499 3534; x_wconf 75' lang='lat' dir='ltr'><strong>tom.</strong></span> <span class='ocrx_word' id='word_1_273' title='bbox 512 3481 524 3535; x_wconf 94' lang='lat' dir='ltr'>I</span> <span class='ocrx_word' id='word_1_274' title='bbox 537 3483 570 3537; x_wconf 85' lang='lat'><strong><em>29</em></strong></span> <span class='ocrx_word' id='word_1_275' title='bbox 583 3483 637 3550; x_wconf 89' lang='grc'>(31)</span> <span class='ocrx_word' id='word_1_276' title='bbox 650 3484 724 3552; x_wconf 77' lang='lat' dir='ltr'>(tom.</span> <span class='ocrx_word' id='word_1_277' title='bbox 736 3483 748 3536; x_wconf 94' lang='grc' dir='ltr'>Ι</span> <span class='ocrx_word' id='word_1_278' title='bbox 760 3501 785 3553; x_wconf 91' lang='lat' dir='ltr'><strong><em>p.</em></strong></span> <span class='ocrx_word' id='word_1_279' title='bbox 798 3484 831 3538; x_wconf 91' lang='grc'><strong><em>64</em></strong></span> <span class='ocrx_word' id='word_1_280' title='bbox 841 3499 881 3550; x_wconf 83' lang='lat' dir='ltr'><strong><em>sq.</em></strong></span> <span class='ocrx_word' id='word_1_281' title='bbox 894 3481 936 3538; x_wconf 83' lang='lat' dir='ltr'><strong><em>ed.</em></strong></span> <span class='ocrx_word' id='word_1_282' title='bbox 949 3483 1062 3550; x_wconf 68' lang='lat' dir='ltr'>Lomm„</span> <span class='ocrx_word' id='word_1_283' title='bbox 1074 3483 1087 3536; x_wconf 87' lang='lat'>1</span> <span class='ocrx_word' id='word_1_284' title='bbox 1100 3502 1125 3554; x_wconf 91' lang='lat' dir='ltr'><strong><em>p.</em></strong></span> <span class='ocrx_word' id='word_1_285' title='bbox 1137 3484 1171 3537; x_wconf 88' lang='lat'><strong><em>38</em></strong></span> <span class='ocrx_word' id='word_1_286' title='bbox 1183 3483 1224 3537; x_wconf 84' lang='lat' dir='ltr'><strong><em>ed.</em></strong></span> <span class='ocrx_word' id='word_1_287' title='bbox 1237 3481 1361 3550; x_wconf 78' lang='lat' dir='ltr'><strong>Brooke).</strong></span> <span class='ocrx_word' id='word_1_288' title='bbox 1385 3479 1434 3535; x_wconf 86' lang='lat' dir='ltr'><strong><em>Ox.</em></strong></span> <span class='ocrx_word' id='word_1_289' title='bbox 1447 3480 1582 3551; x_wconf 60' lang='grc' dir='ltr'><strong><em>(πείθω.</em></strong></span> <span class='ocrx_word' id='word_1_290' title='bbox 1594 3481 1665 3536; x_wconf 89' lang='grc'>1197</span> 
     </span>
     <span class='ocr_line' id='line_1_28' title="bbox 361 3557 1665 3636; baseline 0.002 -20"><span class='ocrx_word' id='word_1_291' title='bbox 361 3565 440 3616; x_wconf 82' lang='lat' dir='ltr'>Anm.</span> <span class='ocrx_word' id='word_1_292' title='bbox 454 3566 480 3633; x_wconf 81' lang='lat' dir='ltr'><strong><em>a)</em></strong></span> <span class='ocrx_word' id='word_1_293' title='bbox 499 3567 627 3622; x_wconf 78' lang='lat' dir='ltr'><strong>versucht</strong></span> <span class='ocrx_word' id='word_1_294' title='bbox 644 3567 688 3622; x_wconf 77' lang='lat' dir='ltr'><strong><em>die</em></strong></span> <span class='ocrx_word' id='word_1_295' title='bbox 700 3567 791 3622; x_wconf 73' lang='lat' dir='ltr'><strong>Lflcke</strong></span> <span class='ocrx_word' id='word_1_296' title='bbox 809 3583 839 3621; x_wconf 85' lang='grc' dir='ltr'><strong><em>εο</em></strong></span> <span class='ocrx_word' id='word_1_297' title='bbox 857 3567 1041 3621; x_wconf 79' lang='lat' dir='ltr'><strong>auszufiillen:</strong></span> <span class='ocrx_word' id='word_1_298' title='bbox 1060 3560 1136 3634; x_wconf 79' lang='grc' dir='ltr'><strong><em>(εἶπε</em></strong></span> <span class='ocrx_word' id='word_1_299' title='bbox 1153 3561 1218 3636; x_wconf 84' lang='grc' dir='ltr'><strong><em>γάρ,</em></strong></span> <span class='ocrx_word' id='word_1_300' title='bbox 1237 3560 1290 3622; x_wconf 88' lang='grc' dir='ltr'><strong><em>ούκ</em></strong></span> <span class='ocrx_word' id='word_1_301' title='bbox 1308 3559 1350 3622; x_wconf 73' lang='grc' dir='ltr'><strong><em>ἔτι</em></strong></span> <span class='ocrx_word' id='word_1_302' title='bbox 1367 3557 1439 3634; x_wconf 81' lang='grc' dir='ltr'><strong><em>ῦμᾶς</em></strong></span> <span class='ocrx_word' id='word_1_303' title='bbox 1450 3563 1525 3636; x_wconf 86' lang='grc' dir='ltr'><strong><em>λέγω</em></strong></span> <span class='ocrx_word' id='word_1_304' title='bbox 1538 3559 1665 3628; x_wconf 87' lang='grc' dir='ltr'><strong><em>δούλους,</em></strong></span> 
     </span>
     <span class='ocr_line' id='line_1_29' title="bbox 361 3637 1668 3722; baseline 0 -20"><span class='ocrx_word' id='word_1_305' title='bbox 361 3637 407 3703; x_wconf 83' lang='grc' dir='ltr'><strong><em>ότι</em></strong></span> <span class='ocrx_word' id='word_1_306' title='bbox 431 3640 447 3704; x_wconf 87' lang='grc' dir='ltr'><strong><em>ό</em></strong></span> <span class='ocrx_word' id='word_1_307' title='bbox 471 3652 574 3716; x_wconf 84' lang='grc' dir='ltr'><strong><em>δοῦλος</em></strong></span> <span class='ocrx_word' id='word_1_308' title='bbox 595 3645 648 3708; x_wconf 84' lang='grc' dir='ltr'><strong><em>οὐκ</em></strong></span> <span class='ocrx_word' id='word_1_309' title='bbox 671 3645 730 3708; x_wconf 85' lang='grc' dir='ltr'><strong><em>οίδε</em></strong></span> <span class='ocrx_word' id='word_1_310' title='bbox 752 3653 781 3706; x_wconf 84' lang='grc' dir='ltr'><strong><em>τί</em></strong></span> <span class='ocrx_word' id='word_1_311' title='bbox 800 3659 880 3708; x_wconf 88' lang='grc' dir='ltr'><strong><em>ποιεῖ</em></strong></span> <span class='ocrx_word' id='word_1_312' title='bbox 900 3645 916 3706; x_wconf 86' lang='grc' dir='ltr'><strong>ὁ</strong></span> <span class='ocrx_word' id='word_1_313' title='bbox 938 3647 1049 3722; x_wconf 87' lang='grc' dir='ltr'><strong><em>κύριος,</em></strong></span> <span class='ocrx_word' id='word_1_314' title='bbox 1076 3643 1149 3717; x_wconf 83' lang='grc' dir='ltr'><strong><em>ύμᾶς</em></strong></span> <span class='ocrx_word' id='word_1_315' title='bbox 1170 3648 1200 3705; x_wconf 81' lang='grc' dir='ltr'><strong><em>δὲ</em></strong></span> <span class='ocrx_word' id='word_1_316' title='bbox 1217 3645 1318 3722; x_wconf 81' lang='grc' dir='ltr'><strong><em>εἴρηκα</em></strong></span> <span class='ocrx_word' id='word_1_317' title='bbox 1336 3651 1449 3720; x_wconf 85' lang='grc' dir='ltr'><strong><em>φίλους,</em></strong></span> <span class='ocrx_word' id='word_1_318' title='bbox 1471 3641 1517 3706; x_wconf 81' lang='grc' dir='ltr'><strong><em>ότι</em></strong></span> <span class='ocrx_word' id='word_1_319' title='bbox 1534 3643 1628 3705; x_wconf 81' lang='grc' dir='ltr'><strong><em>πάντα</em></strong></span> <span class='ocrx_word' id='word_1_320' title='bbox 1647 3638 1668 3702; x_wconf 81' lang='grc' dir='ltr'><strong><em>ά</em></strong></span> 
     </span>
     <span class='ocr_line' id='line_1_30' title="bbox 363 3726 1665 3808; baseline -0.002 -20"><span class='ocrx_word' id='word_1_321' title='bbox 363 3726 472 3801; x_wconf 73' lang='grc' dir='ltr'><strong><em>ἤκουσα</em></strong></span> <span class='ocrx_word' id='word_1_322' title='bbox 490 3731 570 3805; x_wconf 81' lang='grc' dir='ltr'><strong><em>παρὰ</em></strong></span> <span class='ocrx_word' id='word_1_323' title='bbox 588 3743 642 3793; x_wconf 86' lang='grc' dir='ltr'><strong><em>τοῦ</em></strong></span> <span class='ocrx_word' id='word_1_324' title='bbox 657 3732 769 3808; x_wconf 86' lang='grc' dir='ltr'><strong><em>πατρός</em></strong></span> <span class='ocrx_word' id='word_1_325' title='bbox 776 3739 843 3806; x_wconf 68' lang='grc' dir='ltr'><strong><em>ζμου</em></strong></span> <span class='ocrx_word' id='word_1_326' title='bbox 861 3732 1003 3808; x_wconf 75' lang='grc' dir='ltr'><strong><em>ἐγνώρισα</em></strong></span> <span class='ocrx_word' id='word_1_327' title='bbox 1021 3729 1099 3804; x_wconf 73' lang='grc' dir='ltr'><strong><em>ύμῖν</em></strong></span> <span class='ocrx_word' id='word_1_328' title='bbox 1118 3733 1192 3805; x_wconf 85' lang='grc' dir='ltr'><strong><em>λέγει</em></strong></span> <span class='ocrx_word' id='word_1_329' title='bbox 1206 3727 1251 3790; x_wconf 82' lang='grc' dir='ltr'><strong><em>δτι</em></strong></span> <span class='ocrx_word' id='word_1_330' title='bbox 1269 3729 1322 3791; x_wconf 81' lang='grc' dir='ltr'><strong><em>οὐκ</em></strong></span> <span class='ocrx_word' id='word_1_331' title='bbox 1338 3728 1409 3804; x_wconf 81' lang='grc' dir='ltr'><strong><em>οἶδε)</em></strong></span> <span class='ocrx_word' id='word_1_332' title='bbox 1428 3734 1506 3788; x_wconf 76' lang='lat' dir='ltr'><strong>nieht</strong></span> <span class='ocrx_word' id='word_1_333' title='bbox 1517 3732 1665 3803; x_wconf 73' lang='lat' dir='ltr'>glfioklich,</span> 
     </span>
     <span class='ocr_line' id='line_1_31' title="bbox 362 3817 1666 3891; baseline 0 -20"><span class='ocrx_word' id='word_1_334' title='bbox 362 3819 398 3874; x_wconf 74' lang='lat' dir='ltr'><strong><em>da</em></strong></span> <span class='ocrx_word' id='word_1_335' title='bbox 425 3819 474 3874; x_wconf 72' lang='lat' dir='ltr'><strong><em>das</em></strong></span> <span class='ocrx_word' id='word_1_336' title='bbox 501 3821 629 3890; x_wconf 81' lang='lat' dir='ltr'>folgende</span> <span class='ocrx_word' id='word_1_337' title='bbox 655 3817 766 3878; x_wconf 81' lang='grc' dir='ltr'><strong><em>έαατῶν</em></strong></span> <span class='ocrx_word' id='word_1_338' title='bbox 787 3823 823 3890; x_wconf 82' lang='grc' dir='ltr'><strong><em>(Ζ.</em></strong></span> <span class='ocrx_word' id='word_1_339' title='bbox 842 3823 868 3888; x_wconf 89' lang='grc'><strong><em>6)</em></strong></span> <span class='ocrx_word' id='word_1_340' title='bbox 894 3822 972 3876; x_wconf 81' lang='lat' dir='ltr'><strong>nicht</strong></span> <span class='ocrx_word' id='word_1_341' title='bbox 993 3836 1089 3891; x_wconf 70' lang='lat' dir='ltr'>passen</span> <span class='ocrx_word' id='word_1_342' title='bbox 1111 3819 1213 3874; x_wconf 53' lang='lat' dir='ltr'>wflrde„</span> <span class='ocrx_word' id='word_1_343' title='bbox 1239 3819 1320 3888; x_wconf 80' lang='lat' dir='ltr'>AngL</span> <span class='ocrx_word' id='word_1_344' title='bbox 1344 3819 1399 3888; x_wconf 81' lang='lat' dir='ltr'>(bei</span> <span class='ocrx_word' id='word_1_345' title='bbox 1417 3819 1476 3873; x_wconf 88' lang='lat' dir='ltr'>Del.</span> <span class='ocrx_word' id='word_1_346' title='bbox 1495 3819 1507 3872; x_wconf 94' lang='grc' dir='ltr'><strong>Ι</strong></span> <span class='ocrx_word' id='word_1_347' title='bbox 1525 3819 1605 3888; x_wconf 61' lang='grc'>9118)</span> <span class='ocrx_word' id='word_1_348' title='bbox 1628 3835 1666 3872; x_wconf 80' lang='lat' dir='ltr'><strong><em>er·</em></strong></span> 
     </span>
     <span class='ocr_line' id='line_1_32' title="bbox 361 3894 1666 3978; baseline -0.002 -20"><span class='ocrx_word' id='word_1_349' title='bbox 361 3907 446 3973; x_wconf 62' lang='lat' dir='ltr'>gfinzt</span> <span class='ocrx_word' id='word_1_350' title='bbox 467 3905 560 3962; x_wconf 77' lang='lat' dir='ltr'>besser</span> <span class='ocrx_word' id='word_1_351' title='bbox 581 3925 623 3963; x_wconf 83' lang='lat' dir='ltr'><strong><em>so:</em></strong></span> <span class='ocrx_word' id='word_1_352' title='bbox 651 3901 725 3977; x_wconf 78' lang='grc' dir='ltr'><strong><em>(εἶπε</em></strong></span> <span class='ocrx_word' id='word_1_353' title='bbox 747 3900 816 3978; x_wconf 86' lang='grc' dir='ltr'><strong><em>γάρ,</em></strong></span> <span class='ocrx_word' id='word_1_354' title='bbox 839 3901 892 3962; x_wconf 87' lang='grc' dir='ltr'><strong><em>ούκ</em></strong></span> <span class='ocrx_word' id='word_1_355' title='bbox 912 3899 955 3961; x_wconf 77' lang='grc' dir='ltr'><strong><em>ἔτι</em></strong></span> <span class='ocrx_word' id='word_1_356' title='bbox 978 3898 1052 3974; x_wconf 74' lang='grc' dir='ltr'><strong><em>ὑμᾶς</em></strong></span> <span class='ocrx_word' id='word_1_357' title='bbox 1073 3902 1148 3974; x_wconf 83' lang='grc' dir='ltr'><strong><em>λέγω</em></strong></span> <span class='ocrx_word' id='word_1_358' title='bbox 1166 3898 1296 3970; x_wconf 80' lang='grc' dir='ltr'><strong><em>δούλους,</em></strong></span> <span class='ocrx_word' id='word_1_359' title='bbox 1315 3894 1362 3959; x_wconf 81' lang='grc' dir='ltr'><strong><em>δτι</em></strong></span> <span class='ocrx_word' id='word_1_360' title='bbox 1380 3895 1396 3958; x_wconf 84' lang='grc' dir='ltr'><strong><em>ό</em></strong></span> <span class='ocrx_word' id='word_1_361' title='bbox 1416 3905 1518 3967; x_wconf 84' lang='grc' dir='ltr'><strong><em>δοῦλος</em></strong></span> <span class='ocrx_word' id='word_1_362' title='bbox 1536 3895 1589 3957; x_wconf 87' lang='grc' dir='ltr'><strong><em>ούκ</em></strong></span> <span class='ocrx_word' id='word_1_363' title='bbox 1607 3897 1666 3957; x_wconf 67' lang='lat' dir='ltr'><strong><em>olas</em></strong></span> 
     </span>
     <span class='ocr_line' id='line_1_33' title="bbox 362 3976 1666 4064; baseline -0.002 -21"><span class='ocrx_word' id='word_1_364' title='bbox 362 3988 390 4043; x_wconf 87' lang='grc' dir='ltr'><strong><em>τί</em></strong></span> <span class='ocrx_word' id='word_1_365' title='bbox 410 3981 444 4045; x_wconf 86' lang='grc' dir='ltr'><strong><em>τό</em></strong></span> <span class='ocrx_word' id='word_1_366' title='bbox 467 3987 580 4062; x_wconf 84' lang='grc' dir='ltr'><strong><em>θέλημα</em></strong></span> <span class='ocrx_word' id='word_1_367' title='bbox 602 3997 655 4048; x_wconf 87' lang='grc' dir='ltr'><strong><em>τοῦ</em></strong></span> <span class='ocrx_word' id='word_1_368' title='bbox 676 3993 777 4064; x_wconf 88' lang='grc' dir='ltr'><strong><em>κυρίου</em></strong></span> <span class='ocrx_word' id='word_1_369' title='bbox 798 3983 899 4056; x_wconf 74' lang='grc' dir='ltr'><strong><em>αὑτοῦ,</em></strong></span> <span class='ocrx_word' id='word_1_370' title='bbox 924 3983 997 4058; x_wconf 83' lang='grc' dir='ltr'><strong><em>ῦμᾶς</em></strong></span> <span class='ocrx_word' id='word_1_371' title='bbox 1019 3987 1048 4046; x_wconf 79' lang='grc' dir='ltr'><strong><em>δέ</em></strong></span> <span class='ocrx_word' id='word_1_372' title='bbox 1070 3984 1170 4060; x_wconf 72' lang='grc' dir='ltr'><strong><em>εἴρηκα</em></strong></span> <span class='ocrx_word' id='word_1_373' title='bbox 1188 3989 1302 4058; x_wconf 85' lang='grc' dir='ltr'><strong><em>φίλους,</em></strong></span> <span class='ocrx_word' id='word_1_374' title='bbox 1320 3979 1366 4044; x_wconf 85' lang='grc' dir='ltr'><strong><em>ότι</em></strong></span> <span class='ocrx_word' id='word_1_375' title='bbox 1383 3983 1490 4050; x_wconf 85' lang='grc' dir='ltr'><strong><em>πάντα,</em></strong></span> <span class='ocrx_word' id='word_1_376' title='bbox 1513 3976 1532 4042; x_wconf 76' lang='grc' dir='ltr'><strong><em>ά</em></strong></span> <span class='ocrx_word' id='word_1_377' title='bbox 1556 3980 1666 4056; x_wconf 79' lang='grc' dir='ltr'><strong><em>ἤκουσα</em></strong></span> 
     </span>
     <span class='ocr_line' id='line_1_34' title="bbox 362 4061 1666 4147; baseline -0.003 -18"><span class='ocrx_word' id='word_1_378' title='bbox 362 4068 442 4147; x_wconf 79' lang='grc' dir='ltr'><strong><em>παρὰ</em></strong></span> <span class='ocrx_word' id='word_1_379' title='bbox 460 4081 514 4133; x_wconf 84' lang='grc' dir='ltr'><strong><em>τοῦ</em></strong></span> <span class='ocrx_word' id='word_1_380' title='bbox 529 4072 642 4146; x_wconf 86' lang='grc' dir='ltr'><strong><em>πατρός</em></strong></span> <span class='ocrx_word' id='word_1_381' title='bbox 658 4095 724 4146; x_wconf 84' lang='grc' dir='ltr'><strong><em>μου,</em></strong></span> <span class='ocrx_word' id='word_1_382' title='bbox 741 4071 885 4146; x_wconf 83' lang='grc' dir='ltr'><strong><em>έγνοίρισα</em></strong></span> <span class='ocrx_word' id='word_1_383' title='bbox 903 4066 976 4142; x_wconf 84' lang='grc' dir='ltr'><strong><em>ύμῖν.</em></strong></span> <span class='ocrx_word' id='word_1_384' title='bbox 1010 4069 1132 4139; x_wconf 86' lang='grc' dir='ltr'><strong><em>Δούλοις</em></strong></span> <span class='ocrx_word' id='word_1_385' title='bbox 1151 4061 1233 4129; x_wconf 83' lang='grc' dir='ltr'><strong><em>οὖσιν</em></strong></span> <span class='ocrx_word' id='word_1_386' title='bbox 1250 4067 1348 4137; x_wconf 86' lang='grc' dir='ltr'><strong><em>αύτοῖς</em></strong></span> <span class='ocrx_word' id='word_1_387' title='bbox 1365 4073 1520 4144; x_wconf 85' lang='grc' dir='ltr'><strong><em>γνωρίζει).</em></strong></span> <span class='ocrx_word' id='word_1_388' title='bbox 1549 4071 1598 4126; x_wconf 78' lang='lat' dir='ltr'><strong><em>Ich</em></strong></span> <span class='ocrx_word' id='word_1_389' title='bbox 1610 4089 1666 4126; x_wconf 86' lang='lat' dir='ltr'>ver-</span> 
     </span>
     <span class='ocr_line' id='line_1_35' title="bbox 363 4151 1666 4232; baseline -0.003 -18"><span class='ocrx_word' id='word_1_390' title='bbox 363 4165 445 4224; x_wconf 66' lang='lat' dir='ltr'>mute,</span> <span class='ocrx_word' id='word_1_391' title='bbox 463 4162 526 4216; x_wconf 71' lang='grc' dir='ltr'><strong><em>δοκι</em></strong></span> <span class='ocrx_word' id='word_1_392' title='bbox 538 4162 629 4217; x_wconf 78' lang='grc' dir='ltr'><strong><em>ίιίοίει</em></strong></span> <span class='ocrx_word' id='word_1_393' title='bbox 645 4162 791 4232; x_wconf 85' lang='grc' dir='ltr'><strong><em>χαρίζεται</em></strong></span> <span class='ocrx_word' id='word_1_394' title='bbox 808 4161 859 4214; x_wconf 73' lang='lat' dir='ltr'><strong><em>das</em></strong></span> <span class='ocrx_word' id='word_1_395' title='bbox 872 4160 924 4214; x_wconf 79' lang='lat' dir='ltr'><strong><em>mit</em></strong></span> <span class='ocrx_word' id='word_1_396' title='bbox 942 4157 1092 4230; x_wconf 84' lang='grc' dir='ltr'><strong><em>(λέγοντος</em></strong></span> <span class='ocrx_word' id='word_1_397' title='bbox 1106 4151 1512 4228; x_wconf 66' lang='lat' dir='ltr'><strong>311&gt;eingeleitetecitatJoh.</strong></span> <span class='ocrx_word' id='word_1_398' title='bbox 1526 4159 1566 4219; x_wconf 84' lang='grc'><strong><em>15,</em></strong></span> <span class='ocrx_word' id='word_1_399' title='bbox 1580 4157 1666 4212; x_wconf 79' lang='lat'>14.15</span> 
     </span>
     <span class='ocr_line' id='line_1_36' title="bbox 362 4235 1668 4316; baseline -0.006 -15"><span class='ocrx_word' id='word_1_400' title='bbox 362 4247 407 4315; x_wconf 91' lang='lat'><strong><em>(=</em></strong></span> <span class='ocrx_word' id='word_1_401' title='bbox 425 4249 475 4301; x_wconf 86' lang='grc'>174</span> <span class='ocrx_word' id='word_1_402' title='bbox 492 4247 612 4316; x_wconf 66' lang='grc' dir='ltr'><strong><em>Βοσῦεί)</em></strong></span> <span class='ocrx_word' id='word_1_403' title='bbox 630 4246 794 4316; x_wconf 65' lang='lat' dir='ltr'><strong>gestamen,</strong></span> <span class='ocrx_word' id='word_1_404' title='bbox 818 4245 867 4300; x_wconf 73' lang='lat' dir='ltr'><strong><em>dan</em></strong></span> <span class='ocrx_word' id='word_1_405' title='bbox 884 4245 1024 4314; x_wconf 79' lang='lat' dir='ltr'><strong>Folgonde</strong></span> <span class='ocrx_word' id='word_1_406' title='bbox 1047 4243 1114 4298; x_wconf 76' lang='lat' dir='ltr'><strong>aber</strong></span> <span class='ocrx_word' id='word_1_407' title='bbox 1136 4245 1209 4297; x_wconf 71' lang='grc' dir='ltr'><strong><em>σίτοιο</em></strong></span> <span class='ocrx_word' id='word_1_408' title='bbox 1225 4259 1255 4298; x_wconf 78' lang='lat' dir='ltr'><strong><em>so</em></strong></span> <span class='ocrx_word' id='word_1_409' title='bbox 1271 4243 1395 4313; x_wconf 74' lang='lat' dir='ltr'><strong><em>gelantet</em></strong></span> <span class='ocrx_word' id='word_1_410' title='bbox 1411 4241 1472 4296; x_wconf 78' lang='lat' dir='ltr'><strong>hat:</strong></span> <span class='ocrx_word' id='word_1_411' title='bbox 1496 4235 1668 4311; x_wconf 73' lang='grc' dir='ltr'><strong><em>(α’γνοοῦσιν</em></strong></span> 
     </span>
     <span class='ocr_line' id='line_1_37' title="bbox 364 4318 1667 4402; baseline -0.005 -16"><span class='ocrx_word' id='word_1_412' title='bbox 364 4318 416 4386; x_wconf 85' lang='grc' dir='ltr'><strong><em>οῦν</em></strong></span> <span class='ocrx_word' id='word_1_413' title='bbox 438 4331 466 4387; x_wconf 75' lang='lat' dir='ltr'><strong><em>ol</em></strong></span> <span class='ocrx_word' id='word_1_414' title='bbox 484 4323 600 4387; x_wconf 82' lang='grc' dir='ltr'><strong><em>α’κούειν</em></strong></span> <span class='ocrx_word' id='word_1_415' title='bbox 616 4333 707 4386; x_wconf 89' lang='grc' dir='ltr'><strong><em>ταῦτα</em></strong></span> <span class='ocrx_word' id='word_1_416' title='bbox 725 4329 862 4401; x_wconf 83' lang='grc' dir='ltr'><strong><em>λέγοντος</em></strong></span> <span class='ocrx_word' id='word_1_417' title='bbox 881 4330 1012 4402; x_wconf 82' lang='grc' dir='ltr'><strong><em>Χριστοῦ</em></strong></span> <span class='ocrx_word' id='word_1_418' title='bbox 1034 4321 1230 4398; x_wconf 83' lang='grc' dir='ltr'><strong><em>βουλόμενοι),</em></strong></span> <span class='ocrx_word' id='word_1_419' title='bbox 1253 4327 1417 4396; x_wconf 73' lang='lat' dir='ltr'>wenignbem</span> <span class='ocrx_word' id='word_1_420' title='bbox 1438 4324 1533 4379; x_wconf 78' lang='lat' dir='ltr'><strong>wflrde</strong></span> <span class='ocrx_word' id='word_1_421' title='bbox 1555 4323 1600 4378; x_wconf 76' lang='lat' dir='ltr'><strong><em>die</em></strong></span> <span class='ocrx_word' id='word_1_422' title='bbox 1617 4323 1667 4379; x_wconf 64' lang='lat' dir='ltr'><strong><em>Ger</em></strong></span> 
     </span>
     <span class='ocr_line' id='line_1_38' title="bbox 363 4408 1668 4484; baseline -0.007 -14"><span class='ocrx_word' id='word_1_423' title='bbox 363 4417 499 4470; x_wconf 72' lang='lat' dir='ltr'><strong>samtzahl</strong></span> <span class='ocrx_word' id='word_1_424' title='bbox 517 4416 565 4470; x_wconf 87' lang='lat' dir='ltr'><strong><em>der</em></strong></span> <span class='ocrx_word' id='word_1_425' title='bbox 580 4416 691 4470; x_wconf 63' lang='lat' dir='ltr'>Buohst„</span> <span class='ocrx_word' id='word_1_426' title='bbox 709 4415 769 4484; x_wconf 89' lang='grc'>(174</span> <span class='ocrx_word' id='word_1_427' title='bbox 782 4418 811 4481; x_wconf 62' lang='grc' dir='ltr'><strong><em>-ί</em></strong></span> <span class='ocrx_word' id='word_1_428' title='bbox 824 4417 855 4470; x_wconf 93' lang='grc'>51</span> <span class='ocrx_word' id='word_1_429' title='bbox 869 4441 902 4458; x_wconf 88' lang='lat'>=</span> <span class='ocrx_word' id='word_1_430' title='bbox 914 4415 974 4482; x_wconf 88' lang='grc'>225)</span> <span class='ocrx_word' id='word_1_431' title='bbox 993 4431 1027 4468; x_wconf 83' lang='lat' dir='ltr'><strong><em>zu</em></strong></span> <span class='ocrx_word' id='word_1_432' title='bbox 1044 4413 1093 4468; x_wconf 84' lang='lat' dir='ltr'><strong><em>der</em></strong></span> <span class='ocrx_word' id='word_1_433' title='bbox 1110 4412 1201 4466; x_wconf 79' lang='lat' dir='ltr'><strong>Lfleke</strong></span> <span class='ocrx_word' id='word_1_434' title='bbox 1218 4411 1365 4480; x_wconf 68' lang='lat' dir='ltr'><strong>stimmenl</strong></span> <span class='ocrx_word' id='word_1_435' title='bbox 1384 4413 1398 4468; x_wconf 87' lang='grc'>7</span> <span class='ocrx_word' id='word_1_436' title='bbox 1417 4413 1472 4465; x_wconf 84' lang='grc' dir='ltr'><strong><em>τοῦ</em></strong></span> <span class='ocrx_word' id='word_1_437' title='bbox 1488 4408 1597 4478; x_wconf 83' lang='grc' dir='ltr'><strong><em>κυρίου]</em></strong></span> <span class='ocrx_word' id='word_1_438' title='bbox 1616 4411 1668 4462; x_wconf 80' lang='grc' dir='ltr'><strong><em>τοῦ</em></strong></span> 
     </span>
     <span class='ocr_line' id='line_1_39' title="bbox 363 4491 1667 4574; baseline -0.007 -18"><span class='ocrx_word' id='word_1_439' title='bbox 363 4497 463 4574; x_wconf 87' lang='grc' dir='ltr'><strong><em>κύριος</em></strong></span> <span class='ocrx_word' id='word_1_440' title='bbox 487 4501 565 4556; x_wconf 65' lang='grc' dir='ltr'><strong><em>Βοοίι</em></strong></span> <span class='ocrx_word' id='word_1_441' title='bbox 588 4499 750 4570; x_wconf 80' lang='grc' dir='ltr'>(5ε111ε1.1</span> <span class='ocrx_word' id='word_1_442' title='bbox 773 4501 821 4555; x_wconf 88' lang='grc'><strong><em>197</em></strong></span> <span class='ocrx_word' id='word_1_443' title='bbox 839 4503 919 4554; x_wconf 77' lang='grc' dir='ltr'><strong><em>Λυσι.</em></strong></span> <span class='ocrx_word' id='word_1_444' title='bbox 937 4499 966 4565; x_wconf 84' lang='lat' dir='ltr'><strong><em>b)</em></strong></span> <span class='ocrx_word' id='word_1_445' title='bbox 991 4499 995 4567; x_wconf 94' lang='grc' dir='ltr'>Ι</span> <span class='ocrx_word' id='word_1_446' title='bbox 1020 4499 1057 4554; x_wconf 85' lang='grc'>15</span> <span class='ocrx_word' id='word_1_447' title='bbox 1084 4494 1204 4564; x_wconf 81' lang='grc' dir='ltr'><strong><em>εἰδῶμεν</em></strong></span> <span class='ocrx_word' id='word_1_448' title='bbox 1229 4496 1402 4551; x_wconf 66' lang='grc' dir='ltr'><strong><em>ΒουδΒσοῒ.</em></strong></span> <span class='ocrx_word' id='word_1_449' title='bbox 1429 4492 1485 4563; x_wconf 80' lang='lat' dir='ltr'><strong>(bei</strong></span> <span class='ocrx_word' id='word_1_450' title='bbox 1509 4491 1667 4547; x_wconf 77' lang='lat' dir='ltr'>Del.1197</span> 
     </span>
     <span class='ocr_line' id='line_1_40' title="bbox 364 4569 1668 4654; baseline -0.007 -15"><span class='ocrx_word' id='word_1_451' title='bbox 364 4588 444 4639; x_wconf 61' lang='lat' dir='ltr'><strong><em>Am„</em></strong></span> <span class='ocrx_word' id='word_1_452' title='bbox 463 4585 487 4654; x_wconf 86' lang='grc' dir='ltr'><strong><em>ο)</em></strong></span> <span class='ocrx_word' id='word_1_453' title='bbox 506 4581 611 4654; x_wconf 75' lang='grc' dir='ltr'><strong><em>ἴδωμεν</em></strong></span> <span class='ocrx_word' id='word_1_454' title='bbox 627 4584 757 4640; x_wconf 70' lang='grc' dir='ltr'><strong><em>ΗυείΟιι</em></strong></span> <span class='ocrx_word' id='word_1_455' title='bbox 766 4583 827 4638; x_wconf 79' lang='lat' dir='ltr'>Del.</span> <span class='ocrx_word' id='word_1_456' title='bbox 845 4581 948 4652; x_wconf 83' lang='grc' dir='ltr'><strong><em>ίδιῦμεν</em></strong></span> <span class='ocrx_word' id='word_1_457' title='bbox 965 4583 987 4638; x_wconf 84' lang='grc' dir='ltr'>Τ</span> <span class='ocrx_word' id='word_1_458' title='bbox 1002 4585 1006 4652; x_wconf 94' lang='grc' dir='ltr'>Ι</span> <span class='ocrx_word' id='word_1_459' title='bbox 1024 4583 1062 4640; x_wconf 85' lang='grc'>18</span> <span class='ocrx_word' id='word_1_460' title='bbox 1084 4578 1293 4653; x_wconf 80' lang='grc' dir='ltr'><strong><em>θεοσεβέστατε</em></strong></span> <span class='ocrx_word' id='word_1_461' title='bbox 1310 4583 1359 4637; x_wconf 86' lang='grc' dir='ltr'><strong><em>καί</em></strong></span> <span class='ocrx_word' id='word_1_462' title='bbox 1377 4571 1607 4648; x_wconf 82' lang='grc' dir='ltr'><strong><em>φιλοπονῶτατε)</em></strong></span> <span class='ocrx_word' id='word_1_463' title='bbox 1626 4569 1668 4630; x_wconf 86' lang='grc' dir='ltr'><strong><em>εύ-</em></strong></span> 
     </span>
     <span class='ocr_line' id='line_1_41' title="bbox 366 4661 1544 4744; baseline -0.007 -22"><span class='ocrx_word' id='word_1_464' title='bbox 366 4668 518 4744; x_wconf 77' lang='grc' dir='ltr'><strong><em>σεβὲστατε</em></strong></span> <span class='ocrx_word' id='word_1_465' title='bbox 535 4673 585 4726; x_wconf 79' lang='grc' dir='ltr'><strong><em>καὶ</em></strong></span> <span class='ocrx_word' id='word_1_466' title='bbox 602 4663 801 4739; x_wconf 77' lang='grc' dir='ltr'><strong><em>φιλοθειύτατε</em></strong></span> <span class='ocrx_word' id='word_1_467' title='bbox 819 4671 955 4724; x_wconf 72' lang='lat' dir='ltr'>vermutet</span> <span class='ocrx_word' id='word_1_468' title='bbox 972 4668 1055 4738; x_wconf 77' lang='lat' dir='ltr'><strong>Angl.</strong></span> <span class='ocrx_word' id='word_1_469' title='bbox 1074 4665 1129 4736; x_wconf 85' lang='lat' dir='ltr'>(bei</span> <span class='ocrx_word' id='word_1_470' title='bbox 1146 4666 1207 4721; x_wconf 83' lang='lat' dir='ltr'><strong>Del.</strong></span> <span class='ocrx_word' id='word_1_471' title='bbox 1223 4667 1236 4719; x_wconf 97' lang='grc' dir='ltr'>Ι</span> <span class='ocrx_word' id='word_1_472' title='bbox 1253 4664 1333 4733; x_wconf 63' lang='grc'>9111)</span> <span class='ocrx_word' id='word_1_473' title='bbox 1352 4663 1424 4718; x_wconf 79' lang='lat' dir='ltr'><strong>ohne</strong></span> <span class='ocrx_word' id='word_1_474' title='bbox 1441 4661 1544 4716; x_wconf 81' lang='lat' dir='ltr'><strong>Grund.</strong></span> 
     </span>
    </p>
   </div>
   <div class='ocr_carea' id='block_1_6' title="bbox 0 0 1909 5538">
    <p class='ocr_par' dir='ltr' id='par_1_6' title="bbox 0 0 1909 5538">
     <span class='ocr_line' id='line_1_42' title="bbox 0 0 1909 5538; baseline 0 0"><span class='ocrx_word' id='word_1_475' title='bbox 0 0 1909 5538; x_wconf 95' lang='lat' dir='ltr'><strong><em> </em></strong></span> 
     </span>
    </p>
   </div>
  </div>
 </body>
</html>
