3780 5538
369 503 428 564 320
906 497 1129 554 ΩΡΙΓΕΝΟΥΣ

368 662 455 746 τέρφ
486 663 701 748 αἰτιωμένων
732 659 793 742 τὰς
828 659 1028 749 προστάξεις
1062 669 1136 732 τῶν
1164 667 1358 743 δεσποτῶν,
1390 655 1606 747 γογγύζουσιν
1638 659 1671 728 οί

367 755 412 845 μὴ
439 765 634 847 τολμῶντες
660 765 721 848 μὲν
747 767 846 847 φωνῇ
872 769 927 831 καὶ
950 755 1013 848 ὅλη
1034 767 1125 849 ψυχῇ
1147 771 1346 848 κακολογεῖν
1367 762 1422 830 ἐπί
1444 777 1516 840 τοῖς
1539 763 1670 844 συμβαί-

370 881 462 926 νουσι
490 855 556 946 τὴν
581 854 748 945 πρόνοιαν
773 863 877 931 οίονελ
904 865 938 931 δὲ
959 857 1160 949 βουλόμενοι
1180 865 1236 930 καὶ
1258 858 1321 930 τὸν
1343 865 1416 928 τῶν
1439 849 1532 928 ὅλων
1551 853 1670 944 κύριον

368 950 421 1041 ἐφ’
448 955 499 1040 οἷς
526 962 810 1045 δυσαρεστοῦνται
832 971 962 1032 λαθεῖν.
1004 968 1061 1031 καί
1082 962 1174 1048 οἶμαι
1196 953 1290 1031 τοῦτ’
1313 959 1398 1028 είναι
1418 964 1475 1026 καὶ
1496 953 1537 1027 τὸ
1559 960 1597 1027 έν
1618 963 1669 1045 τῷ

334 1051 447 1137 ῦΊοίβ·
482 1061 540 1140 ,ἐν
565 1056 703 1140 τούτοις
728 1065 810 1130 πᾶσι
836 1078 907 1140 τοῖς
934 1057 1174 1150 συμβεβηκόσιν
1201 1056 1300 1132 οὐδὲν
1326 1051 1475 1146 ἥμαρτεν
1501 1051 1575 1139 Ἰὠβ
1599 1075 1671 1138 τοῖς

367 1161 509 1242 χείλεσιν
540 1160 700 1228 ἐναντίον
730 1163 793 1228 τοῦ
823 1165 938 1242 θεοῦ,“
968 1164 1023 1230 έπί
1053 1166 1117 1232 τοῦ
1146 1157 1214 1249 πρὸ
1245 1156 1351 1230 αὐτοῦ
1380 1161 1567 1244 πειρασμοῦ
1592 1151 1671 1226 α’να-

369 1261 607 1343 γεγραμμένον·
642 1259 701 1340 ,ἰν
732 1255 872 1340 τούτοις
905 1265 987 1330 πᾶσι
1022 1277 1095 1342 τοῖς
1127 1253 1366 1347 συμβεβηκόσιν
1396 1251 1495 1326 οὐδὲν
1525 1249 1673 1344 ἥμαρτεν

315 1348 441 1437 81Ίώβ
470 1353 621 1426 ἰνοίπιον
650 1361 713 1426 τοῦ
739 1365 857 1427 θεοῦίί·
896 1352 915 1430 ό
942 1356 982 1448 δὴ
1007 1355 1232 1448 προστάσσων
1257 1355 1302 1448 μὴ
1329 1364 1398 1428 δεῖν
1425 1361 1577 1444 γίνεσθαι
1604 1362 1608 1440 Ι
1635 1358 1672 1425 έν

369 1461 420 1543 τῷ
444 1459 698 1543 Δευτερονομίῳ
734 1451 754 1527 ό
785 1453 884 1544 λόγος
912 1465 1004 1547 φησί·
1036 1453 1197 1545 ,πρόσεχε
1227 1455 1271 1546 μή
1299 1483 1385 1527 ποτε
1416 1459 1554 1543 γένηται
1584 1454 1672 1542 ῥῆμα

319 1569 350 1622 10
369 1550 524 1640 κρυπτὸν
554 1559 592 1625 έν
623 1561 664 1641 τῇ
695 1563 814 1648 καρδίᾳ
846 1577 919 1641 σου,
950 1553 1114 1645 ἀνόμημα,
1145 1562 1265 1644 λέγων·
1302 1559 1420 1644 ἐγγίζει
1451 1551 1492 1623 τὸ
1523 1555 1599 1635 έτος
1630 1549 1671 1622 τὸ

369 1653 533 1741 έβάομονα
554 1661 610 1724 καί
632 1653 675 1725 τὰ
698 1656 780 1744 ἑξῆς.

451 1763 478 1822 2.
515 1747 534 1824 ό
562 1762 683 1826 τοίνυν
709 1749 823 1838 οὕτως
849 1751 1026 1845 εὐχόμενος
1052 1763 1202 1828 τοσαῦτα
1223 1758 1485 1843 προωφεληθελς
1506 1755 1669 1839 ἐπιτηδει-

370 1847 489 1940 ότερος
505 1858 631 1942 γίνεται
654 1850 890 1944 ἀναιρεθῆναι
910 1863 961 1946 τῷ
984 1852 1228 1946 πεπληρωκότι
1250 1853 1314 1944 τὴν
1336 1859 1449 1924 πᾶσαν
1471 1856 1670 1939 οἰκουμένην

370 1957 432 2020 τοῦ
457 1957 575 2040 κυρίου
599 1952 765 2042 πνεύματι
790 1961 846 2026 καί
874 1962 924 2044 τῷ
951 1962 1063 2027 πᾶσαν
1090 1955 1154 2046 τὴν
1180 1961 1324 2045 γῆνκαὶ
1350 1950 1414 2024 τόν
1440 1947 1588 2040 οὐρανόν
1614 1977 1670 2021 πε-

319 2066 350 2118 15
369 2047 579 2140 πληρωκότι,
611 2051 665 2124 διὰ
698 2059 761 2125 τοῦ
787 2052 971 2144 προφήτου
997 2062 1131 2143 λέγοντι
1157 2049 1282 2137 οῦτως·
1312 2047 1406 2140 ,οὐχί
1432 2047 1496 2122 τὸν
1523 2047 1669 2138 οὐρανὸν

369 2158 425 2220 καὶ
455 2150 520 2239 τὴν
549 2158 613 2240 γῆν
643 2153 709 2240 έγώ
740 2161 878 2242 πληρῶ;
906 2160 993 2242 λέγει
1019 2154 1166 2242 κῦριοςίί·
1193 2155 1244 2225 ἔτι
1270 2159 1305 2224 δὲ
1332 2149 1387 2224 διό
1413 2179 1450 2222 τε
1477 2155 1538 2238 τῆς
1558 2175 1669 2236 προει-

369 2256 512 2339 ρημένης
538 2250 775 2338 καθαρεῦσεως
805 2259 860 2324 καί
887 2260 948 2343 τῆς
974 2252 1070 2344 εὐχῆς
1097 2261 1161 2326 τοῦ
1192 2259 1293 2343 μέσον
1319 2258 1374 2322 καὶ
1405 2257 1479 2321 τῶν
1504 2247 1549 2338 μὴ
1575 2275 1669 2336 γινω

368 2345 524 2420 σκόντων
557 2349 663 2422 αὐτὸν
689 2348 872 2441 ἑστηκότος
898 2350 1002 2442 λόγου
1027 2361 1126 2437 θεοῦ,
1149 2350 1286 2435 οὐδενὸς
1312 2346 1582 2439 ἀπολειπομένου
1611 2353 1670 2437 τῆς

370 2443 478 2538 εὐχῆς,
505 2457 650 2538 μεθέξει,
673 2458 917 2542 συνευχομένου
942 2452 1027 2541 πρὸς
1053 2451 1117 2524 τὸν
1143 2459 1274 2541 πατέρα
1301 2458 1351 2541 τῷ
1379 2446 1434 2521 ὐπ’
1458 2445 1564 2520 αὐτοῦ
1584 2470 1668 2536 μεσι-

318 2561 351 2614 20
369 2555 549 2638 τευομένῳ.
595 2544 807 2638 ,,ὐρχιερεῦς“
842 2551 903 2641 γὰρ
934 2560 1008 2624 τῶν
1037 2560 1248 2642 προσφορῶν
1279 2548 1376 2641 ἡμῶν
1406 2557 1460 2619 καὶ
1491 2545 1577 2637 πρὸς
1608 2544 1670 2620 τὸν

368 2655 499 2736 πατέρα
525 2646 783 2739 ,παράκλητόςίί
810 2656 902 2723 ἐστιν
928 2647 947 2724 ό
972 2650 1043 2736 υίὸς
1070 2661 1132 2724 τοῦ
1159 2658 1256 2736 θεοῦ,
1284 2647 1461 2740 εὐχόμενος
1486 2645 1571 2736 ῦπέρ
1597 2654 1670 2718 τῶν
1716 2645 1730 2664 ’“

369 2744 558 2838 εὐχομένων
584 2756 639 2820 καὶ
666 2759 939 2842 συμπαρακαλῶν
965 2771 1038 2834 τοῖς
1062 2758 1330 2840 παρακαλοῦσιν,
1360 2745 1422 2820 οὐκ
1448 2743 1491 2820 ἂν
1518 2746 1566 2832 ιῦς
1586 2745 1670 2834 ῦπὲρ

369 2853 504 2920 οἰκείων
530 2844 707 2937 εὐξόμενος
726 2859 807 2922 ,τῶν
831 2851 875 2942 μὴ
903 2847 944 2924 δι’
972 2848 1078 2923 αὐτοῦ
1103 2857 1339 2940 συνεχέστερον
1366 2846 1555 2938 εὐχομένων
1572 2853 1577 2934 Ι
1596 2842 1668 2918 οὐά
1687 2859 1737 2914 213

369 2941 410 3018 ἂν
438 2944 486 3030 οῦς
511 2943 596 3036 ῦπὲρ
622 2943 685 3038 ἤδη
713 2955 811 3022 ἰδίων
838 2949 1095 3041 ,,παράκλητος“
1121 2947 1277 3040 ἐσόμενος
1298 2948 1384 3038 πρὸς
1406 2947 1469 3020 τὸν
1490 2945 1575 3018 θεὸν
1596 2954 1669 3018 τῶν

318 3061 351 3114 25
369 3047 413 3136 μὴ
428 3053 644 3136 πειθομένων
659 3068 733 3132 ταῖς
755 3053 800 3134 εἰς
821 3048 883 3134 ,τό
906 3057 974 3122 δεῖν
996 3048 1147 3122 πάντοτε
1169 3049 1412 3138 προσεύχεσθαι
1433 3055 1489 3118 καί
1510 3045 1555 3136 μὴ
1577 3050 1670 3120 έκκα-

368 3155 459 3218 κεῖν“
490 3153 723 3231 διδασκαλίαις.
771 3152 884 3238 ,έλεγε
913 3149 1006 3240 γὰρ,“
1038 3157 1133 3241 φησὶ,
1169 3147 1386 3239 ,παραβολὴν
1414 3145 1500 3235 πρὸς
1531 3144 1572 3218 τὸ
1603 3152 1672 3218 δεῖν

368 3242 521 3317 πάντοτε
535 3245 779 3336 προσεύχεσθαι
800 3258 855 3322 καί
876 3249 920 3340 μὴ
943 3255 1105 3322 έκκακεῖν·
1127 3248 1245 3340 κριτής
1268 3279 1319 3332 τις
1341 3241 1384 3320 έν
1406 3251 1442 3320 έν
1465 3276 1532 3318 τινι
1553 3243 1669 3318 πόλιν·

457 3457 568 3514 5fliob
587 3459 610 3523 2,
630 3460 671 3515 10.
688 3489 722 3500 -
743 3462 757 3518 7
777 3461 850 3516 Hiob
863 3465 885 3525 1,
899 3463 939 3516 22.
957 3491 991 3500 -
1008 3463 1027 3518 θ
1045 3462 1124 3516 Dent
1137 3465 1178 3526 15,
1190 3463 1215 3518 9.
1235 3491 1263 3500 -
1285 3460 1324 3516 16
1342 3457 1403 3528 vgl.
1417 3459 1554 3529 Origenes,
1567 3459 1670 3512 Comm.

369 3541 396 3594 in
415 3542 475 3596 Joh.
495 3543 558 3597 130
576 3543 628 3610 (28)
654 3544 729 3610 (tom.
746 3546 758 3599 I
777 3564 801 3615 p.
815 3547 851 3604 ,63
869 3547 911 3601 ed.
929 3547 1041 3610 Lomm,
1059 3547 1071 3600 Ι
1089 3549 1130 3610 37,
1148 3547 1209 3602 281.
1228 3546 1269 3600 ed.
1287 3545 1413 3614 Brooke).
1432 3575 1465 3584 -
1487 3543 1550 3612 vgl.
1568 3543 1671 3598 Weish.

370 3625 424 3679 Sal.
444 3629 467 3689 1,
486 3629 510 3680 7.
530 3656 560 3664 —
583 3627 620 3682 15
639 3627 737 3682 Jerem.
756 3632 797 3698 23,
815 3633 856 3685 24.
876 3662 908 3670 -
928 3633 963 3688 17
985 3632 1047 3702 vgl.
1065 3631 1126 3685 Joh.
1146 3635 1169 3692 1,
1187 3632 1220 3685 26
1238 3630 1295 3684 und
1313 3629 1442 3698 Origenes
1460 3645 1482 3681 α.
1501 3627 1570 3682 6ε1ε.
1588 3627 1612 3680 V
1632 3631 1671 3689 12,

369 3709 393 3762 S.
414 3713 446 3766 13
464 3711 490 3764 Ζ.
509 3713 577 3767 10ff.
605 3741 637 3751 -
665 3712 706 3768 26
733 3711 996 3782 vg1.Hebr.2.17.
1023 3717 1089 3780 3,1.
1112 3719 1137 3780 4,
1157 3718 1197 3770 14.
1216 3718 1255 3770 15.
1288 3715 1371 3779 5.10.
1395 3715 1419 3778 6,
1437 3713 1477 3768 20.
1506 3713 1583 3778 7,26.
1611 3713 1670 3775 8,1.

370 3797 394 3856 9,
413 3799 453 3850 11.
478 3799 577 3862 10,10.
601 3827 632 3835 -
657 3797 694 3853 21
722 3799 785 3868 Vgl.
805 3799 865 3854 Joh.
885 3801 983 3868 14,16.
1003 3801 1043 3855 26.
1069 3805 1109 3868 16,
1128 3799 1168 3856 26.
1194 3802 1234 3867 16,
1253 3803 1276 3854 7.
1296 3829 1329 3839 -
1347 3799 1386 3854 26
1409 3796 1478 3852 Luk.
1497 3797 1537 3862 18,
1557 3802 1580 3851 1.
1598 3798 1622 3850 2.

454 3987 474 4042 4
495 3994 536 4062 τῷ
555 3999 587 4048 <
605 3989 663 4044 Del.
689 3993 692 4058 Ι
717 3992 735 4047 6
764 3987 809 4046 έπί
830 3997 883 4047 τοῦ
905 3985 963 4064 πρὸ
984 3987 1072 4048 αὐτοῦ
1088 3996 1253 4063 πειρασμοῦ
1270 3985 1537 4061 ἀναγεγραμμένον]
1556 3984 1602 4043 έπί
1620 3993 1672 4044 τοῦ

369 4065 488 4143 πριιίτον
516 4081 681 4143 πειρασμοῦ
702 4068 961 4148 ἀναγεγραμμένον
983 4077 1119 4131 vermutet
1139 4076 1221 4144 Angl.
1245 4075 1299 4144 (bei
1319 4075 1519 4144 1115119168),
1548 4069 1595 4128 έπί
1621 4077 1674 4129 τοῦ

370 4153 427 4226 πρὸ
455 4151 561 4212 τοῦτον
591 4164 754 4229 πειρασμοῦ
780 4154 1039 4234 ἀναγεγραμμένον
1064 4163 1187 4216 νειιυυίε
1213 4161 1258 4216 ich
1282 4163 1285 4230 ί
1311 4162 1350 4217 10
1373 4153 1509 4230 ἀνόμημα
1536 4157 1673 4227 unriohtig

370 4241 460 4296 hinter
477 4238 555 4313 ῥῆμα
574 4242 610 4311 (Ζ.
626 4245 651 4310 9)
669 4243 751 4299 TOx.
763 4245 847 4301 Lond.
872 4248 876 4314 Ι
902 4247 941 4302 16
963 4243 1134 4314 οἰκουμένην
1156 4246 1280 4301 schreibe
1301 4245 1347 4300 ich
1364 4243 1417 4298 mit
1439 4244 1479 4298 cl.
1498 4244 1597 4313 Fleury
1619 4243 1672 4312 (bei

370 4325 428 4380 Del.
450 4328 463 4380 I
486 4328 535 4381 212
552 4329 633 4384 Anm.
656 4329 681 4398 ε)
707 4347 732 4384 u.
760 4330 819 4385 Del.
843 4330 980 4398 (ebenda),
1002 4331 1063 4384 weil
1090 4331 1220 4400 Origenes
1245 4331 1350 4385 Weish.
1371 4329 1425 4384 Sal.
1445 4333 1505 4392 1,1
1532 4329 1570 4382 im
1597 4333 1673 4397 Auge

370 4410 432 4474 ham
452 4409 621 4480 οἰκονομίαν
638 4415 786 4484 'maagal
811 4416 848 4471 15
871 4413 983 4485 λέγοντι
1001 4416 1124 4470 sehreibe
1141 4417 1187 4470 ich
1205 4416 1256 4470 mit
1273 4417 1351 4472 Bent.
1366 4415 1425 4470 Del.
1444 4417 1467 4481 (Ι
1484 4415 1534 4468 212
1551 4417 1631 4467 Αυω.
1649 4411 1673 4477 s)

370 4495 452 4564 Angl.
471 4495 525 4562 (boi
542 4496 628 4550 DeLI
646 4501 735 4567 91511),
754 4499 808 4568 vgl.
826 4497 902 4568 λέγει
919 4494 1020 4572 κύριος
1036 4500 1075 4554 im
1092 4501 1241 4570 folgenden
1259 4500 1344 4565 Citam
1363 4499 1499 4570 λέγοντος
1516 4500 1644 4567 TAusgg.
1669 4550 1671 4562 ,

372 4579 412 4634 26
430 4574 583 4646 εὐξάμενος
601 4584 724 4639 schreibe
741 4583 785 4638 ich
809 4583 861 4638 mit
882 4585 960 4640 Benb.
984 4584 1040 4652 (bei
1057 4585 1116 4641 Del.
1134 4587 1146 4638 Ι
1164 4587 1213 4640 212
1231 4589 1311 4640 Anm.
1329 4587 1358 4655 h)
1376 4603 1401 4640 u.
1424 4584 1506 4652 Angl.
1529 4585 1563 4651 (a.
1582 4599 1607 4636 υ.
1625 4581 1675 4650 O.),

372 4664 427 4733 vgl.
446 4660 584 4732 ἐσόμενος
601 4668 695 4735 (unten
713 4669 738 4722 Z.
758 4663 986 4738 24);·523§dmvoc
1002 4670 1131 4740 TAusgg.
