3780 5532
629 485 730 540 καεκ
756 486 916 543 umor
937 487 996 548 vu
1016 489 1058 544 ει.
1075 489 1117 544 σε.
1139 490 1180 546 σε.
1481 467 1553 559 203

239 654 301 739 τῆς
322 651 471 736 ἐξουσίας
486 655 550 721 τοῦ
563 645 671 740 άέρος,
693 655 757 720 τοῦ
777 649 1005 740 πνεύματος
1027 657 1091 724 τοῦ
1105 657 1167 723 νῦν
1181 655 1401 742 ἐνεργοῦντος
1416 655 1453 722 ἐν
1470 669 1543 734 τοις

155 756 222 811 184ν
242 754 246 837 Ι
269 751 355 831 υίοῑς
375 754 437 839 τῆς
452 745 657 834 άπειθεέας.“
679 755 806 838 λεγέτω
829 747 861 821 δ’
878 746 963 840 ἡμᾶς
982 746 1002 823 δ
1019 755 1147 835 Κέλσος
1159 750 1313 842 σώματι
1336 757 1392 842 τῷ
1415 757 1541 840 νεκρῷ

240 857 409 936 ζῶντας,
438 844 642 933 άκούοντας·
671 854 721 934 ,εἰ
746 848 833 920 κατὰ
859 847 981 941 σάρκα
1004 857 1109 941 ζῆτε,
1136 857 1274 940 μέλλετε
1300 846 1542 939 ἀποθνῄσκειν·

240 954 269 1019 εί
293 953 330 1019 δὲ
356 947 550 1038 πνεύματι
574 949 637 1032 τάς
657 946 793 1039 πράξεις
815 955 879 1021 τοῦ
905 949 1088 1040 σώματος
1114 957 1323 1034 θανατοῦτε,
1346 947 1543 1040 ζὴσεσθε,“

205 1053 296 1120 σκαὶ
326 1044 570 1135 μανθάνοντας
599 1046 641 1120 τὸ
671 1053 723 1132 ,εἰ
747 1046 943 1138 πνεύματι
971 1058 1112 1139 ζῶμεν,
1139 1048 1334 1138 πνεύματι
1365 1057 1423 1121 καὶ
1453 1072 1543 1122 στοι-

238 1153 385 1235 χῶμενέέ·
414 1152 463 1236 εἴη
490 1175 527 1219 τε
553 1166 626 1232 τοις
652 1149 761 1235 ἔργοις
787 1143 872 1237 ἡμᾶς
893 1147 1062 1220 δεικνύναι
1083 1145 1293 1237 ψευδόμενον
1314 1147 1377 1222 τὸν
1400 1154 1544 1238 λέγοντα

239 1253 318 1333 περὶ
339 1241 437 1336 ἡμῶν
459 1241 514 1319 δτι
536 1255 587 1338 τῷ
610 1245 766 1337 σώματι
787 1253 916 1337 ζῶμεν
937 1255 993 1338 τῷ
1016 1256 1153 1340 νεκρῷ.

321 1349 402 1416 LIII.
438 1346 534 1418 Μετὰ
560 1353 667 1418 ταῦτα
693 1352 822 1432 τοίνυν,
849 1347 936 1436 πρὸς
965 1343 986 1419 ά
1012 1348 1099 1419 κατά
1126 1345 1268 1436 δύναμιν
1294 1342 1542 1438 άπηντὴσαμεν,

240 1451 322 1534 φησὶ
343 1443 429 1534 πρὸς
451 1442 548 1536 ἡμᾶς·
577 1444 687 1536 πόσῳ
719 1443 751 1519 δ’
774 1438 823 1536 ἢν
852 1442 943 1537 ύμῖν
973 1442 1147 1537 ἄμεινον,
1178 1443 1314 1536 ἐπειδή
1344 1475 1384 1536 γε
1409 1475 1543 1519 καινο-

190 1560 223 1614 10
241 1549 409 1634 τομῆσαί
443 1575 481 1616 τι
510 1543 800 1636 ἐπεθυμήσατε,
835 1553 925 1636 περὶ
957 1543 1081 1618 ἄλλον
1117 1545 1207 1618 τινά
1238 1555 1321 1618 τῶν
1351 1553 1544 1636 γενναίως

241 1639 542 1717 ἀποθανόντων
572 1655 637 1716 καὶ
666 1656 782 1717 θεῖον
807 1652 937 1734 μῦθον
959 1651 1151 1732 δέξασθαι
1173 1651 1406 1736 δυναμένων
1427 1669 1543 1718 σπου·

243 1739 373 1827 δάσαι,·
401 1749 507 1832 φέρε,
538 1750 570 1815 εί
600 1744 649 1836 μὴ
680 1740 845 1835 ἤρεσκεν
866 1740 1054 1836 Ἡρακλῆς
1080 1753 1144 1817 καὶ
1165 1739 1401 1835 Ἀσκληπιὸς
1419 1754 1485 1817 καί
1506 1750 1543 1819 οί

242 1839 365 1914 πάλαι
397 1848 693 1930 δεδοξασμένον,
719 1841 858 1933 Ὀρφέα
887 1847 1025 1932 είχετε,
1056 1839 1182 1935 άνδρα
1215 1840 1545 1936 ὁμολογουμένως

243 1935 340 2031 ὁσίῳ
369 1941 621 2032 χρησάμενον
651 1941 849 2032 πνεύματι
874 1951 938 2013 καὶ
966 1940 1089 2016 αύτδν
1110 1952 1249 2029 βιαίως
1270 1939 1544 2016 ἀποθανόντα.

193 2055 225 2108 15
242 2037 325 2112 ἀλλ’
353 2046 446 2126 ἴσως
470 2038 531 2113 ὁπ’
554 2037 687 2114 άλλωυ
717 2049 974 2133 προείληπτο.
1024 2039 1259 2132 Ἀνάξαρχον
1284 2051 1394 2131 γοῦν,
1422 2040 1464 2128 ὃς
1490 2051 1545 2127 είς

243 2134 367 2230 ὅλμον
407 2145 623 2232 ἐμβληθεὶς
665 2149 728 2212 καὶ
775 2143 1101 2234 παρανομώτατα
1144 2139 1460 2234 συντριβόμενος
1503 2135 1543 2216 εύ

241 2237 345 2328 μάλα
382 2238 624 2328 κατεφρόνει
664 2247 734 2325 τῦς
768 2239 970 2326 κολάσεως
1008 2248 1150 2332 λέγων·
1189 2250 1367 2326 ,,πτίσσε,
1406 2250 1545 2314 πτίσσε

242 2337 315 2411 τὸν
344 2335 582 2430 Ἀναξάρχου
610 2339 804 2426 θύλακον,
840 2338 964 2415 αύτδν
996 2344 1068 2432 γὰρ
1104 2339 1150 2413 ού
1179 2349 1397 2425 πτίσσεις“·
1432 2349 1547 2414 θείου

242 2438 355 2523 τινὸς
377 2437 429 2522 τδς
451 2440 612 2531 ἀληθοῦς
632 2439 860 2530 πνεύματος
881 2438 902 2531 ἡ
924 2439 1046 2533 φωνή.
1084 2438 1267 2512 ἀλλὰκαὶ
1289 2440 1422 2533 τούτῳ
1442 2439 1544 2531 φθά-

191 2550 225 2605 20
243 2545 384 2624 σαντές
405 2569 513 2624 τινες
539 2536 822 2632 ἠκολούθησαν
840 2548 1015 2628 φυσικοί.
1058 2539 1206 2614 ούκοῦν
1227 2539 1479 2632 ’patmon
1501 2536 1543 2626 ῦς

243 2645 315 2711 τοῦ
345 2635 544 2712 δεσπότου
573 2645 867 2728 στρεβλοῦντας
897 2638 1022 2713 αῦτοῦ
1051 2639 1097 2713 τὸ
1129 2648 1271 2724 σκέλος
1297 2637 1546 2730 ῦπομειδιιῦν

242 2735 530 2830 ἀνεκπλήκτως
552 2743 670 2829 ἔλεγεΙ
697 2736 963 2828 ,,κατάσσεις,“
990 2749 1054 2812 καὶ
1080 2738 1332 2827 κατάξαντος
1353 2736 1444 2826 ,σῦκ
1466 2741 1546 2812 ἐλε-

242 2847 349 2926 γον,“
371 2841 492 2922 εἶπεν,
520 2831 607 2926 ,ότι
632 2837 882 2924 κατάσσεις,·“
910 2845 948 2912 τί
973 2846 1165 2912 τοιοῦτον
1192 2835 1211 2910 δ
1237 2836 1429 2930 ῦμέτερος
1450 2838 1547 2924 θεὸς

241 2936 510 3027 κολαζόμενος
540 2944 785 3028 ἐφθέγξατο,
814 2936 924 3030 ῦμεῑς
953 2944 994 3010 δὲ
1027 2934 1100 3010 κάν
1126 2948 1342 3024 Σίβυλλαν,
1373 2931 1394 3027 ᾖ
1421 2947 1547 3029 χρῶν-

190 3047 223 3102 25
242 3044 306 3110 ταί
336 3067 445 3121 τινες
474 3036 593 3125 ύμιῦν,
624 3035 792 3122 εἰκότως
822 3068 870 3111 αν
895 3046 1050 3128 μᾶλλον
1075 3036 1378 3130 προεστὴσοσθε
1400 3036 1453 3122 εδς
1476 3044 1548 3110 τοῦ

240 3143 341 3210 θεοῦ
363 3142 501 3209 παῖδα·
528 3143 599 3208 νῦν
620 3143 660 3208 δὲ
682 3135 980 3229 παρεγγράφειν
1001 3147 1070 3228 μὲν
1093 3145 1147 3222 εἰς
1170 3136 1216 3209 τά
1239 3141 1395 3228 ἐκείνης
1416 3137 1547 3208 πολλὰ

240 3244 306 3309 καὶ
327 3234 537 3326 βλάσφημα
559 3241 644 3324 εἰκῇ
666 3237 854 3326 δύνασθε,
882 3238 955 3310 τὸν
982 3244 1022 3310 δὲ
1042 3245 1115 3328 βίῳ
1142 3243 1212 3326 μὲν
1233 3234 1546 3328 ἐπιῤῥητατάτῳ

241 3334 408 3427 θανάτῳ
431 3341 470 3407 δὲ
492 3339 686 3426 οἰκτίστῳ
704 3335 954 3428 χρησάμενον
973 3334 1071 3408 θεὸν
1093 3343 1267 3409 τίθεσθε.
1296 3333 1407 3426 πόσῳ
1430 3343 1548 3410 τοῦδε

241 3433 570 3528 ἐπιτηδειότερος
591 3428 638 3527 ἦν
659 3433 749 3527 ύμῖν
764 3433 895 3522 Ἰωνᾶς
915 3441 999 3522 ,ἐπὶ
1021 3443 1069 3525 τῇ
1090 3435 1340 3524 κολοκύντη(
1362 3431 1547 3527 ἢδανιὴλ
1609 3463 1617 3474 ·

191 3533 262 3610 306
284 3543 327 3610 ἐκ
349 3543 431 3609 τῶν
453 3543 611 3626 θηρίων
632 3530 652 3624 ἢ
675 3539 712 3607 οἱ
734 3541 860 3608 τῶνδε
883 3538 941 3607 ἔτι
964 3541 1325 3625 τερατωδέστεροι,·

327 3727 345 3782 0
366 3727 443 3781 Rom.
463 3726 489 3788 8,
510 3726 547 3780 13.
566 3754 600 3764 -
617 3725 636 3780 ὅ
655 3723 716 3780 Gal.
735 3727 758 3792 5,
777 3726 818 3780 25.
837 3754 870 3764 -
889 3725 926 3780 15
945 3723 1008 3794 Vgl.
1027 3722 1254 3787 eioer0,Tuscu1.
1272 3723 1485 3794 disp.1122‚52.
1508 3724 1549 3779 De

243 3813 316 3867 deor.
333 3814 390 3866 nah
409 3811 447 3866 ΙΙΙ
465 3811 507 3871 33,
524 3810 566 3865 82.
594 3808 684 3865 Valet.
701 3809 814 3864 Maxim.
831 3810 871 3864 111
888 3811 905 3863 3
922 3807 985 3863 Ext„
998 3811 1024 3863 4.
1052 3807 1195 3876 Plutarch,
1218 3807 1259 3863 Do
1281 3808 1342 3864 εἰεί,
1360 3826 1427 3864 mor.
1445 3809 1548 3880 Capx

242 3915 267 3967 p.
278 3898 330 3952 449
342 3895 373 3950 E.
396 3895 532 3964 Diogenes
549 3893 638 3948 Imm
656 3893 694 3948 IX
713 3895 753 3961 10,
771 3895 812 3950 59.
840 3892 1001 3957 'fortunium
1019 3891 1098 3963 Apol.
1117 3889 1182 3963 Cap.
1201 3892 1222 3946 L
1240 3910 1288 3948 vor
1306 3893 1332 3946 d.
1350 3892 1437 3948 Mitte.
1458 3925 1490 3933 -
1508 3893 1549 3950 24

241 3981 305 4052 Vgl.
322 3980 395 4036 oben
408 3980 432 4034 V
445 3981 477 4035 61
490 3995 515 4032 ε.
528 3977 558 4032 Ε.
576 4007 609 4018 -
627 3978 667 4034 20
686 3978 749 4048 Vgl.
762 3979 834 4033 Jona
845 3981 870 4043 4,
885 3981 909 4034 6.
927 4007 961 4018 -·
979 3977 1041 4047 vgl.
1059 3977 1129 4032 Dan.
1146 3978 1171 4045 6,
1190 3979 1299 4034 16-23.

329 4148 345 4203 1
364 4144 505 4216 ἐξουσίας]
524 4164 538 4201 ε
555 4145 605 4200 auf
620 4147 714 4211 Ruunt,
733 4147 800 4201 iiber
817 4163 831 4202 ε
849 4146 935 4200 Rasur
952 4145 1027 4214 ΑΙδ
1044 4137 1088 4213 είη
1105 4162 1137 4200 τε
1155 4143 1205 4199 Hp.
1224 4161 1270 4198 am
1287 4143 1374 4209 Rand,
1393 4145 1441 4199 Bo.
1454 4144 1550 4214 (Notae

242 4251 267 4306 p.
283 4231 358 4301 403),
377 4232 420 4302 Sp.
438 4230 498 4286 Del.
516 4230 554 4284 im
571 4231 653 4294 Τειίγ
678 4229 706 4286 εί
721 4218 738 4300 ἦ
756 4229 788 4286 τὲ
805 4235 829 4285 Α
849 4233 854 4298 l
877 4231 897 4286 θ
924 4221 990 4298 ύμῖν
1011 4229 1183 4295 010004,Ηο
1201 4247 1247 4284 am
1264 4219 1356 4294 Rana,
1379 4228 1424 4299 Sp.
1434 4228 1493 4284 Del.
1511 4227 1550 4283 im

241 4317 324 4379 Text3
343 4309 410 4385 ημῖν
426 4317 451 4370 Δ
470 4317 475 4385 Ι
497 4317 535 4371 11
554 4310 651 4384 μῦθον
668 4318 693 4369 Δ
712 4317 717 4384 Ι
738 4315 776 4372 10
795 4307 889 4382 ὄλμον
906 4318 931 4368 Δ
946 4317 950 4383 Ι
965 4315 1003 4372 27
1024 4311 1158 4385 δύνασθε]
1177 4309 1331 4384 δεδύνηοθε
1348 4316 1485 4390 permutet¹
1501 4313 1549 4368 Bo.

242 4400 341 4470 (Notae
353 4419 378 4471 p.
390 4400 451 4469 403)
467 4402 471 4468 Ι
486 4399 527 4458 2⁸
539 4400 632 4470 τοῦδε]
651 4403 681 4454 δε
697 4399 727 4453 in
738 4399 881 4454 Conantur
893 4403 918 4454 A
933 4403 937 4468 Ι
953 4399 994 4456 20
1011 4397 1172 4469 κολοκύντη
1184 4397 1315 4469 ΑΗο.8ρ.
1332 4398 1429 4472 κοιλίᾳ
1446 4392 1551 4468 κήτους

242 4485 305 4540 J01²
322 4486 377 4555 (am
396 4484 495 4554 Rnnd),
513 4485 562 4541 Bo.
580 4483 678 4554 (Notae
696 4503 721 4556 p.
738 4485 813 4554 403),
830 4485 890 4540 Del.
908 4484 948 4537 im
965 4485 1035 4539 Text
1052 4485 1118 4554 (vgl.
1136 4483 1196 4538 Del.
1214 4483 1227 4538 I
1245 4483 1295 4538 732
1314 4483 1396 4537 λειω.
1414 4483 1457 4549 d);
1484 4481 1550 4538 aber

244 4572 292 4625 Bo.
305 4587 331 4625 u.
343 4569 403 4625 Del.
415 4571 508 4626 haben
526 4570 580 4624 den
593 4569 672 4640 Spott
689 4569 737 4624 dea
750 4569 843 4625 Celsus
861 4569 939 4622 nicht
955 4569 1083 4624 hemerkt
1100 4585 1126 4624 u.
1145 4569 1255 4623 dursten
1272 4567 1331 4622 sich
1348 4565 1427 4620 nieht
1445 4566 1497 4621 auf
1506 4567 1551 4622 die

244 4655 329 4709 Stella
345 4658 431 4711 unben
444 4655 495 4708 VH
507 4657 539 4710 57
552 4653 673 4720 berufen,
691 4653 728 4708 δε,
743 4653 801 4707 hier
813 4653 857 4707 die
872 4651 965 4707 Worte
978 4653 1025 4708 des
1038 4653 1130 4708 Celsus
1148 4653 1243 4707 nieht
1259 4651 1422 4707 winderholt
1433 4651 1550 4707 worden.
