3780 5538
661 471 754 528 σενι
774 473 909 528 muz
930 471 982 546 τι,
999 475 1023 528 ε.
1051 471 1103 544 ετ,
1121 473 1145 525 1.
1162 471 1186 525 2.
1490 476 1550 540 357

249 629 268 706 ό
300 629 477 726 εύχόμενος
513 637 651 707 ἐλθεῖν
688 633 762 725 τὴν
800 643 1008 720 βασιλείαν
1047 641 1112 706 τοῦ
1148 639 1233 706 θεοῦ
1271 639 1348 722 περί
1386 637 1449 704 τοῦ
1479 631 1551 722 τὴν

249 738 286 806 ἐν
315 731 410 824 αύτῷ
445 741 652 818 βασιλείαν
691 744 755 809 τοῦ
790 743 876 809 θεοῦ
912 733 1085 808 ἀνατεῖλαι
1117 742 1174 806 καί
1208 739 1469 856 καρποφορῆσαι
1496 739 1551 803 καί

250 839 476 924 τελειωθῆναι
506 831 656 925 εὐλόγως
687 833 832 926 εῦγεται
867 834 998 919 παντὸς
1028 841 1090 925 μέν
1123 829 1220 922 ἁγίου
1252 830 1320 905 ῦπό
1350 838 1436 904 θεοῦ
1463 841 1551 918 βασι-

249 940 431 1022 λευομένου
459 941 516 1006 καί
547 954 619 1018 τοῖς
649 954 888 1024 πνευματικοῖς
910 932 1028 1026 νόμοις
1054 939 1119 1004 τοῦ
1144 939 1231 1006 θεοῦ
1257 938 1479 1020 πειθομένου,
1506 936 1552 1004 οί·

214 1039 318 1106 ὕονεί
348 1029 599 1124 εύνομουμένην
633 1031 738 1107 πόλιν
772 1035 992 1118 οἰκοῦντος(
981 1030 1117 1106 εαυτόν·
1152 1029 1327 1122 παρόντος
1361 1027 1458 1122 αύτῷ
1488 1037 1551 1103 τοῦ

247 1130 378 1223 πατρὸς
399 1138 454 1204 καί
476 1133 777 1222 συμβασιλεύοντος
799 1140 851 1224 τῶ
874 1141 979 1256 πατρὶ
1005 1161 1069 1206 του
1052 1139 1236 1223 ’Χριστοῦ
1259 1136 1296 1204 ἐν
1316 1155 1359 1222 τη
1344 1139 1552 1204 ’τετελειω-

247 1237 330 1324 μένη
351 1239 441 1321 ψυχῇ
462 1231 550 1304 κατὰ
573 1232 614 1305 τὸ
641 1240 829 1324 εἰρημένον,
853 1224 894 1305 οῦ
915 1231 985 1324 πρὸ
1015 1236 1195 1321 βραχέοςέ
1196 1228 1420 1322 μνημόνευον·
1446 1229 1552 1322 ,πρός

249 1329 357 1404 αῦτόν
387 1328 593 1421 ἐλευσόμεθα
613 1341 670 1404 καί
704 1333 814 1424 μονὴν
848 1329 929 1423 παρ’
964 1328 1061 1423 αύτῷ
1096 1327 1330 1422 ποιησόμεθα(
1364 1337 1432 1421 (καί
1462 1333 1552 1420 οίμαι

181 1445 233 1502 22¹
250 1441 402 1503 νοεῖσθαι
431 1437 517 1502 θεοῦ
538 1437 600 1521 μέν
621 1441 830 1517 βασιλείαν
848 1439 853 1522 Ι
871 1432 937 1522 τὴν
957 1439 1124 1522 μακαρίαν
1143 1436 1207 1502 τοῦ
1229 1428 1430 1522 ἡγεμονικοῦ
1451 1428 1552 1504 κατύ-

199 1549 232 1604 10
251 1555 368 1603 στασιν
389 1537 444 1601 καί
459 1529 501 1602 τό
516 1537 724 1620 τεταγμένον
737 1539 811 1604 τῶν
834 1539 954 1620 σοφῶν
976 1537 1213 1621 διαλογισμῶν,
1226 1537 1378 1619 Χριστοῦ
1394 1537 1430 1603 δέ
1451 1539 1553 1616 βασι-

252 1637 362 1702 λείαν
381 1629 462 1713 τοῦς
475 1625 661 1719 προϊόντας
676 1637 866 1721 σωτηρίους
881 1651 954 1716 τοῖς
971 1628 1131 1704 ἀκούουσι
1146 1626 1266 1718 λόγους
1279 1639 1336 1702 καὶ
1350 1629 1394 1702 τὰ
1408 1636 1470 1720 μέν
1484 1633 1554 1702 ἐπι-

252 1728 435 1819 τελούμενα
461 1729 541 1818 ἐργα
563 1729 774 1820 δικαιοσύνης
795 1737 851 1801 καί
873 1739 947 1804 τῶν
969 1737 1102 1802 λοιπῶν
1122 1726 1268 1817 ἀρετῶν·
1292 1724 1393 1820 λόγος
1414 1729 1477 1820 γὰρ
1498 1738 1554 1801 καί

250 1827 444 1918 δικαιοσύνη
467 1823 486 1900 ό
507 1827 579 1911 υίὸς
601 1835 666 1901 τοῦ
687 1837 797 1914 θεοῦ)·
819 1829 951 1914 παντὸς
965 1835 1033 1920 <δέ>
1057 1825 1264 1919 ἆμαρτωλοῦ
1285 1856 1554 1918 κατατυραννού-

248 1934 352 2018 μένου
365 1924 433 1999 ύπό
448 1933 512 1998 τοῦ
528 1922 694 2018 ἄρχοντος
707 1935 791 2015 ,τοῦ
808 1935 933 2014 αἰῶνος
947 1928 1104 2014 τούτου,“
1116 1931 1188 1999 ἐπεὶ
1201 1935 1269 2012 πᾶς
1283 1924 1484 2019 ἁμαρτωλός
1503 1936 1552 2019 τῷ

198 2044 231 2098 15
249 2033 411 2099 ἐνεστῶτι
432 2032 532 2098 αίῶνι
553 2035 695 2119 πονηρῷ
723 2027 905 2120 ω’κείωται,
931 2028 976 2119 μὴ
1003 2033 1203 2118 ἐμπαρέχων
1229 2026 1351 2100 ἑαυτόν
1377 2034 1428 2119 τῶ
1457 2025 1554 2101 δόντι

248 2125 392 2212 ,ἑαυτόν
421 2133 499 2217 περὶ
525 2135 599 2199 τῶν
625 2123 840 2218 ἁμαρτωλῶν
862 2125 973 2218 ἡμῶν,
1001 2121 1098 2210 όπως
1124 2131 1285 2218 ἐξέίληται
1316 2124 1401 2218 ἡμᾶς
1426 2132 1464 2199 ἐκ
1489 2133 1553 2200 τοῦ
1572 2136 1624 2194 239

249 2232 375 2310 αἰῶνος
402 2233 467 2298 τοῦ
498 2231 688 2311 ἐνεστῶτος
718 2233 894 2318 πονηροῦ(
920 2233 976 2299 καὶ
1001 2229 1193 2316 ,,ἐξέληται“
1219 2226 1327 2312 ,κατὰ
1354 2225 1395 2299 τὸ
1422 2232 1554 2317 θέλημα

248 2332 313 2398 τοῦ
335 2331 421 2397 θεοῦ
443 2335 499 2397 καί
521 2325 651 2415 πατρὸς
673 2322 791 2416 ἡμῶν“
811 2326 899 2400 κατὰ
921 2325 964 2397 τὰ
986 2331 1023 2398 ἐν
1044 2333 1087 2414 τῇ
1108 2324 1194 2416 πρός
1215 2323 1373 2411 Γαλάτας
1398 2331 1554 2417 εἰρημένα

248 2431 419 2514 ἐπιστολῇ.
462 2419 481 2496 ό
511 2431 546 2496 δέ
575 2425 937 2516 κατατυραννούμενος
959 2423 1027 2499 ύπό
1052 2432 1115 2498 τοῦ
1143 2420 1310 2516 ἄρχοντος
1336 2424 1464 2498 τούτου
1491 2433 1554 2500 τοῦ

197 2538 232 2594 20
250 2531 375 2608 αίῶνος
396 2531 448 2616 τῷ
471 2524 612 2615 ἐκουσίῳ
635 2532 697 2616 τῆς
719 2522 881 2617 ἁμαρτίας
901 2533 958 2597 καί
972 2523 1180 2611 βασιλεύεται
1202 2523 1270 2598 ῦπό
1292 2533 1354 2617 τῆς
1375 2521 1553 2648 όμαρτίας·

249 2621 367 2713 διόπερ
388 2621 637 2716 κελευόμεθα(
616 2624 683 2697 υπὸ
706 2655 770 2698 του
754 2624 920 2697 Παύλου
940 2631 1057 2717 μηκέτι
1078 2622 1329 2698 ύποτύσσεσθαι
1346 2624 1495 2714 θελούσῃ
1509 2633 1553 2714 τῇ

249 2719 393 2844 ύμαρτίηι
419 2723 604 2809 βασιλεύειν
635 2720 745 2815 ἡμῶν,
771 2731 827 2796 καὶ
858 2722 1140 2814 προστασσόμεθύ
1165 2752 1203 2814 γε
1229 2723 1282 2796 διὰ
1305 2723 1456 2797 τούτων·
1488 2724 1552 2815 ,μὴ

248 2815 312 2897 οῦν
338 2822 590 2907 βασιλευέτω“
569 2855 590 2914 η
616 2820 799 2915 αμαρτίαέ
801 2832 894 2915 ντῶ
920 2821 1087 2916 θνητῷ
1067 2832 1164 2915 ημῶν
1188 2824 1319 2914 σώματι
1339 2823 1442 2908 είς
1406 2854 1447 2896 το
1468 2821 1550 2896 ύπα

247 2922 359 2996 κούειν
381 2943 455 3006 ταῖς
475 2927 667 3013 ἐπιθυμίαις
688 2920 822 3014 αύτῆς.“

196 3041 229 3099 25
330 3034 358 3095 2.
394 3019 467 3096 ἀλλ’
491 3028 560 3112 ἐρεῖ
580 3053 631 3107 τις
652 3051 740 3111 προς
755 3052 942 3114 αμφοτερα,
965 3052 1007 3096 το
1023 3052 1061 3095 τε
1078 3019 1333 3114 ,αγιασθητω
1356 3021 1401 3095 τό
1425 3019 1551 3111 όνομᾶ
1639 3039 1645 3052 ’

246 3131 338 3194 σου(
359 3121 477 3194 καὶτὸ
504 3127 680 3208 ,ἐλθέτω
707 3119 729 3212 ἦ
754 3129 934 3208 βασιλεία
960 3131 1061 3208 σου,“
1105 3116 1173 3210 ότι,
1201 3126 1230 3195 εί
1255 3117 1274 3194 ό
1297 3120 1475 3212 εύχόμενος
1495 3128 1551 3196 ἐπί

246 3228 298 3312 τῷ
332 3221 556 3294 ἐπακούεσθαι
588 3218 720 3312 εῦχεται
757 3230 813 3294 καὶ
844 3220 1046 3294 ἐπακούεταί
1087 3250 1184 3307 ποτε,
1222 3219 1384 3312 δηλονότι
1423 3218 1550 3313 ἆγιασ-

245 3317 417 3411 θήσεταί
438 3350 525 3394 ποτε
547 3331 616 3394 τινί
641 3322 729 3394 κατὰ
751 3321 795 3394 τὰ
816 3328 1041 3412 προειρημένα
1061 3319 1124 3408 ,τό
1147 3318 1292 3412 όνομα“
1314 3329 1378 3394 τοῦ
1399 3329 1496 3408 θεοῦ,
1520 3315 1549 3414 ᾦ

330 3477 348 3532 2
373 3477 435 3546 vgl.
453 3477 554 3532 Matth.
574 3479 614 3542 13,
633 3479 674 3534 23.
691 3477 780 3533 Mark.
797 3481 823 3544 4,
841 3479 883 3534 20.
900 3477 968 3532 Luk.
985 3477 1010 3544 8,
1029 3479 1070 3532 15.
1087 3506 1120 3516 —
1138 3475 1156 3532 4
1173 3476 1235 3546 vgl.
1253 3475 1324 3532 oben
1343 3478 1406 3548 Gap.
1425 3478 1515 3532 XXIII
1526 3481 1551 3544 4,

245 3559 270 3616 S.
289 3563 339 3617 352
357 3561 383 3616 Z.
401 3563 455 3617 9ff.
474 3593 507 3603 -
531 3566 544 3621 2
565 3563 626 3617 Joh.
646 3565 685 3630 14,
704 3563 745 3618 23.
763 3593 797 3602 -
816 3561 854 3618 12
872 3561 1086 3632 vgl.J0121‚1.
1105 3564 1146 3615 14.
1173 3561 1261 3616 IKor.
1274 3564 1297 3628 1,
1310 3563 1352 3618 30.
1371 3593 1404 3603 -
1422 3562 1497 3618 1411.
1512 3564 1551 3620 12

245 3644 307 3715 Vgl.
325 3647 413 3714 Ignat.
432 3646 467 3700 οδ
480 3645 578 3717 Ephes.
591 3646 655 3718 Gap.
667 3646 731 3701 XIX
744 3651 757 3701 1
771 3648 794 3714 (Ι
805 3647 869 3702 Xor.
882 3647 906 3709 2,
919 3648 942 3704 6.
961 3647 985 3702 8.
1011 3647 1037 3700 II
1055 3645 1119 3701 Xor.
1136 3648 1161 3710 4,
1179 3647 1214 3715 4).
1232 3677 1265 3686 -
1286 3646 1324 3704 16
1341 3647 1403 3717 Vgl.
1417 3647 1550 3715 6α1.1,4.

140 3798 142 3802 Ι
244 3759 278 3769 -
297 3729 336 3785 22
355 3730 432 3787 mam.
451 3733 475 3798 6,
494 3733 581 3787 12.-
598 3731 638 3788 25
658 3732 758 3788 Matth.
777 3735 801 3797 6,
820 3733 844 3788 9.
871 3731 939 3786 Luk.
953 3734 993 3792 11,
1011 3732 1035 3786 2.
1054 3761 1086 3771 -
1109 3730 1311 3796 261ία10116,
1330 3732 1371 3788 10.
1394 3732 1461 3786 Luk.
1474 3735 1514 3798 11,
1526 3733 1551 3788 2.

330 3867 347 3940 6
370 3860 474 3922 ἑαυτόν
499 3865 636 3936 TAusgg.
660 3861 751 3922 αύτόν
776 3867 918 3922 schreiben
944 3867 1021 3921 Bent.
1034 3865 1093 3921 Del.
1116 3867 1138 3934 (Ι
1156 3867 1207 3922 238
1224 3869 1304 3922 Anm.
1322 3865 1350 3932 b)
1378 3867 1517 3937 unriohtig
1543 3869 1546 3936 ί

245 3951 264 4008 6
287 3945 549 4020 συμβασιλεύοντος
565 3951 644 4006 Βοαίι
654 3951 713 4006 Del.
731 3953 754 4020 (Ι
772 3953 823 4008 238
839 3954 920 4005 Anm.
938 3951 966 4020 b)
989 3950 1071 4020 Angl.
1089 3949 1144 4015 (bei
1161 3949 1220 4006 Del.
1238 3953 1252 4006 1
1270 3952 1363 4022 92212),
1391 3952 1446 4022 vgl.
1464 3955 1548 4008 unten

244 4035 270 4091 2.
289 4037 322 4092 10
330 4035 362 4100 f.,
382 4030 631 4105 συμβουλεύοντος
652 4037 782 4105 TAusgg.
805 4037 809 4102 Ι
837 4037 851 4092 2
880 4029 1076 4105 ἐμνημόνευον
1098 4033 1223 4100 Ox.Del.‚
1247 4031 1445 4107 ἐμνημόνευσα
1467 4035 1548 4106 Angl.

244 4121 279 4187 (ε.
292 4137 317 4177 ε.
329 4119 379 4186 0.),
397 4114 571 4189 ἐμνημόνευε
588 4119 611 4173 T
621 4119 694 4175 wat.
707 4121 763 4190 (am
774 4120 863 4190 Rand)
882 4119 966 4174 Lond.
982 4122 987 4188 Ι
1002 4119 1097 4176 9-12
1116 4137 1162 4174 σοι
1174 4119 1254 4174 Βουδ
1270 4137 1325 4176 von
1342 4121 1363 4175 1.
1375 4121 1408 4175 11
1421 4121 1548 4190 folgende

244 4203 314 4259 Note
332 4205 358 4273 (3
374 4203 487 4272 Zeilen):
511 4209 548 4274 σῇ
565 4207 632 4276 περί
649 4210 699 4275 τῆς
714 4207 718 4274 Ι
732 4207 881 4276 βασιλειας
897 4209 933 4260 κῦ
949 4205 1034 4276 τ<οῦ>
1051 4207 1105 4274 Ιχῦ
1128 4203 1150 4258 Τ
1173 4207 1178 4274 l
1202 4205 1241 4261 13
1265 4202 1326 4277 (δέ)
1345 4206 1410 4275 suge
1431 4204 1476 4260 ich
1498 4205 1549 4260 mit

244 4289 320 4344 Βευί,
331 4288 426 4357 Ι)ε1.(Ι
443 4289 496 4345 238
512 4289 593 4343 Anm.
612 4291 635 4358 ο)
655 4289 737 4359 Angl.
749 4291 784 4358 (ε.
798 4307 822 4344 ε.
834 4287 876 4356 Ο.)
894 4289 938 4343 ein
953 4292 957 4354 1
974 4290 1012 4346 16
1031 4280 1221 4362 ἁμαρτωλῶν]
1240 4283 1390 4360 ἁμαρτιῶν
1407 4289 1457 4346 Ox.
1467 4291 1548 4360 Angl.

245 4379 278 4438 ίο.
297 4391 322 4428 ν.
340 4372 382 4442 0.)
399 4374 472 4428 nach
489 4373 549 4428 Gal.
570 4377 593 4440 1,
611 4377 640 4442 43
659 4375 726 4430 aber
744 4373 877 4443 Origenes
894 4373 984 4429 eitiert
1001 4374 1061 4428 hier
1078 4374 1156 4430 nieht
1172 4375 1299 4431 wortlieh
1314 4377 1318 4444 Ι
1335 4376 1371 4432 12
1391 4377 1441 4430 καί
1459 4371 1550 4446 ἐξέλη·

243 4475 291 4514 ται
308 4467 342 4517 <
359 4457 409 4512 Ox.
427 4475 453 4513 υ
470 4458 537 4528 tilgt
553 4458 635 4528 Angl.
653 4459 687 4528 (a.
705 4475 730 4514 ε..
748 4457 790 4522 0.)
808 4458 948 4528 unriohtig
971 4460 975 4526 Ι
999 4458 1039 4514 23
1062 4450 1152 4530 ἡμῶν]
1170 4454 1250 4527 ῦμῶν
1266 4461 1316 4516 Ox.
1327 4459 1408 4529 Angl.
1420 4461 1456 4528 (ε.
1470 4477 1495 4516 ο.
1509 4459 1549 4524 0.)

244 4542 315 4596 nach
333 4543 410 4598 λίθω.
429 4545 453 4610 6,
472 4545 512 4606 12,
532 4543 602 4598 doch
621 4543 675 4612 νηί
693 4546 779 4598 unten
800 4543 826 4598 8.
843 4543 895 4599 358
911 4542 938 4598 Ζ.
955 4545 990 4600 30
1012 4544 1016 4610 Ι
1040 4542 1080 4599 24
1104 4537 1200 4614 αὐτῆς]
1218 4544 1273 4614 vgl.
1291 4543 1429 4614 Origenes.
1446 4544 1549 4602 Comm.

243 4626 273 4680 in
289 4625 341 4696 IIp.
360 4627 395 4682 ad
416 4627 492 4684 Rom.
504 4628 543 4684 VI
563 4631 576 4682 1
595 4628 673 4698 (tom.
685 4628 736 4683 VII
754 4630 809 4698 p.4
827 4627 883 4683 Ζ.4
900 4645 925 4684 v.
944 4645 968 4684 0.
987 4627 1030 4684 ed.
1044 4627 1157 4696 Lomm.)
1173 4631 1177 4696 Ι
1193 4628 1231 4686 22
1252 4632 1346 4698 δῆλον,
1367 4620 1412 4690 ότι
1430 4630 1516 4688 Lond.
