3780 5532
618 471 716 526 ΚΑΤΑ
741 473 902 530 ἰίΕΛΣΟΥ
920 475 997 533 VIII
1020 475 1060 530 12.
1079 475 1120 528 13.
1139 477 1178 528 14.
1485 478 1543 540 231

243 635 406 720 σέβομέν
437 659 472 720 γε
502 633 566 705 τὸν
597 640 741 724 πατέρα,
769 635 1001 727 θαυμάζοντες
1031 633 1137 710 αὐτοῦ
1169 635 1232 755 τὸν
1258 635 1333 708 υίόν
1361 630 1547 724 λόγονκαὶ

243 737 368 817 σοφίαν
388 739 444 801 καί
465 728 630 823 ἀλήθειαν
650 743 705 807 καὶ
728 737 947 828 δικαιοσύνην
967 747 1023 808 καί
1044 733 1168 858 πήντα,
1193 729 1278 822 ὅπερ
1301 735 1384 816 εῖναι
1398 731 1547 856 μεμαθή·

243 858 349 918 καμεν
371 828 434 902 τόν
456 830 532 903 υἱόν
555 841 629 906 τοῦ
649 841 756 921 θεοῦ,
777 831 842 922 Ιο
800 866 896 910 ουτω
920 837 960 928 δή
975 845 1030 908 καὶ
1045 834 1110 908 τόν
1125 828 1372 925 γεννηθέντα
1352 831 1419 904 απὸ
1436 832 1547 905 τοιού·
1564 845 1616 900 752

243 957 308 1000 του
329 927 468 1019 πατρός.
509 939 564 1004 καὶ
587 941 696 1006 ταῦτα
716 942 778 1026 μὲν
799 936 916 1026 ταῦτη.

209 1063 226 1115 5
325 1051 409 1117 XIV.
445 1042 533 1120 Επει
555 1055 593 1120 δέ
612 1076 694 1173 φησι
715 1049 1011 1136 παλινοΚελσος
1033 1081 1102 1137 οτι
1130 1054 1161 1122 εἰ
1191 1047 1370 1136 διδόξαις
1399 1045 1547 1132 αῦτοῦς

244 1138 309 1216 ότι
339 1143 411 1218 οῦκ
441 1133 630 1219 ἔστιν
583 1179 704 1236 ουτος
730 1155 889 1224 ἐκείνου
906 1171 1012 1236 παῖς
1035 1147 1119 1224 ἀλλ’
1140 1145 1294 1234 ἐκεῖνός
1315 1177 1354 1240 γε
1376 1144 1547 1220 πόντων

243 1243 390 1368 πατήρ,
415 1277 460 1320 ον
480 1275 608 1336 μονον
629 1249 682 1335 οῦς
703 1248 869 1342 ἀληθῶς
891 1257 953 1323 δεῖ
971 1259 1113 1337 σέβειν·
1135 1246 1205 1321 οῦκ
1227 1277 1275 1320 αν
1295 1249 1356 1319 ετι
1375 1254 1546 1330 θέλοιεν

244 1347 276 1413 εἰ
305 1344 354 1434 μή
384 1354 449 1418 καὶ
480 1355 646 1436 τοῦτον,
679 1343 801 1440 όσπερ
831 1356 942 1423 ἐστὶν
970 1347 1108 1434 αῦτοῖς
1133 1355 1203 1439 τῆς
1230 1345 1405 1431 στάσεως
1427 1344 1546 1438 ἀρχη-

243 1448 367 1533 γέτης·
413 1453 478 1516 καί
509 1445 720 1539 οόνόμασόν
754 1479 795 1540 γε
828 1456 978 1522 τοῦτον
1011 1455 1110 1522 θεοῦ
1144 1448 1246 1533 υἱὸν,
1280 1444 1349 1536 οῦχ
1381 1440 1445 1520 ότι
1475 1445 1547 1519 τόν

193 1540 340 1614 1οθεόν
371 1543 524 1634 σφόδρα
554 1555 748 1634 σέβουσιν
779 1544 863 1622 ἀλλ’
891 1544 954 1622 ότι
985 1556 1135 1621 τοῦτον
1163 1544 1317 1636 σφόδραΙ
1344 1544 1546 1632 αῦξουσιν,

243 1636 334 1730 ἡμεῖς
355 1671 416 1732 μεν
437 1674 501 1716 ουν
515 1645 695 1736 μαθόντες
719 1677 770 1731 τις
785 1645 919 1721 ἐστιν
900 1679 918 1720 ο
941 1647 1026 1731 υἱός
1049 1654 1120 1771 τοῦ
1141 1653 1252 1768 θεοῦ,
1275 1639 1365 1718 καί
1347 1674 1429 1730 οτι
1431 1642 1547 1730 ,3333-

243 1740 371 1870 73333“
393 1749 463 1816 ἐστι
489 1753 571 1865 ,τής
598 1745 698 1836 δόξης
728 1755 784 1820 καὶ
813 1747 985 1838 χαρακτήρ
1013 1753 1073 1837 τῆς
1098 1743 1331 1865 3300333839.
1338 1741 1466 1816 αὐτοῦ·
1487 1747 1543 1816 καὶ

158 1865 250 1925 194ι,
252 1836 370 1929 ,ότμίς
372 1847 491 1963 (μὲν,
493 1851 565 1935 ,τῆς
590 1853 689 1917 θεοῦ
715 1845 887 1937 δυνάμεως
920 1842 1096 1937 όπόρΙῥοια
1123 1851 1158 1917 δὲ
1185 1851 1246 1934 τῆς
1268 1851 1331 1918 τοῦ
1352 1843 1544 1934 παντοκρά-

242 1967 344 2027 τορος
379 1939 478 2066 δόξης
518 1945 719 2036 εἰλικρινής“
749 1948 799 2018 ἔτι
835 1953 871 2018 δὲ
904 1943 1145 2036 ,όπαῦγασμα“
1175 1942 1316 2032 ,φωτός
1346 1941 1456 2016 ἀϊδίου
1489 1953 1545 2016 καί

191 2061 225 2114 15
243 2043 411 2129 ἔσοπτρον
439 2039 653 2132 όκηλίδοοτον
683 2051 745 2135 τῆς
774 2053 848 2117 τοῦ
874 2051 971 2118 θεοῦ
997 2051 1162 2135 ἐνεργείας
1182 2053 1239 2116 καὶ
1263 2045 1364 2115 εἰκοόν
1385 2049 1446 2133 τῆς
1468 2040 1546 2132 όγα-

242 2135 395 2224 θότητος
418 2140 554 2222 αῦτοῦ,“
576 2148 670 2234 ἰσμεν
692 2137 747 2217 ότι
776 2136 898 2229 οὗτος
927 2143 1013 2229 υίὸς
1043 2149 1078 2232 ἐξ
1107 2149 1276 2228 ἐκείνου,
1307 2151 1363 2215 καί
1393 2147 1547 2226 ἐκεῖνος

243 2237 393 2310 τούτου
419 2239 560 2332 πατήρ.
602 2250 657 2315 καὶ
690 2240 788 2316 οὐδέν
814 2242 963 2335 ἀπρεπές
989 2249 1081 2316 ἐστιν
1102 2248 1139 2314 έν
1162 2251 1212 2334 τῷ
1236 2241 1327 2332 λόγῳ
1350 2239 1427 2314 οῦδὲ
1448 2239 1546 2328 όνόρ

241 2364 370 2426 μοοτον
401 2347 498 2431 θεῷ,
531 2349 692 2418 τοιοῦτον
719 2341 808 2415 υἱόν
833 2350 1000 2434 μονογενῆ
1027 2339 1217 2462 ῦφιστόντι..
1260 2347 1338 2414 καὶ
1342 2340 1404 2413 οῦκ
1430 2336 1472 2412 όν
1493 2369 1547 2430 με·

242 2445 442 2528 ταπείσηταί
468 2469 521 2523 τις
547 2437 632 2530 ἡμᾶς
655 2435 709 2514 ότι
731 2439 791 2531 οῦχ
813 2442 898 2525 υἱός
920 2439 939 2516 3
962 2449 1122 2560 τοιοῦτος
1144 2449 1216 2514 τοῦ
1238 2438 1428 2532 όγεννήτου
1449 2445 1548 2511 θεοῦ

191 2557 226 2613 20
242 2540 313 2606 ἐστι
334 2544 389 2606 καὶ
411 2536 573 2630 πατρός.

325 2643 354 2707 εἰ
375 2643 413 2708 δέ
429 2667 536 2712 τινων
554 2637 747 2760 παρήκουσε
764 2647 902 2726 Κέλσος,
924 2640 969 2731 μή
985 2637 1249 2732 ὁμολογούντων
1271 2637 1343 2714 τὸν
1363 2639 1451 2711 υίόν
1474 2645 1547 2712 τοῦ

243 2742 341 2807 θεοῦ
363 2735 452 2809 υἰόν
474 2741 559 2810 εἰναι
581 2747 644 2812 τοῦ
666 2738 976 2831 δημιουργήσαντος
999 2739 1077 2814 τόδε
1100 2740 1140 2813 τὸ
1162 2748 1242 2827 πᾶν,
1265 2737 1368 2824 αὐτὸς
1389 2734 1432 2811 όν
1447 2743 1545 2828 εἰδείη

242 2843 297 2906 καὶ
328 2841 360 2908 οἰ
387 2845 710 2928 συγκατατιθέμενοι
737 2840 887 2931 τοιούτῳ
915 2839 1015 2932 λόγῳ.
1059 2839 1100 2914 οῦ
1130 2839 1306 2923 στάσεως
1337 2832 1400 2912 οῦν
1430 2837 1546 2929 ἄρχη-

243 2941 359 3025 γέτης
389 2933 407 3008 ό
429 2934 553 3028 Ἰησοῦς
583 2935 669 3010 ἀλλὰ
699 2937 807 3029 πάσης
832 2938 981 3030 εἰρήνης,
1009 2936 1028 3012 3
1051 2943 1157 3012 εἰποόν
1179 2959 1252 3024 τοῖς
1272 2950 1454 3031 μαθηταῖς·
1484 2945 1546 3024 ,εἰ-

192 3052 225 3108 25
242 3032 349 3124 ρήνην
380 3032 499 3128 ἀφίημι
528 3037 620 3126 ῦμῖν,
650 3037 786 3128 εἰρήνην
816 3038 880 3129 τήν
915 3039 997 3129 ἐμήν
1029 3045 1148 3130 δίδωμι
1178 3037 1283 3130 ῦμῖν.“
1327 3041 1386 3110 εἰτ’
1409 3044 1546 3128 ἐπείπερ

243 3131 410 3224 ἠπίστατο
433 3137 514 3220 τοῦς
535 3143 600 3209 τοῦ
622 3135 750 3227 κόσμου
770 3144 825 3208 καὶ
848 3135 889 3210 οῦ
909 3145 1008 3210 θεοῦ
1029 3137 1235 3228 ἀνθρώπους
1249 3137 1546 3229 προσκολεμήσον-

243 3263 305 3354 τας
335 3232 422 3324 ἡμῖν,
444 3243 657 3326 προσέθηκεν
687 3241 826 3322 έκείνοις
858 3236 898 3308 τό
924 3235 988 3324 „03
1013 3240 1132 3322 καθοὸς
1159 3235 1177 3310 3
1200 3236 1323 3328 κόσμος
1345 3244 1480 3310 δίδωσιν
1502 3243 1545 3308 εἰ·

243 3331 359 3424 ρήνην,
391 3333 485 3426 κόγώ
516 3342 636 3424 δίδωμι
667 3334 745 3426 ῦμῑν
778 3335 941 3427 εἰρήνηνέ(
984 3339 1180 3458 θαρροῦμεν
1210 3345 1245 3409 δὲ
1272 3334 1329 3408 δι>
1336 3334 1456 3421 αὐτὸν,
1482 3331 1546 3407 κόιν

242 3434 477 3523 θλιβώμεθαί
479 3463 499 3504 ν
520 3442 570 3524 τῷ
593 3432 719 3526 κόσμῳ,
741 3433 894 3507 εἰπόντα
915 3440 973 3522 ,ἐν
995 3445 1046 3528 τῷ
1065 3435 1181 3558 33333
1196 3439 1349 3524 θλῖψιν”
1334 3461 1437 3525 εχετε·
1460 3432 1545 3508 ἀλλὰ

191 3548 226 3603 30
243 3542 408 3622 θαρσεῖτε,
431 3536 497 3624 έγώ
521 3543 679 3624 νενίκηκα
700 3533 764 3607 τόν
784 3533 941 3625 κόσμον.α
976 3510 1032 3607 καί
1054 3534 1204 3608 τοῦτόν
1224 3565 1333 3626 φαμεν
1348 3538 1432 3608 εἰναι
1454 3535 1546 3608 υἱόν

241 3639 353 3704 θεοῦ·
383 3640 482 3706 θεοῦ
509 3629 600 3721 δὲ,“
582 3663 632 3720 ον,
659 3641 688 3706 εἰ
710 3642 761 3708 δεῖ
780 3655 854 3720 ταῖς
876 3643 1003 3724 λέξεσιν
1025 3633 1256 3728 όκολουθήσαι
1279 3641 1424 3722 Κέλσου,
1452 3633 1545 3724 σφό-

328 3804 344 3858 1
365 3803 587 3874 Vgl.Joh.1‚1.
608 3794 647 3861 14.
671 3808 712 3870 14,
724 3810 748 3862 6.
773 3807 871 3872 17,1’1.
895 3807 962 3861 [mk.
981 3810 1022 3874 11,
1040 3809 1082 3863 49.
1110 3807 1198 3862 IKor.
1212 3809 1235 3870 1,
1254 3807 1294 3861 24.
1313 3807 1354 3863 30.
1373 3837 1406 3846 -
1425 3808 1461 3863 11
1482 3807 1545 3877 Vgl.

241 3886 324 3945 Hebr.
343 3891 367 3954 1,
385 3891 410 3946 3.
436 3921 469 3930 -
497 3891 536 3946 13
554 3889 616 3962 Vgl.
635 3889 738 3946 Weish.
755 3891 810 3946 sal.
829 3894 853 3957 7,
873 3893 914 3946 25.
942 3921 975 3930 -
1000 3891 1038 3947 14
1056 3891 1119 3962 Vgl.
1137 3891 1240 3946 Weish.
1258 3890 1312 3944 Sal.
1331 3893 1359 3956 7,
1377 3891 1419 3947 26.
1445 3922 1479 3933 -
1507 3893 1545 3949 13

242 3971 305 4042 Vgl.
324 3972 422 4028 Matth.
440 3976 465 4038 3,
483 3978 524 4030 17.
549 3978 589 4044 17,
607 3979 631 4032 5.
658 3977 746 4030 Mark.
765 3979 848 4044 1,,11.
872 3975 939 4030 Luk.
951 3978 976 4043 3,
993 3976 1034 4030 22.
1058 3978 1082 4041 9,
1095 3977 1136 4031 35.
1155 4007 1187 4016 -
1207 3975 1245 4032 18
1263 3973 1325 4044 vgl.
1338 3975 1400 4030 Joh.
1413 3979 1436 4042 1,
1449 3979 1491 4031 14.
1504 3979 1545 4032 18.

241 4057 266 4120 3,
285 4057 325 4111 16.
345 4057 384 4112 18.
408 4059 499 4112 IJoh.
516 4063 540 4122 4,
559 4063 583 4116 9.
602 4091 634 4100 -
654 4061 691 4116 21
711 4060 775 4130 Vgl.
788 4061 860 4116 oben
877 4061 955 4118 1754.
977 4059 1015 4114 VI
1028 4063 1069 4116 53.
1087 4091 1120 4101 -
1137 4061 1176 4116 24
1193 4059 1255 4115 Joh.
1268 4063 1308 4123 14,
1320 4061 1362 4114 27.
1380 4059 1545 4130 -271781,

240 4138 302 4194 Joh.
321 4143 362 4204 14,
380 4142 420 4195 27.
440 4171 472 4181 -
492 4144 532 4200 23
549 4143 611 4200 Joh.
630 4148 670 4212 16,
688 4147 729 4201 33.

325 4293 343 4347 3
366 4283 452 4363 οότω]
471 4285 523 4353 όῖιε
539 4297 613 4352 lesen
632 4299 679 4352 Bo.
699 4295 800 4364 (Notae
818 4315 843 4367 p.
861 4298 921 4364 405)
940 4314 966 4352 u.
985 4295 1066 4351 Guie1
1084 4296 1137 4363 (bei
1155 4295 1213 4351 Del.
1233 4297 1246 4350 Ι
1264 4297 1313 4351 752
1330 4299 1411 4349 Anm.
1429 4297 1455 4364 εΙ
1473 4295 1545 4350 ohne

242 4377 337 4431 Grund
359 4381 363 4446 Ι
387 4395 437 4432 vor
453 4373 588 4432 τοιοῦτον
605 4385 638 4444 -Ι-
655 4385 709 4434 τοῦ
725 4380 860 4450 MAusgg.
880 4381 884 4450 Ι
910 4381 949 4436 10
966 4374 1037 4449 ἄλλ’]
1056 4369 1143 4435 Βεεαι
1159 4379 1228 4434 fiber
1246 4379 1309 4435 dem
1327 4379 1443 4434 zweiten
1461 4382 1477 4434 λ
1495 4383 1519 4434 A
1539 4381 1541 4441 Ι

243 4463 282 4518 13
305 4480 353 4516 vor
369 4465 443 4518 θεοῦ
459 4469 491 4527 -Ι-
509 4465 563 4517 τοῦ
579 4463 714 4532 MAusgg.
730 4465 734 4532 Ι
751 4465 789 4520 15
808 4465 899 4518 hinter
917 4468 988 4520 θεοῦ
1000 4473 1032 4530 -Ι-
1045 4460 1202 4534 δννόμεως,
1220 4465 1290 4519 doch
1308 4464 1476 4535 expungim,
1495 4469 1520 4519 Δ

243 4547 356 4604 18-19
374 4565 420 4600 αυτ
437 4546 517 4600 Rand
536 4565 572 4617 οη
589 4551 624 4601 111
646 4548 650 4616 Ι
670 4548 785 4604 23-24
808 4565 854 4602 am
871 4548 951 4602 θεοῦ
970 4543 1006 4618 σή
1027 4554 1062 4604 1¹
1084 4553 1089 4615 Ι
1108 4550 1148 4606 22
1167 4549 1268 4619 θλίψιν
1284 4550 1414 4618 AAusgg.
1439 4550 1444 4617 Ι
1468 4541 1544 4619 ἔχετε

242 4635 267 4685 Δ
284 4625 360 4697 ἕξετε
377 4631 483 4696 Meum,
502 4631 551 4686 Ησ.
573 4650 617 4685 am
636 4632 724 4694 θεοῦ,
742 4635 784 4703 Sp.
795 4633 854 4688 Del.
872 4633 910 4686 im
928 4633 1000 4688 Text
1014 4636 1018 4703 Ι
1034 4634 1071 4690 81
1093 4651 1140 4690 vor
1157 4632 1272 4690 Κέλσου
1289 4641 1321 4698 -Ι-
1337 4639 1389 4688 τοῦ
1407 4633 1544 4702 MAusgg.
