3790 5526
629 481 728 535 ΚΑΤΑ
756 482 914 536 ΚΕΔΣΟΥ
937 483 979 541 VI
1005 483 1046 536 34.
1065 483 1106 537 35.
1124 482 1165 536 36.
1487 487 1545 548 105

323 641 427 733 ψυχὴ
449 649 484 714 δὲ
507 651 610 730 ζῶσα
632 639 717 730 τάχα
739 648 799 732 μὲν
821 646 857 713 έν
879 639 1087 734 άποῤῥὴτοις
1109 650 1262 714 λέλεκται
1284 641 1376 730 παρά
1389 663 1457 712 τισι
1471 649 1545 713 τῶν

241 737 309 814 άπό
333 739 560 814 Οὐαλεντίνου
582 745 627 824 εἰς
646 743 711 815 τὸν
730 739 788 814 ὑπ’
808 740 924 815 αὐτῶν
945 738 1196 831 ὀνομαζόμενον
1210 741 1376 830 ,ψυχικόν
1393 749 1545 830 δημιουρ-

241 841 333 931 γὸν,“
356 841 440 930 τάχα
463 848 498 912 δὲ
519 849 573 912 καί
596 842 682 932 πρὸς
703 838 965 932 άντιδιαστολίγν
987 848 1113 930 ψυχῆς
1137 848 1253 930 νεκρᾶς
1275 839 1296 930 ἡ
1318 849 1422 928 ζῶσα
1442 838 1545 928 ψυχὴ

241 937 303 1011 ούκ
318 935 467 1030 ἀγεννῶς
481 941 572 1029 παρά
588 964 654 1012 τισι
669 949 822 1014 λέλεκται
838 939 858 1032 ἡ
874 948 937 1014 τού
954 947 1155 1031 σῳζομένου.
1177 941 1431 1029 σῳαζόμενον
1445 935 1474 1008 δ’
1485 935 1547 1009 ούκ

206 1042 316 1112 ῦσίδα
339 1036 512 1128 οὐρανὸν
534 1047 735 1130 λελεγμένον
758 1037 777 1131 ἢ
798 1049 871 1130 γῆν
894 1047 1150 1131 σφαζομένην
1171 1049 1343 1132 μαχαίρᾳ
1365 1046 1430 1109 καί
1450 1048 1546 1110 πολ·

241 1139 334 1221 λούς
357 1146 643 1227 σφαζομένους,
666 1142 731 1212 ίνα
754 1139 915 1231 ζὴσωσι,
937 1150 994 1212 καί
1018 1139 1080 1213 ούκ
1106 1137 1245 1223 ἀπεικός
1271 1144 1363 1210 ἐστιν
1390 1134 1448 1226 ἀφ’
1476 1138 1547 1209 ἑαυ-

239 1245 303 1311 τοῦ
326 1246 437 1311 ταῦτα
457 1247 669 1330 κεκομικέναι
695 1242 759 1314 τὸν
783 1247 922 1314 Κέλσον.

322 1360 464 1426 XXXVI.
493 1353 727 1446 Παυόμενον
743 1363 778 1428 δέ
799 1364 841 1430 έν
860 1355 994 1448 κόσμῳ
1020 1355 1216 1440 θάνατον,
1240 1350 1339 1428 όταν
1360 1351 1546 1438 άποθάνη

241 1451 354 1544 ἦτοῦ
376 1451 528 1545 κόσμου
550 1451 735 1546 ἁμαρτία,
759 1465 909 1546 λέγοιμεν
930 1452 972 1526 όν
996 1453 1087 1548 ἡμεῖς
1109 1456 1150 1528 τό
1173 1457 1263 1544 παρὰ
1287 1460 1338 1544 τῳ
1362 1449 1546 1542 άποστόλῳ

190 1568 223 1623 10
239 1552 402 1643 μυστικόν
429 1554 641 1644 διηγούμενοι
668 1550 782 1639 οότως
806 1560 894 1645 ἐ’χον·
926 1551 1028 1628 όταν
1049 1561 1083 1626 δὲ
1108 1553 1258 1640 ,πάντας
1280 1553 1361 1636 τούς
1383 1553 1546 1642 ἐχθροός“

241 1649 394 1740 ύποτάξη
422 1651 509 1738 ,ύπό
537 1655 617 1737 τούς
642 1653 750 1739 πόδας
777 1655 913 1741 αύτοῦίί,
940 1653 1022 1728 τότε
1047 1659 1207 1743 ,ἔσχατος
1233 1651 1354 1741 ἐχθρὸς
1376 1669 1547 1741 καταργεί·

241 1781 298 1822 ται
320 1746 338 1821 ό
360 1749 570 1835 θάνατοςί(
589 1765 593 1836 Ι
613 1759 766 1824 λέλεκται
786 1760 822 1824 δὲ
842 1764 910 1826 καί·
933 1750 1054 1839 ,όταν
1080 1753 1121 1825 τὸ
1144 1751 1306 1842 φθαρτόν
1327 1759 1433 1824 τοῦτο
1456 1749 1547 1822 ἐνδύ-
1566 1758 1617 1813 659

241 1872 339 1940 σηται
360 1847 586 1940 άφθαρσίαν“,
609 1850 713 1940 ,τότε
734 1851 941 1944 γενήσεταιτί
957 1851 1057 1943 λόγος
1080 1849 1098 1926 ὁ
1115 1857 1349 1944 γεγραμμένος·
1370 1848 1548 1940 κατεπόθη

241 1944 464 2032 όθάνατος
490 1956 536 2031 εἰς
562 1959 682 2034 νίκος.“
718 1950 899 2024 κάθοδον
926 1961 962 2024 δε
988 1946 1109 2037 αὖθις
1141 1951 1285 2042 στενὴν
1313 1948 1397 2039 τάχα
1424 1955 1456 2022 σί
1484 1949 1548 2038 τὴν

191 2073 224 2124 15
240 2046 546 2138 μετενσωμάτωσιν
568 2047 757 2138 εἰσάγοντες
785 2050 955 2142 φήσουσιν.
1000 2050 1237 2142 αὐτομάτως
1268 2057 1307 2122 δὲ
1338 2047 1547 2138 ἀνοιγομέ-

241 2175 310 2231 νας
331 2148 457 2230 πόλας
483 2154 639 2236 λελέχθαι
666 2147 728 2221 ούκ
758 2148 932 2224 άπίθανόν
957 2158 1050 2225 ἐστιν
1075 2148 1142 2223 ύπό
1170 2177 1279 2222 τινων
1307 2155 1547 2238 αἰνισσομένων

239 2255 295 2317 καὶ
317 2252 546 2337 διηγουμένων
565 2247 606 2319 τό
633 2245 845 2336 ,άνοίξατέ
862 2281 919 2341 μοι
933 2251 1057 2334 πύλας
1080 2250 1301 2339 δικαιοσύνης,
1318 2246 1358 2320 ἵν’
1381 2251 1546 2320 εἰσελθών

241 2351 278 2416 έν
300 2345 417 2430 αὐταῖς
438 2346 736 2438 έξομολογὴσωμαι
758 2358 809 2440 τῷ
832 2359 954 2440 κυρίῳ·
979 2344 1066 2439 αύτη
1089 2347 1110 2440 ἡ
1131 2349 1236 2440 πύλη
1264 2355 1327 2421 τοῦ
1352 2355 1477 2437 κυρίου,
1500 2354 1546 2418 δί-

240 2473 330 2515 καιοι
357 2445 600 2518 εἰσελεύσονται
627 2452 664 2518 έν
690 2445 804 2538 αύτῇ.“
846 2458 902 2520 καί
927 2447 1033 2520 πάλιν
1060 2455 1097 2522 ἐν
1123 2447 1234 2540 ένάτῳ
1257 2455 1378 2538 ψαλμῷ
1402 2453 1547 2536 λέγεται·

191 2566 225 2620 ‘20
240 2539 281 2628 ,ὁ
303 2540 404 2631 ύψῶν
425 2573 466 2634 με
488 2551 525 2616 έκ
547 2554 783 2619 τῶνπυλῶν
805 2557 868 2619 τοῦ
890 2547 1086 2634 θανάτου,
1110 2542 1206 2632 ὅπως
1228 2543 1271 2619 άν
1292 2553 1471 2637 έξαγγείλω
1485 2545 1547 2619 πά-

241 2667 300 2725 σας
321 2643 383 2726 τὰς
406 2651 545 2730 αἰνέσεις
566 2671 627 2718 σου
648 2653 685 2718 ἐν
706 2665 781 2730 ταῖς
802 2646 950 2732 πύλαις
977 2655 1038 2739 τῆς
1060 2646 1231 2736 θυγατρός
1253 2648 1379 2718 Σιοόν.“
1420 2646 1547 2730 πύλας

241 2749 276 2814 δὲ
297 2742 525 2828 ,,θανάτου“
555 2745 617 2830 τὰς
644 2751 699 2818 ἐπὶ
726 2745 790 2835 τὴν
818 2743 993 2818 ἀπώλειαν
1024 2747 1190 2835 φερούσας
1220 2743 1414 2836 ἁμαρτίας
1445 2754 1548 2838 φησίν

240 2845 326 2914 εῖναι
348 2838 499 2932 όλόγος,
523 2839 638 2932 ὥσπερ
658 2855 714 2917 καί
735 2846 882 2931 ,πύλας
908 2848 1025 2918 Σιώνίί
1047 2851 1084 2917 ἐκ
1107 2851 1342 2918 τοῦέναντίου
1365 2846 1427 2930 τὰς
1443 2847 1549 2929 καλάς

239 2939 388 3029 πράξεις·
411 2937 506 3014 ούτω
529 2949 641 3015 δὲκαὶ
665 2945 812 3032 ,πύλας
840 2945 1081 3035 δικαιοσύνηςίί,
1106 2941 1188 3034 όπερ
1210 2951 1284 3018 ’ίσον
1299 2951 1369 3017 έστί
1393 2955 1443 3036 τῷ
1466 2947 1548 3034 ,τὰς

189 3061 222 3117 25
239 3042 369 3125 πύλας
391 3050 452 3132 τῆς
474 3039 628 3133 άρετῆςίί·
652 3036 753 3116 αὗται
776 3051 811 3115 δε
833 3051 868 3132 ἐξ
890 3048 1027 3134 ἑτοίμου
1053 3041 1288 3135 άνοίγονται
1310 3055 1361 3136 τῷ
1383 3048 1547 3136 μεταδιώ-

239 3171 341 3213 κοντι
361 3141 422 3225 τάς
444 3138 518 3212 κατ’
541 3139 666 3233 ἀρετὴν
687 3141 832 3232 πράξεις.
942 3204 948 3210 .

323 3247 399 3328 περὶ
424 3247 459 3312 δὲ
482 3248 544 3312 τοῦ
565 3249 636 3331 τῆς
659 3249 758 3332 ζωῆς
781 3242 903 3329 ξύλου
925 3240 1165 3332 εύκαιρότερόν
1179 3275 1231 3328 τις
1246 3243 1439 3335 διηγήσεται
1454 3245 1549 3336 ἑρμη-

241 3340 353 3412 νεύων
375 3340 418 3411 τά
438 3348 515 3431 περὶ
543 3340 606 3413 τόν
632 3347 669 3413 ίν
697 3349 740 3431 τῇ
769 3348 900 3414 Γενέσει
932 3341 1225 3434 ἀναγεγραμμένον
1252 3341 1459 3434 παράδεισον
1485 3352 1550 3417 τοῦ

239 3447 325 3512 θεοῦ
347 3437 579 3529 φυτευόμενον
601 3436 657 3511 ὐπ’
680 3437 793 3513 αύτοῦ.
828 3441 994 3526 πολλάκις
1015 3450 1076 3532 μὲν
1099 3436 1163 3516 οὖν
1185 3443 1363 3532 έχλεύασεν
1386 3440 1405 3516 ὁ
1423 3451 1550 3527 Κέλσος

156 3627 158 3634 y
190 3536 284 3629 θθῆν
307 3536 368 3611 ούκ
390 3537 530 3630 ἐνόησεν
551 3537 783 3612 ἀνάστασιν
815 3548 876 3613 νῦν
903 3540 933 3613 δ
965 3541 1027 3614 ούκ
1057 3541 1232 3632 ἀρκεσθεὶς
1263 3561 1336 3626 τοῖς
1366 3547 1550 3635 εἰρημένοις

241 3647 322 3730 φησί
344 3645 500 3729 λέγεσθαι
527 3636 747 3712 άνάστασιν
775 3640 919 3730 σαρκός
946 3638 1022 3714 άπὸ
1050 3643 1186 3728 ξύλου,
1213 3643 1433 3733 παρακούσας
1459 3645 1549 3734 οίμαι

240 3745 304 3811 τοῦ
326 3747 533 3828 συμβολικῶς
555 3745 738 3828 εἰρημένου,
762 3735 817 3812 ότι
844 3739 898 3812 διὰ
921 3739 1043 3828 ξύλου
1069 3740 1249 3825 θάνατος
1270 3749 1325 3813 καὶ
1349 3741 1403 3813 διὰ
1426 3740 1549 3829 ξύλου

241 3838 333 3928 ζωὴ,
365 3835 546 3931 θάνατος
576 3846 637 3929 μὲν
667 3839 755 3911 κατὰ
787 3838 849 3911 τὸν
877 3837 977 3930 Ἀδὰμ
1008 3841 1089 3932 ζωὴ
1120 3847 1155 3912 δὲ
1187 3841 1275 3913 κατὰ
1306 3839 1369 3912 τόν
1391 3838 1548 3931 Χριστόν.

241 3941 313 4011 είτα
334 3947 465 4026 παίζων
489 3939 531 4010 τά
553 3946 629 4029 περὶ
653 3947 716 4011 τοῦ
730 3939 853 4025 ξύλου
867 3937 935 4012 άπὸ
951 3940 1013 4012 δύο
1029 3937 1151 4013 τόπων
1167 3938 1251 4012 αύτὸ
1268 3938 1418 4030 χλευάζει
1439 3948 1550 4030 λέγων

253 4159 258 4167 ·
326 4143 344 4198 2
367 4143 431 4212 vgl.
450 4144 589 4206 henaena,
608 4143 678 4197 Adv.
697 4144 771 4198 haer.
790 4145 845 4206 11,
864 4146 888 4200 9.
907 4147 948 4200 10.
969 4175 1000 4183 -
1021 4146 1060 4201 10
1083 4143 1147 4213 Vgl.
1166 4146 1177 4197 1
1196 4144 1260 4200 Kor.
1280 4147 1321 4211 15,
1338 4145 1379 4199 25.
1398 4144 1438 4199 26.
1456 4174 1490 4183 -
1509 4144 1548 4199 12

240 4227 334 4284 ΙΚοτ.
354 4231 395 4290 15,
412 4230 445 4283 54
463 4227 526 4296 (ίεε.
545 4228 586 4291 25,
605 4228 640 4296 8).
658 4259 690 4268 -
710 4230 747 4284 17
767 4229 1069 4293 Ρεε1.117,19.20.-
1088 4229 1128 4284 29
1146 4229 1362 4292 Psa1.9‚14.15.
1380 4228 1548 4298 -29931,

239 4311 312 4368 Ρευί.
330 4313 354 4376 9,
374 4314 414 4367 15.
437 4313 479 4378 86,
497 4313 521 4368 2.
539 4343 572 4351 -
591 4312 631 4367 24
651 4312 872 4382 vg1.Psal.117‚
892 4315 924 4368 19
948 4313 1056 4381 (Matth.
1075 4315 1116 4377 21,
1135 4312 1185 4380 32).
1205 4343 1239 4352 -
1257 4313 1294 4368 27
1315 4312 1378 4381 vgl.
1397 4312 1463 4366 Gen.
1482 4313 1507 4377 2,
1523 4314 1547 4368 9.

240 4399 264 4462 3,
282 4396 323 4450 22.
341 4398 383 4451 24.
401 4427 434 4436 -
453 4397 492 4452 28
512 4397 573 4466 vgl.
594 4398 660 4453 Gen.
680 4400 704 4465 2,
722 4400 746 4453 8.
765 4427 798 4438 -
818 4399 857 4454 99
876 4396 939 4466 Vgl.
958 4397 1033 4451 Ram.
1052 4400 1077 4462 5,
1096 4399 1128 4452 12
1138 4399 1165 4451 ff.
1190 4399 1203 4451 1
1222 4397 1285 4453 Kor.
1304 4399 1345 4461 15,
1364 4399 1404 4452 21.
1423 4399 1464 4454 22.

326 4563 365 4619 14
388 4565 466 4629 νίκος
483 4568 508 4618 Α
523 4565 527 4632 Ι
544 4565 583 4620 19
602 4560 864 4635 έξομολογήσωμαι
887 4565 1023 4634 MAusgg.
1043 4559 1298 4636 έξομολογὴσομαι
1316 4569 1360 4628 ΑΙ
1377 4564 1416 4621 19
1434 4563 1549 4636 λέγεται

240 4652 264 4703 Δ
283 4645 413 4704 λέλεκται
430 4654 531 4719 Ausgg.
547 4652 551 4718 1
567 4649 606 4705 24
625 4643 691 4704 ίσον
707 4653 740 4704 A.
