3772 5526
588 499 689 553 ΚΑΤΑ
713 499 872 556 ΚΕΛΣΟΥ
894 499 918 558 V
943 501 1160 556 16.17.18.19.
1475 509 1513 570 19

210 655 459 748 ἀναστήσονται
488 666 646 748 πρῶτον,
678 664 793 734 ἔπειτα
824 658 916 752 ήμεῖς
947 667 983 735 σί
1011 669 1159 750 ζῶντες
1187 669 1219 736 οἱ
1240 659 1514 752 περιλειπόμενοι

210 751 277 849 άμα
307 760 369 831 σῦν
398 757 514 843 αὐτοῖς
545 755 808 850 ἁρπαγησόμεθα
839 767 875 833 έν
906 769 1061 849 νεφέλαις
1087 769 1133 847 εἰς
1158 760 1349 853 ἀπάντησιν
1370 769 1434 834 τοῦ
1455 791 1514 832 κυ-

211 865 285 944 ρίου
307 856 394 941 είς’
373 866 484 948 ae'oaf‘

293 963 408 1029 XVIII.
446 957 533 1030 Ἐπεί
564 957 596 1031 δ>
619 966 674 1032 ἐπὶ
705 969 812 1033 πλέον
838 961 1064 1052 κεκωμῴδηκε
1091 961 1156 1052 τήν
1181 969 1429 1052 κεκηρυγμένην
1455 969 1516 1052 μὲν

113 1105 116 1112 ·
177 1071 193 1124 5
211 1067 271 1150 τῆς
294 1057 437 1146 σαρκὸς
458 1055 643 1130 ἀνάστασιν
664 1065 701 1131 ἐν
723 1081 796 1145 ταῖς
818 1065 1005 1150 ἐκκλησίαις
1026 1058 1094 1133 ῦπό
1116 1067 1152 1132 δέ
1174 1071 1249 1134 τῶν
1269 1068 1516 1150 συνετωτέρων

211 1155 420 1248 τρανότερον
442 1165 658 1286 νενοημένην,
686 1168 742 1232 καὶ
768 1157 809 1232 οῦ
833 1160 896 1251 χρή
920 1154 1021 1245 αὖθις
1043 1161 1299 1233 ἐκτίθεσθαι
1262 1191 1326 1251 την
1348 1167 1438 1249 λέξιν
1461 1159 1516 1233 αῦ-

212 1265 275 1330 τοῦ
307 1253 398 1344 ἅπαξ
427 1265 688 1382 προειρημένην·
722 1266 802 1348 φέρε
831 1269 887 1331 καὶ
917 1268 993 1347 περὶ
1025 1266 1089 1333 τοῦ
1116 1259 1353 1350 προβλήματος
1378 1259 1516 1344 τούτου,

211 1356 258 1441 ιός
281 1361 317 1428 έν
339 1365 382 1446 τῇ
403 1357 489 1446 πρὸς
511 1355 695 1448 ἀλλότριον
717 1367 778 1450 τῆς
798 1368 945 1445 πίστεως
967 1357 1134 1453 ἀπολογίᾳ
1156 1369 1348 1451 γραφομένη
1367 1360 1421 1432 διὰ
1436 1360 1517 1442 τοῦς

211 1459 261 1527 έτι
291 1465 433 1546 νηπίους
458 1466 515 1528 καὶ
540 1467 850 1548 κλυδωνιζομένους
875 1469 930 1531 καὶ
951 1467 1234 1550 περιφερομένους
1256 1467 1380 1548 ,παντὶ
1403 1456 1515 1550 ἀνέμῳ

161 1565 195 1620 10
212 1561 484 1639 διδασκαλίαςέν
465 1565 558 1645 ντή
584 1567 696 1649 κυβείρι
719 1567 792 1629 τοόν
814 1556 1023 1649 ἀνθρώπων,
1045 1565 1098 1650 (ἐν
1118 1565 1322 1653 πανουργίᾳ)
1345 1557 1431 1648 πρὸς
1452 1559 1517 1650 τήν

210 1664 374 1746 μεθοδίαν
396 1663 458 1744 τής
478 1654 641 1745 πλάνης,“
664 1653 760 1746 όλίγα
787 1663 1039 1749 ἐστοχασμένως
1065 1667 1139 1732 τιῦν
1160 1665 1408 1780 ἐντευξομένων
1429 1658 1516 1731 κατά

212 1753 253 1825 τό
282 1752 429 1826 δυνατὸν
451 1751 528 1843 ἡμῖν
551 1756 735 1845 ὲκθοόμεθα
756 1765 812 1827 καὶ
833 1757 1110 1847 παραστήσωμεν.
1154 1755 1235 1830 οῦτε
1257 1767 1318 1846 μὲν
1340 1761 1404 1831 οῦν
1426 1756 1518 1849 ἡμεῖς

213 1850 293 1925 οῦτε
324 1853 366 1924 τά
397 1863 475 1924 θεῖα
505 1851 682 1943 γράμματα
711 1851 854 1939 αῦταῖς
881 1879 963 1977 φησι
989 1865 1113 1945 σαρξὶ,
1144 1866 1306 1946 μηδεμίαν
1327 1858 1518 1948 μεταβολήν

213 1949 442 2042 ἀνειληφυίαις
472 1952 536 2042 τήν
566 1959 620 2025 πέὶ
651 1953 692 2024 τὸ
715 1959 864 2040 βέλτιον,
891 1953 1051 2044 ζήσεσθαι
1084 1957 1177 2038 τοῦς
1206 1954 1331 2027 πάλαι
1362 1951 1516 2027 ἀποθα-

163 2067 196 2121 15
214 2049 374 2140 νόντας,
402 2049 479 2123 ἀπὸ
505 2060 575 2142 τῆς
601 2059 669 2143 γής
691 2050 927 2138 ἀναδύντας·
957 2050 975 2126 6
999 2061 1034 2127 δὲ
1058 2061 1184 2136 Κέλσος
1206 2050 1291 2144 ἡμᾶς
1313 2075 1520 2141 συκοφαντεῖ

213 2158 323 2223 ταῦτα
349 2156 466 2238 λέγων.
508 2148 675 2240 ἀκούομεν
701 2153 842 2242 γάρκαὶ
869 2161 1012 2226 πολλῶν
1037 2162 1181 2243 γραφῶν
1201 2159 1278 2243 περὶ
1300 2148 1516 2236 ἀναστάσεως

213 2247 313 2336 ἀξίως
334 2256 418 2321 θεοῦ
439 2256 619 2338 λεγουσῶν,
642 2248 738 2340 ἀρκεῖ
758 2250 790 2323 δ’
812 2259 867 2325 ἐπὶ
886 2259 950 2326 τοῦ
972 2251 1145 2342 παρόντος
1166 2253 1232 2343 τήν
1253 2250 1390 2324 Παόλσυ
1410 2282 1516 2343 παρα·

213 2355 337 2420 θέσθαι
359 2346 427 2420 ἀπὸ
450 2356 511 2439 τῆς
531 2347 618 2440 πρὸς
642 2358 848 2438 Κορινθίους
868 2359 1037 2440 προτέρας
1060 2359 1159 2440 λέξιν,
1187 2353 1392 2440 φάσκοντος·
1421 2350 1515 2440 ,ἀλλ’

213 2452 294 2570 ἐρεῖ
301 2473 364 2532 τις·
386 2455 462 2531 πῶς
484 2454 669 2571 ἐγείρονται
691 2451 723 2521 οί
744 2459 874 2539 νεκροί,·
895 2459 985 2542 ποίῳ
1005 2452 1375 2542 δέσιόματιέρχονται;
1396 2450 1516 2544 ἄφρον,

163 2560 197 2614 20
214 2547 254 2618 σύ
276 2544 294 2619 δ
317 2557 463 2638 σπείρεις
483 2546 525 2619 οῦ
549 2559 779 2669 ζωοποιεῖται,
805 2550 925 2622 ἐὰν
886 2580 930 2640 μη
953 2548 1150 2640 ἀποθάνη
1179 2548 1275 2623 καὶ“
1257 2581 1276 2623 ο
1298 2561 1455 2675 σπείρεις,
1478 2550 1519 2625 οῦ

215 2649 256 2718 τὸ
279 2655 374 2736 σῶμα
399 2646 441 2718 τὸ
467 2646 693 2738 γενησόμενον
714 2656 856 2740 σπείρεις
881 2649 968 2722 ἀλλὰ
988 2649 1115 2741 γυμνόν
1136 2651 1272 2736 κόκκον,
1296 2655 1324 2722 εί
1345 2651 1450 2741 τόγοι,
1473 2660 1518 2724 σί-

215 2775 278 2818 του
308 2745 328 2837 ἢ
360 2775 455 2832 τινος
485 2756 559 2819 τοῦν
587 2757 735 2821 λοιποῦν
765 2746 784 2822 6
814 2755 849 2821 δέ
877 2750 959 2834 θεὸς
989 2757 1125 2822 δίδωσιν
1152 2747 1245 2840 αὐτῷ
1270 2757 1378 2840 σῶμα,
1401 2755 1520 2836 καθιῦς

215 2842 373 2936 η’θέλησε,
404 2849 503 2917 καὶ“
478 2847 623 2938 εκάστιμ
654 2877 729 2920 τοον
753 2847 958 2938 σπερμάτων
986 2854 1075 2921 ίδιον
1103 2857 1231 2939 σῶμα.“
1274 2844 1337 2939 όρα
1357 2853 1420 2940 γὰρ
1443 2859 1520 2923 τίνα

216 2943 348 3034 τρόπον
367 2951 404 3020 ἐν
426 2946 563 3030 τούτοις
583 2944 646 3033 „06
668 2947 708 3020 τὸ
731 2946 954 3039 γενησόμενον
976 2947 1093 3040 σωμά“
1116 2973 1198 3039 φησι
1219 2958 1423 3039 σπείρεσθαι,
1446 2947 1521 3024 οίλλ>

165 3057 199 3112 25
216 3041 284 3116 ἀπὸ
314 3051 377 3116 τοῦ
405 3053 627 3136 σπειρομένου
655 3055 710 3118 καί
737 3055 863 3137 γυμνοῦ
888 3055 1098 3139 βαλλομένου
1119 3053 1174 3120 ἐπὶ
1196 3049 1260 3138 τὴν
1282 3056 1344 3139 γήν
1367 3057 1453 3140 λέγει
1476 3060 1521 3124 δι·

216 3141 338 3228 δόντος
365 3151 429 3216 τοῦ
452 3153 536 3217 θεοῦ
561 3145 713 3236 ,ἑκάστῳ
741 3153 815 3218 τῶν
842 3148 1047 3238 σπερμάτων
1069 3153 1157 3220 ίδιον
1178 3154 1296 3237 σῶμα(
1318 3151 1420 3222 οἱονεὶ
1442 3147 1521 3222 ἀνά-

217 3267 336 3316 στασιν
365 3255 531 3335 γίνεσθαι,
568 3241 636 3316 ἀπὸ
673 3252 737 3317 τοῦ
767 3253 1059 3336 καταβεβλημένου
1093 3253 1284 3338 σπέρματος
1314 3253 1523 3337 ἐγειρομένου

217 3343 361 3432 στάχυος
387 3349 423 3416 έν
445 3363 517 3428 τοῖς
540 3351 698 3428 τοιοῖσδε,
721 3348 825 3416 οίονεὶ
847 3351 883 3417 ἐν
905 3345 1009 3418 νάπυῖ
1028 3342 1049 3435 ἢ
1072 3352 1127 3418 ἐπὶ
1148 3355 1300 3437 μείζονος
1322 3353 1464 3437 δένδρου
1486 3353 1523 3420 έν

217 3448 330 3526 ἐλαίας
351 3451 477 3534 πυρῆνι
497 3441 519 3533 ή
542 3473 611 3516 τινι
633 3450 705 3516 τοῦν
727 3439 935 3534 ἀκροδρύων.

167 3553 201 3608 30
301 3547 383 3615 XIX.
404 3537 455 3631 ‚‚‘0
469 3542 570 3626 θεὸς(
585 3535 649 3615 οῦν
663 3549 844 3628 ,,δίδωσιν“
858 3543 1032 3636 ,,ἓκάστῳ“
1046 3552 1170 3633 ,,σο5μα,
1186 3548 1305 3630 καθοδς
1319 3551 1523 3636 ἐθέλλησενβ
1541 3563 1592 3616 591

134 3655 202 3720 122!
219 3637 333 3731 οόσπερ
356 3648 410 3714 έπί
431 3650 506 3716 τῶν
528 3649 757 3732 σπειρομένων
779 3637 875 3714 σῦτω
897 3649 951 3713 καὶ
975 3655 979 3725 I
1002 3649 1057 3716 ἐπὶ
1079 3651 1153 3716 τεόν
1176 3649 1278 3716 οἱονεί
1293 3653 1523 3736 σπειρομένων

219 3747 256 3814 έν
285 3749 337 3832 τοῦ
366 3739 597 3830 ἀποθνήσκειν
625 3750 680 3813 καὶ
709 3748 818 3832 καιρῷ
849 3746 1027 3834 ἐπιτηδείῳ
1057 3741 1369 3832 ἀναλαμβανόντων
1391 3750 1428 3817 ἐκ
1450 3753 1523 3818 τῶν
1597 3741 1601 3750 ’

220 3847 451 3931 σπειρομένων
478 3841 518 3913 τὸ
541 3848 803 3933 περιτιθέμενον
829 3839 959 3932 ἑκάστῳ
981 3841 1068 3914 κατὰ
1092 3843 1156 3933 τήν
1179 3839 1275 3930 ἀξίαν
1296 3851 1435 3935 ,,σο5μα“
1456 3843 1523 3918 ἀπὸ

307 4047 326 4101 θ
345 4046 407 4115 Vgl.
425 4045 566 4118 Ephes.4.
584 4051 625 4104 14.
643 4078 676 4088 —
696 4048 734 4104 18
753 4049 765 4102 Ι
784 4047 847 4102 Xor.
867 4051 908 4110 15,
921 4048 1030 4102 35-38.
1048 4078 1081 4088 -
1100 4047 1252 4116 80Vg1.1
1271 4048 1334 4102 Xor.
1353 4051 1393 4114 15,
1411 4049 1452 4106 38.

307 4230 346 4286 10
364 4225 409 4298 (ἐν
420 4233 595 4310 πανουργίᾳ)
609 4233 674 4302 fflge
685 4232 731 4286 ioh
744 4249 793 4286 aus
806 4232 869 4286 dem
881 4231 914 4286 N.
920 4231 950 4286 Τ.
963 4231 1014 4286 mit
1025 4231 1085 4286 Del.
1098 4231 1139 4286 als
1152 4231 1347 4300 nobwendig'
1324 4248 1368 4285 em
1384 4235 1388 4298 Ι
1406 4224 1467 4289 15(
1454 4239 1528 4302 ημᾶς

223 4321 400 4383 συκοφαντεῖ
414 4315 438 4367 Α
457 4324 634 4386 συκοφαντεῖ
648 4315 723 4386 ἡμᾶς
740 4317 876 4386 MAusgg.
895 4318 900 4384 1
921 4315 959 4371 18
977 4309 1039 4370 ἀλλ’
1055 4319 1080 4370 Α
1099 4309 1172 4371 ἀλλά
1190 4317 1401 4385 MAusgg.119
1421 4310 1524 4388 ἄφρον]

220 4391 293 4452 ob¹¹
274 4417 378 4471 αφροιν
395 4400 503 4457 nachd.
517 4401 549 4455 N
561 4402 610 4455 'NI
631 4401 691 4469 120
711 4402 857 4472 σπείρεις(
847 4401 894 4470 2()]
913 4401 980 4455 tiber
997 4422 1006 4456 ι
1024 4401 1083 4470 (vor
1101 4403 1123 4466 ς)
1142 4401 1187 4455 ein
1205 4401 1365 4455 Circumflex
1377 4403 1527 4457 ausmdiert

220 4483 244 4536 A
287 4483 326 4538 23
352 4501 401 4538 vor
418 4479 491 4539 ίδιον
508 4492 540 4549 -1-
558 4504 592 4540 το
587 4479 670 4539 Del.
693 4487 696 4554 I
717 4486 754 4541 27
774 4486 925 4556 γίγνεσθαι
942 4487 1074 4554 AAusgg.
1094 4487 1098 4554 1
1119 4486 1158 4540 29
1176 4489 1279 4556 πυρῆνι
1296 4485 1457 4556 PMAusgg.
1476 4505 1525 4542 πυ·

222 4568 285 4637 ρίνη
302 4568 339 4631 Α;
361 4567 504 4623 vielleicht
520 4569 557 4624 ist
574 4563 685 4641 πορήνη
703 4587 736 4623 zu
753 4569 835 4632 lesen,
854 4571 908 4640 vgl.
927 4570 1087 4640 Stephanus,
1105 4569 1184 4623 Thes.
1201 4569 1268 4637 ling.
1287 4586 1326 4638 gr.
1344 4587 1364 4623 ε.
1377 4588 1401 4627 v.
1413 4566 1506 4643 πυρήν
1521 4573 1525 4639 Ι

221 4646 271 4720 ἢῆ
288 4650 347 4708 τϊνῒ
359 4656 418 4708 τῶν
435 4671 480 4708 am
498 4653 578 4708 Rand
595 4670 650 4709 von
667 4655 701 4708 11.
719 4654 753 4708 Η.
771 4655 983 4724 nachgetragen,
1002 4648 1019 4723 ἢ
1037 4653 1110 4708 steht
1126 4653 1193 4708 aber
1211 4654 1281 4708 auch
1298 4655 1336 4707 im
1353 4655 1428 4724 Text,
1447 4658 1478 4710 Α.

1285 4739 1319 4794 2*
