3750 5508
578 489 676 544 κιαι
700 487 858 542 μοιῑοι
878 487 902 544 v
925 487 966 542 54.
984 487 1025 541 55.
1044 486 1085 542 5ο.
1443 490 1483 550 59

103 649 262 734 1.·-ἰίοός
284 659 394 727 θεῶν,
423 645 522 722 οόδὲν
547 647 642 742 αὐτῷ
665 647 887 739 συμβάλλεται
914 642 934 718 o‘
956 643 1056 736 λόγος
1077 645 1164 734 πρὸς
1186 643 1227 717 τὸ
1249 644 1298 736 μὴ
1325 655 1329 732 Ι
1357 640 1484 735 μόνον

174 749 233 820 τόν
253 745 411 840 Ἰησοῦν
440 745 489 832 ω“ς
518 743 689 839 ἄγγελον
718 753 1051 838 ἐπιδεδημηκέναι
1082 763 1155 830 τοῖς
1181 741 1394 833 ἀνθρώποις,
1421 767 1484 814 σω·

173 855 256 938 τῆρα
285 855 347 920 καί
375 845 552 940 εὐεργέτην
579 853 729 938 ἐναργῶς
756 845 902 920 πάντων
924 855 998 918 τῶν
1018 842 1305 936 μεταβαλλόντων
1324 841 1393 916 ἀπό
1422 851 1483 934 τῆς

170 947 298 1036 γόσεως
320 953 384 1037 τῆς
406 955 524 1030 κακίας
544 955 774 1038 γεγενημένον.

142 1063 156 1116 5
251 1047 332 1118 είτα
363 1045 484 1136 φόρων
512 1053 567 1117 καὶ
597 1053 748 1138 συγχέων
781 1043 802 1120 ό
838 1039 934 1130 ὅπως
968 1053 1055 1118 ποτὲ
1085 1041 1206 1136 ἤκουσε
1237 1050 1291 1114 καὶ
1320 1041 1363 1114 τὰ
1394 1033 1484 1114 όπου

171 1143 246 1218 κατ’
270 1139 342 1220 οὖν
364 1151 583 1236 γεγραμμένα,
607 1150 672 1218 εἴτε
695 1153 877 1238 δεδογμένα
899 1155 976 1216 θεῖα
998 1148 1082 1218 είναι
1104 1143 1195 1236 παρὰ
1222 1151 1482 1232 Χριστιανοις

173 1253 236 1319 εἴτε
258 1257 319 1320 καί
341 1245 402 1336 μὴ,
425 1251 505 1334 φησὶ
528 1245 608 1330 τοός
634 1241 734 1336 ὁμοῦ
758 1243 1032 1338 καταβεβηκότας
1054 1243 1248 1336 ἑξήκοντα
1270 1237 1290 1332 ἢ
1317 1239 1482 1331 ἐβδομή-

169 1375 298 1416 κοντα
334 1341 579 1431 κολάζεσθαι
609 1350 767 1434 δεσμοῖς
794 1343 1102 1436 δποβληθέντας
1133 1348 1174 1414 ἐν
1203 1349 1257 1432 γῇ.
1303 1348 1358 1412 καὶ
1389 1347 1483 1431 φέρει

171 1442 217 1528 αἶς
237 1441 312 1516 ἀπὸ
337 1451 401 1516 τοῦ
421 1441 535 1534 Ἑνὼχ,
562 1442 625 1516 οόκ
647 1439 827 1536 ὀνομάζων
849 1443 964 1531 αὐτόν,
988 1441 1040 1518 τό·
1071 1437 1168 1516 ὅθεν
1200 1448 1265 1514 καὶ
1296 1440 1365 1524 τὰς
1393 1451 1483 1530 δερ-

128 1559 145 1608 1
169 1543 241 1632 μὰς
269 1542 404 1634 πηγὰς
432 1545 537 1616 είναι
567 1543 615 1616 τὰ
644 1548 813 1618 ἐκείνων
842 1543 1005 1636 δάκρυα,
1036 1550 1172 1635 πρᾶγμα
1198 1535 1280 1613 οότε
1301 1536 1482 1631 λεγόμενον

171 1637 244 1712 οὔτ’
276 1639 490 1732 ἇκουόμενον
518 1649 555 1714 ἐν
586 1661 660 1728 ταῖς
690 1649 876 1736 ἐκκλησίαις
908 1650 971 1718 τοῦ
1001 1651 1090 1716 θεοῦ.
1134 1639 1211 1714 οὐδὲ
1242 1641 1304 1731 γὰρ
1335 1637 1483 1730 ἀνόητος

171 1735 288 1826 οὕτως
311 1771 364 1826 τις
386 1734 438 1834 ἦν,
461 1746 516 1816 ίνα
537 1741 802 1834 σωματοποιήση
826 1742 976 1832 δάκρυα
997 1739 1215 1831 παραπλήσια
1236 1760 1309 1825 τοις
1331 1749 1405 1813 τῶν
1426 1736 1482 1812 όν·

172 1841 331 1928 δρῶπων
361 1847 399 1914 ἐν
427 1861 500 1926 τοις
529 1839 793 1933 καταβεβηκόσιν
821 1848 857 1930 ἐξ
884 1841 1033 1934 οόρανοῦ
1059 1838 1251 1932 ἀγγέλοις.
1293 1847 1347 1911 καὶ
1370 1845 1398 1912 εἰ
1419 1837 1481 1930 χρή

171 1967 203 2026 γε
234 1949 374 2028 παίζειν
402 1941 488 2031 πρὸς
517 1941 560 2014 τὰ
590 1941 671 2014 καθ’
693 1938 791 2032 ἡμῶν
822 1939 1076 2033 σπουδαζόμενα
1102 1947 1153 2032 τῷ
1182 1946 1311 2031 Κέλσῳ,
1343 1944 1483 2010 λεκτέον

129 2055 157 2106 15
173 2035 225 2112 ότι
249 2037 314 2114 οδκ
335 2037 380 2114 όν
401 2070 455 2126 τις
476 2042 547 2112 είπε
570 2039 640 2126 τός
669 2041 821 2131 θερμὰς
849 2041 990 2134 πηγὰς,
1021 2033 1073 2113 ὧν
1100 2045 1135 2112 αί
1156 2051 1312 2112 πλεῖσται
1334 2042 1483 2129 γλυκεῖαί

173 2145 242 2215 τίσι,
274 2137 427 2230 δάκρυα
457 2142 560 2214 είναι
594 2147 668 2212 τῶν
697 2137 892 2230 ἀγγέλων,
923 2146 995 2214 ἐπεὶ
1025 2138 1045 2232 ἦ
1073 2139 1172 2229 φύσις
1199 2147 1271 2211 τῶν
1298 2136 1483 2226 δακρύων

173 2243 264 2360 ἐστίν
291 2235 435 2330 ἆλμυρό·
466 2243 494 2312 εί
518 2239 563 2332 μὴ
590 2236 655 2331 ἄρα
681 2245 713 2312 οί
739 2239 827 2312 κατὰ
849 2240 913 2314 τὸν
937 2248 1067 2312 Κέλσον
1096 2237 1255 2330 ἄγγελοι
1285 2244 1405 2329 γλυκέα
1427 2243 1482 2309 δα-

172 2365 340 2426 κρυουσιν.

256 2460 337 2527 LVL
374 2457 459 2526 Εἶτα
490 2458 565 2546 ἑξῆς
593 2457 637 2530 τὰ
666 2453 791 2548 ἄμικτα
819 2463 873 2528 καὶ
903 2454 1049 2547 ἀνόμοια
1076 2455 1192 2545 μιγνὺς
1217 2462 1273 2526 καὶ
1292 2460 1297 2542 l
1316 2459 1483 2542 ἐξομοιῶν
1500 2462 1549 2518 621

129 2565 159 2619 21
174 2551 339 2646 ἀλλήλοις
360 2558 512 2644 ἐπιφέρει
534 2563 585 2647 τῷ
601 2565 775 2648 περὶτῶν,
799 2551 847 2642 τός
865 2579 957 2646 φησι,
979 2552 1264 2644 καταβεβηκότων
1287 2551 1483 2644 ἐξήκοντα

176 2647 195 2742 ἢ
216 2651 495 2744 ἐβδομήκοντα
521 2653 700 2746 ἀγγέλων
722 2653 824 2747 λόγῳ,
850 2654 979 2746 πηγὰς
1006 2661 1168 2744 θερμῶν
1191 2653 1279 2725 κατὰ
1300 2650 1408 2726 αὐτόν
1428 2658 1484 2723 δα-
1581 2705 1585 2716 .

174 2751 389 2842 κρουόντων,
420 2749 474 2828 ότι
504 2763 570 2827 καὶ
596 2755 695 2845 πρὸς
721 2752 847 2828 αὐτοῦ
869 2762 933 2826 τοῦ
953 2751 1057 2844 Ἰησοῦ
1081 2753 1152 2826 τὸν
1174 2751 1307 2841 τάφον
1328 2749 1482 2841 ίστόρην-

176 2883 229 2924 ται
260 2857 506 2943 ἐληλυθέναι
537 2852 604 2928 όπό
627 2884 736 2928 τινων
757 2863 818 2946 μὲν
848 2853 1011 2944 ἄγγελοι
1042 2853 1110 2927 δύο
1137 2849 1205 2924 δπό
1227 2881 1336 2924 τινων
1357 2857 1393 2922 δέ
1415 2853 1481 2936 είς·

176 2947 239 3024 οόκ
261 2955 355 3042 οίμαι
377 2952 521 3044 τηρήσας
541 2963 725 3028 Ματδαῑον
746 2962 807 3043 μὲν
827 2961 883 3026 καὶ
899 2951 1042 3044 Μάρκον
1063 2953 1080 3023 ἕ
1085 2981 1132 3024 να
1154 2957 1375 3041 ίστσρηκέναι,
1398 2960 1483 3022 Λου-

131 3059 239 3124 23va
269 3057 305 3124 δέ
336 3059 391 3124 καί
412 3049 573 3142 Ἰωάννην
603 3054 687 3140 δυό,
719 3049 804 3144 όπερ
831 3051 896 3126 οόκ
921 3046 966 3142 ἦν
991 3057 1137 3126 ἐναντία.
1179 3055 1212 3123 σί
1237 3058 1299 3141 μὲν
1320 3049 1383 3140 γὰρ
1405 3046 1483 3122 όνα·

177 3149 368 3238 γράψαντες
398 3153 466 3224 ένα
496 3151 560 3226 τόν
589 3149 844 3226 δποκυλίσαντα
874 3153 959 3240 ,μὸν
986 3161 1108 3224 λίθον“
1135 3149 1204 3224 ἀπό
1231 3155 1296 3222 τοῦ
1322 3157 1484 3239 μνημείου

178 3247 307 3322 τοῦτόν
336 3275 438 3339 φασιν
467 3253 565 3338 είναι,
594 3255 626 3324 οί
656 3257 692 3324 δέ
724 3253 805 3337 τούς
834 3252 904 3325 δόο
936 3253 1015 3335 τούς
1045 3247 1249 3332 ἐπιστάντος
1282 3254 1338 3332 ,,ἐν
1364 3251 1484 3337 ἐσθῆτι

177 3347 435 3440 αότραπτοόση“
460 3368 534 3434 ταῖς
556 3359 748 3443 γενομέναις
769 3357 823 3424 ἐπὶ
846 3351 887 3424 τό
908 3369 1070 3442 μνημεῖον
1094 3357 1245 3439 γυναιξὶν
1262 3343 1282 3436 ἢ
1302 3347 1382 3430 τούς
1397 3356 1484 3418 θεω-

177 3457 345 3540 ρηδέντας
366 3451 466 3522 ἔνδον
486 3455 544 3536 „bv
566 3461 696 3535 λευκοῖς
722 3457 998 3542 καθεζομένους(
1034 3451 1177 3522 ἕκαστον
1204 3454 1240 3519 δὲ
1262 3445 1400 3518 τούτων
1421 3451 1485 3518 νῦν

259 3635 280 3692 2
300 3634 363 3704 vgt
381 3633 453 3690 oben
471 3636 496 3690 V
513 3638 555 3702 52,
573 3637 599 3693 S.
617 3639 651 3696 56
668 3638 694 3692 2.
712 3637 737 3694 8.
755 3667 789 3678 -·
809 3637 846 3694 15
865 3636 928 3707 vgl.
947 3638 1081 3700 Irenaeum
1099 3635 1168 3691 Adv.
1181 3635 1256 3690 haer.
1268 3634 1281 3688 I
1294 3637 1318 3698 1,
1331 3635 1355 3688 ί.
1367 3635 1391 3689 8.
1420 3633 1483 3688 Τετ-

177 3718 288 3784 affin,
309 3719 380 3774 Δδτ.
398 3720 538 3776 valentin.
556 3721 623 3792 Gap.
642 3722 701 3778 XV.
724 3753 757 3762 -
780 3722 819 3778 24
838 3721 900 3791 vgl.
918 3721 1018 3777 Matth.
1038 3721 1079 3780 28.
1100 3721 1124 3774 2.
1158 3719 1245 3774 Μετίε.
1268 3719 1308 3784 16,
1329 3721 1352 3774 δ.
1371 3748 1404 3758 -
1422 3717 1485 3786 vgl.

180 3803 244 3958 {ffuglk
258 3803 437 3958 ῗὴλὲθιίῗέἔ
455 3806 497 3874 20,
516 3807 556 3862 12.
578 3835 612 3846 -
635 3806 674 3863 22
696 3805 759 3875 vgl.
777 3805 876 3862 matth.
894 3807 935 3872 28,
954 3807 979 3862 2.
1002 3836 1035 3846 -
1058 3805 1095 3862 21
1121 3805 1184 3874 Vgl.
1203 3803 1269 3859 Luk.
1287 3805 1329 3868 24,
1346 3807 1371 3860 4.
1389 3834 1422 3844 -
1444 3803 1484 3860 28

261 4041 278 4094 l
296 4039 383 4108 θεῶν]
402 4043 475 4096 θεοῦ
491 4039 634 4096 ααίιτοίίιαυ
652 4041 700 4094 Βο.
719 4039 816 4110 (Notae
833 4057 859 4111 ρ.
876 4039 936 4109 392)
954 4057 980 4094 u.
994 4040 1075 4094 Guiet
1093 4039 1147 4106 (bei
1165 4037 1224 4093 Del.
1242 4037 1459 4107 1620Anm.e)
1480 4041 1482 4069 ¹

179 4105 435 4214 λμπαβαλόπων
452 4141 502 4212 [ιο]
522 4143 559 4196 Δι
579 4145 583 4212 Ι
604 4141 622 4196 4
643 4139 836 4214 γεγενημένον
852 4139 903 4195 Hb.
921 4157 967 4194 am
984 4141 1072 4204 Hand,
1090 4139 1199 4211 Sp.Del.
1217 4137 1255 4192 im
1272 4137 1354 4204 Text;
1373 4157 1485 4210 γεγενη-

179 4221 273 4292 μένων
289 4229 313 4282 Δ
329 4227 368 4294 15
387 4219 543 4282 δπῶσποτε
561 4230 585 4281 Δ
600 4229 604 4294 l
621 4217 808 4282 δπουποέοόν
825 4227 849 4278 A
864 4224 902 4292 18
921 4223 1011 4296 φέρει]
1030 4245 1040 4278 ι
1057 4225 1262 4294 naehgetragen
1279 4226 1305 4278 A
1319 4225 1323 4292 ί
1339 4224 1375 4278 12
1394 4217 1487 4288 οὕτως

181 4311 203 4364 Δ
221 4303 298 4366 αι’ίτω
316 4315 419 4380 Aungg.
443 4313 448 4378 Ι
473 4309 511 4366 12
538 4303 610 4380 ἑξῆς]
629 4315 646 4380 ῆ
663 4328 711 4364 aus
730 4306 747 4380 ἡ
764 4327 832 4365 corr.
851 4313 874 4364 A
898 4311 903 4379 Ι
927 4310 965 4366 21
993 4309 1132 4380 θερμῶν]“
1145 4299 1258 4378 θερμός
1280 4307 1407 4362 Gelenius
1430 4305 1485 4375 (bei

181 4393 335 4452 [λε11621
354 4397 434 4448 Αυιυ.
452 4393 482 4462 b)
506 4397 510 4460 Ι
533 4394 625 4448 λιίυίετ
641 4387 716 4450 κατὰ
734 4394 779 4449 ein
796 4393 908 4449 Buohst„
927 4394 1079 4448 numdiert
1096 4398 1121 4448 Α
1143 4395 1148 4462 Ι
1170 4393 1209 4449 22
1235 4383 1310 4464 πρὸς
1327 4388 1418 4446 αὑτοῦ
1433 4395 1486 4446 τοῦ

179 4469 269 4548 Ἰησοῦ
284 4471 339 4536 τόν
355 4483 380 4534 Α
396 4471 472 4550 πρός
488 4471 542 4534 τόν
559 4477 719 4534 αὐτοῦτοῦ
736 4473 827 4548 Ἰησοῦ
844 4477 992 4548 Mum.
1008 4479 1012 4546 Ι
1028 4478 1068 4534 24
1087 4475 1141 4534 οδκ
1159 4471 1248 4545 οἶμαι]
1267 4467 1307 4540 ὡς
1325 4468 1405 4543 οἶμαι
1423 4473 1487 4529 lieet

182 4561 226 4618 Βα,
244 4562 343 4632 (Nota
360 4581 387 4635 p.
404 4563 466 4633 392)
483 4563 556 4620 ohne
573 4563 669 4618 Gmnd
693 4565 698 4632 Ι
721 4556 772 4644 Ιἕνα
791 4559 974 4633 ίαταρηκέναι
992 4563 1063 4617 PM²
1080 4567 1183 4631 Ausgg.
1201 4557 1417 4630 ἐνιστσρηκέιαι
1435 4561 1460 4613 Α
1480 4564 1484 4625 Ι

181 4643 452 4719 ωω<ηω
