3790 5526
348 487 425 551 ας
889 479 1112 536 ωηωη

427 647 568 714 LXVIII.
605 639 728 732 Διόπερ
754 641 813 715 ἐάν
838 645 955 732 ἔρηται
980 638 1066 732 ήμᾶς
1089 645 1226 726 Κέλσος,
1249 647 1334 724 ποῦς
1356 637 1528 731 οἰόμεθα
1552 671 1652 732 γνω-

346 753 473 832 ρίζειν
495 742 568 815 τὸν
593 741 705 827 θεὸν,
733 750 799 814 καὶ
824 751 910 826 πῶς
935 741 1036 832 πρὸς
1062 737 1186 813 αὐτὸν
1212 739 1486 832 σωθήσεσθαι·
1513 737 1652 830 ἀποκρι-

346 842 497 932 νοῦμιθα
520 835 575 915 ότι
596 839 713 926 ἱκανός
734 836 863 914 έστινό
886 848 958 914 τοῦ
980 847 1078 913 θεοῦ
1099 837 1209 930 λόγος,
1231 837 1412 930 γενόμενος
1439 857 1512 924 τοῖς
1535 847 1653 930 ζητοῦ·

346 965 400 1013 σιν
423 939 529 1014 αῦτὸν
555 936 577 1064 6
605 960 678 1024 τοῖς
704 937 968 1030 ἐπιφαινόμενον
1000 936 1106 1012 αάτὸν
1136 945 1431 1064 παραδεχομένρις,
1459 947 1652 1030 γνωρίσαι

311 1049 401 1112 ὁκαὶ
422 1038 640 1127 ἀποκαλύψαι
670 1039 735 1113 τὸν
765 1047 905 1130 πατέρα,
935 1039 1004 1130 πρὸ
1035 1046 1097 1130 τῆς
1125 1048 1310 1128 παρουσίας
1339 1037 1446 1112 αότοῦ
1476 1036 1537 1129 οῦχ
1567 1035 1651 1129 666·

345 1167 457 1228 μενον.
494 1148 545 1223 τίς
515 1137 595 1211 ἰδ’
619 1138 722 1228 ἀλλος
743 1145 869 1212 στῦσαι
889 1148 946 1212 καὶ
954 1158 1192 1262 πρρσαγαγειγ
1213 1147 1270 1230 τῷ
1298 1145 1353 1212 ἐπὶ
1379 1147 1462 1212 πάσι
1488 1145 1570 1230 θεῷ
1598 1138 1651 1211 66·

346 1268 446 1310 ναται
476 1239 541 1360 τήν
570 1247 645 1312 τοῦ7
660 1237 851 1328 ἀνθρώπου
879 1239 990 1362 φρχήν
1020 1235 1041 1330 ή
1068 1235 1087 1311 6
1114 1237 1209 1322 θεὸς
1234 1236 1350 1328 λόγος;
1376 1231 1497 1323 ὅστις,
1499 1234 1589 1323 ,ἐν’
1569 1246 1652 1328 αργῇ

345 1339 446 1426 πρός
468 1337 542 1410 τόν
563 1338 683 1411 θεόν“
706 1334 758 1411 σόν
780 1338 834 1412 διὰ
855 1339 937 1424 τοὺς
957 1344 1192 1428 κολληθέντας
1206 1344 1250 1426 τῇ
1271 1346 1368 1457 σαρκὶ
1381 1346 1438 1409 καὶ
1451 1344 1652 1426 γενομένους

346 1430 460 1559 ὅπερ,
461 1435 603 1526 ,σάρξ“,
605 1443 770 1527 ,έ“γένετο
790 1438 925 1530 ,,σάρξ,α
944 1443 999 1510 ἵνα
1018 1445 1164 1528 χωρηθή
1190 1435 1258 1511 ῦπὸ
1285 1443 1360 1509 τῶν
1384 1435 1430 1526 μή
1458 1442 1653 1526 δυναμένων

296 1551 329 1605 10
346 1563 454 1608 αυτον
479 1543 616 1619 βλέπειν
641 1539 745 1610 καθο
772 1536 916 1627 ,λόγος’
940 1530 985 1627 6v
1014 1547 1071 1610 καὶ
1096 1567 1218 1627 προς
1241 1539 1361 1610 θεον
1386 1528 1466 1625 ήν,
1469 1535 1653 1620 ,καλθεὸς

348 1627 421 1722 ήνέ(
463 1643 519 1706 καὶ
540 1643 742 1727 σωματικῶς
769 1665 806 1727 γε
831 1637 1038 1759 λαλοῦμενος
1063 1634 1171 1708 καὶ“
1143 1667 1191 1719 ως
1217 1635 1340 1726 ,σὰρξ“
1363 1631 1654 1724 ἀπαγγελλόμενος

347 1730 436 1821 έφΗ
424 1734 547 1807 εαυτὸν
567 1749 665 1808 καλεῖ
684 1737 765 1822 τοῦς
787 1733 892 1821 ὄντας
913 1735 1028 1826 σάρκα,
1051 1732 1094 1809 ἵν’
1120 1733 1244 1819 αότοῦς
1264 1733 1390 1856 ποιήργγ
1412 1739 1570 1855 πρῶτον
1576 1761 1654 1853 μορ

348 1839 512 1924 φωθήναι
532 1834 620 1906 κατὰ
642 1834 748 1925 λόγον
769 1837 833 1910 τόν
851 1838 1037 1960 γενόμενον
1062 1834 1177 1924 σάρκα,
1203 1843 1259 1908 καὶ
1285 1833 1368 1924 μετὰ
1394 1841 1502 1908 τοῦτο
1528 1829 1654 1914 αὐτοὺς

347 1929 531 2057 ἀναβιβάση
557 1939 613 2005 ἐπὶ
639 1935 681 2008 τὸ
708 1941 791 2008 ἰδεῖν
817 1933 936 2022 αὐτὸν,
961 1931 1044 2025 ὅπερ
1069 1939 1113 2026 ήν
1138 1942 1219 2054 πρὶν
1246 1941 1414 2024 γένηται,
1416 1931 1541 2024 ,σάρξ“·
1564 1925 1654 2002 ὥστε

298 2047 330 2102 15
348 2028 474 2116 αότοῦς
495 2031 741 2155 ὠφεληθέντας
761 2042 817 2106 καὶ
839 2031 1073 2122 ἀναβάντας’
1053 2033 1121 2108 απὸ
1143 2041 1204 2124 τῆς
1225 2033 1314 2106 κατὰ
1336 2031 1444 2124 σάρκα
1470 2036 1654 2154 εἰσαγωγῆς

348 2135 453 2203 εἰπεῖν
475 2134 529 2206 τό·
557 2141 607 2219 ,εἰ
631 2144 689 2207 καὶ
714 2135 865 2224 Χριστόν
889 2165 976 2208 ποτε
1001 2137 1089 2207 κατὰ
1114 2131 1221 2224 σάρκα
1247 2134 1449 2222 ἐγνώκαμεν,
1476 2128 1563 2204 ἀλλὰ
1590 2136 1654 2202 νῦν

348 2227 464 2302 οόκέτι
486 2233 724 2323 γινώσκομεν.“
770 2233 894 2324 ,,σάρξ“
926 2227 989 2308 οὖν
1019 2239 1206 2324 ,,έγένετο,“
1240 2239 1295 2302 καὶ
1325 2229 1502 2321 γενόμενος
1532 2229 1654 2318 ,,σάρξ“

348 2327 560 2420 ,ἐσκήνωσεν
581 2337 619 2404 έν
641 2330 738 2423 ήμιν“
760 2330 825 2405 οάκ
845 2336 911 2422 ἔξω
927 2332 1101 2425 γινόμενος
1120 2330 1227 2424 ήμῶν,
1250 2331 1425 2420 σκηνώσας
1439 2335 1476 2402 δὲ
1492 2337 1548 2402 καὶ
1563 2326 1655 2419 γενό-

348 2458 447 2518 μενος
468 2437 506 2502 έν
528 2426 607 2521 ἡμῖν
628 2429 693 2503 οῦκ
714 2436 843 2522 ἔμεινεν
864 2439 919 2505 έπὶ
941 2440 1001 2524 τής
1023 2433 1163 2523 πραότης
1188 2437 1330 2522 μορφῆς,
1357 2426 1432 2502 ἀλλ’
1454 2426 1655 2514 ἀναβιβάσας

298 2542 332 2597 20
350 2525 434 2618 ἡμᾶς
455 2535 511 2602 ἐπὶ
534 2532 577 2603 τὸ
599 2529 740 2621 λογικὸν
759 2529 917 2623 ,όφηλὸν
932 2528 1029 2623 όροςι(
1050 2536 1171 2618 ἔδειξεν
1194 2527 1271 2621 ήμῑν
1286 2529 1351 2620 τήν
1366 2534 1505 2616 ἔνδοξον
1519 2527 1656 2618 μορφήν

350 2630 474 2700 ἑαυτοῦ
494 2639 551 2702 καὶ
572 2629 637 2721 τήν
657 2632 882 2723 λαμπρότητα
903 2638 978 2705 τῶν
999 2629 1197 2720 ἐνδυμάτων
1223 2627 1334 2702 αῦτοῦ
1359 2636 1415 2701 καὶ
1441 2623 1504 2717 οόχ
1530 2630 1655 2700 ἑαυτοῦ

349 2755 384 2816 γε
409 2729 519 2817 μόνου
545 2726 713 2803 ἀλλὰκαὶ
745 2737 809 2803 τοῦ
838 2737 1068 2821 πνευματικοῦ
1096 2758 1133 2819 γε
1155 2729 1271 2819 νόμου,
1299 2725 1336 2814 ός
1358 2733 1480 2814 ἐστιν,
1482 2733 1531 2814 ,ἐν
1553 2726 1634 2816 ῦόξγγ
1636 2736 1654 2763 “

350 2823 470 2914 όφθελς
490 2827 575 2918 μετὰ
593 2827 725 2921 Ἰησοῦ,
727 2837 918 2922 ‚Moe6o69‘2
952 2833 1053 2918 ἔδειξε
1075 2826 1144 2902 6‘
1124 2849 1202 2920 ημῖν
1222 2835 1277 2900 καὶ
1299 2835 1411 2901 πᾶσαν
1432 2834 1655 2918 προφητείαν,

351 2923 428 2998 οῦδὲ
448 2927 532 3018 μετὰ
556 2927 598 3001 τό
606 2934 891 3051 ένανθρωπήσαι
916 2927 1206 3018 ἀποθνήσκουσαν
1231 2925 1306 3001 ἀλλ’
1332 2926 1656 3018 ἀναλαμβανομένην

299 3043 332 3096 25
351 3031 405 3199 εἰς.
418 3025 575 3117 οὐρανὸν,
598 3017 639 3118 ής
661 3029 830 3120 σύμβολον
850 3026 960 3112 Ἠλίας
982 3021 1034 3151 ήν.
1068 3059 1087 3100 ο
1077 3024 1146 3100 ‘de
1168 3035 1277 3101 ταῦτα
1302 3026 1481 3119 θεωρήσας
1502 3033 1592 3100 εἴποι
1613 3021 1656 3098 ἀν

373 3125 675 3216 ο·,,έθεασάμεθα
710 3128 775 3219 τήν
810 3126 914 3216 δόξαν
951 3125 1068 3214 αὐτοῦ,
1104 3125 1209 3215 δόξαν
1244 3125 1292 3212 τός
1327 3134 1531 3256 μονογενοῦς
1566 3127 1657 3214 παρὰ

350 3225 491 3317 πατρὸς,
515 3225 647 3318 πλήρης
667 3225 806 3316 χάριτος
826 3235 882 3300 καὶ
909 3225 1101 3319 ἀληθείας.“
1149 3235 1277 3311 Κέλσος
1302 3234 1364 3317 μὲν
1390 3219 1454 3300 οῦν
1479 3227 1658 3298 ἰδιωτικώ-

352 3355 454 3414 τερον
475 3323 665 3399 ἀνέπλασεν
687 3323 708 3399 6
730 3333 837 3400 οἴεται
859 3323 945 3418 ἡμᾶς
967 3334 1074 3416 λέξειν
1100 3327 1187 3420 πρὸς
1214 3327 1255 3400 τὸ
1285 3325 1398 3417 πόσμα
1425 3323 1548 3398 αότοῦ·
1574 3333 1658 3406 πῶς

353 3422 522 3516 οἰόμεθα
553 3433 765 3516 γνωρίσειν
795 3425 868 3499 τόν
897 3426 1011 3513 θεὸν,
1046 3437 1112 3498 καὶ
1146 3435 1230 3510 πῶς
1265 3424 1525 3515 σωθήσεσθαι
1558 3421 1658 3514 πρός

301 3540 335 3595 30
352 3521 492 3610 αῦτόν;
513 3521 605 3615 ήμεῑς
627 3533 663 3598 δὲ
685 3531 836 3617 εἴποιμεν
858 3521 901 3600 ἀν
922 3527 965 3600 τά
986 3536 1236 3618 προεκκεὶμενα.

434 3647 542 3714 LXIX
577 3640 674 3732 Πλήν
704 3665 808 3733 φησιν
842 3639 862 3716 ό
894 3651 1021 3729 Κέλσος
1052 3641 1137 3734 ἡμᾶς
1167 3640 1415 3732 ἀποκρίνεσθαι
1446 3637 1553 3711 εἰκότι
1583 3662 1659 3710 στο-

352 3750 483 3833 χασμῷ,
515 3737 696 3832 ὁμολογῶν
721 3739 930 3834 ἀναγράφειν
957 3741 1054 3834 ήμιῦν
1080 3743 1145 3832 τήν
1167 3739 1347 3832 ἀπόκρισιν
1368 3735 1483 3824 οὕτως
1504 3743 1659 3828 ἔχουσαν·

439 3952 1657 4027 Ημωαωω-Πμωαε-Ημωεα-ωω

353 4039 1660 4109 ιωῃ-ωωπωαμωυωεω-ωωαωω-

354 4123 1547 4193 ωωωωωωυωῃαωωωωμωωεα

441 4309 457 4363 1
477 4309 634 4380 γνωρίζειν]
653 4309 806 4380 γνωρίσαι
822 4311 886 4366 liest
903 4312 951 4366 Bo.
969 4311 1068 4381 (Notae
1079 4329 1104 4382 p.
1117 4311 1177 4379 393)
1195 4309 1273 4364 nieht
1290 4309 1362 4364 ohne
1380 4307 1483 4372 Grund,
1502 4307 1558 4376 vgl.
1576 4309 1662 4361 unten

354 4395 380 4448 Z.
398 4393 432 4448 29
451 4394 456 4462 Ι
477 4393 495 4448 2
515 4386 604 4448 αὐτόν
621 4393 752 4464 ΑΗὸ.3ρ.
771 4393 861 4451 αὐτοῦ
878 4394 966 4450 PDel.
982 4397 986 4464 Ι
1005 4395 1023 4452 3
1046 4396 1138 4450 hinter
1155 4390 1313 4465 γενόμενος
1332 4400 1364 4457 -Ι-
1384 4388 1416 4448 έν
1432 4393 1585 4463 IMusgg.
1601 4394 1605 4459 Ι
1623 4391 1660 4447 13

354 4480 447 4534 λιίιιὶει
464 4477 539 4533 κατὰ
552 4485 585 4542 -Ι-
598 4471 650 4533 τόν
667 4479 752 4534 ΡΙ)ε1.
769 4481 773 4548 Ι
790 4480 827 4536 18
845 4476 1011 4550 γενόμενος]
1030 4499 1044 4536 ε
1063 4480 1163 4548 Ιλιίιιεει
1180 4483 1208 4549 γ)
1227 4480 1257 4533 iu
1274 4479 1417 4533 conentur
1433 4481 1458 4532 Α
1473 4480 1478 4548 Ι
1494 4477 1533 4533 23
1552 4495 1586 4548 γε
1603 4479 1662 4543 (vor

356 4561 458 4632 νόμου)
476 4571 510 4621 <
527 4561 586 4618 Del.
606 4565 611 4632 Ι
631 4558 709 4634 δόξῃ]
729 4558 802 4630 δόξει
820 4566 844 4618 Α
865 4567 869 4634 Ι
889 4564 928 4620 28
945 4571 1046 4635 μωσῆς
1064 4567 1088 4618 Δ
1109 4567 1113 4634 Ι
1133 4566 1170 4621 28
1187 4563 1296 4632 πύσμα]
1315 4581 1336 4616 ιι
1353 4563 1383 4616 in
1402 4563 1545 4617 ementur
1562 4562 1586 4614 A
1602 4563 1605 4628 Ι
1620 4561 1658 4616 30

357 4643 445 4705 αὐτόν
461 4649 591 4719 ΑΗὸ.3ρ.
610 4643 699 4704 αάτοῦ
716 4648 803 4703 PDel.
