<?xml version="1.0" encoding="UTF-8"?>
<!DOCTYPE html PUBLIC "-//W3C//DTD XHTML 1.0 Transitional//EN"
    "http://www.w3.org/TR/xhtml1/DTD/xhtml1-transitional.dtd">
<html xmlns="http://www.w3.org/1999/xhtml" xml:lang="en" lang="en">
 <head>
  <title>
</title>
<meta http-equiv="Content-Type" content="text/html;charset=utf-8" />
  <meta name='ocr-system' content='tesseract 3.04.00' />
  <meta name='ocr-capabilities' content='ocr_page ocr_carea ocr_par ocr_line ocrx_word'/>
</head>
<body>
  <div class='ocr_page' id='page_1' title='image "./diegriechischen01wissgoog/diegriechischen01wissgoog_0341.png"; bbox 0 0 3780 5538; ppageno 0'>
   <div class='ocr_carea' id='block_1_1' title="bbox 634 539 1532 604">
    <p class='ocr_par' dir='ltr' id='par_1_1' title="bbox 634 539 1532 604">
     <span class='ocr_line' id='line_1_1' title="bbox 634 539 1532 604; baseline 0.009 -12"><span class='ocrx_word' id='word_1_1' title='bbox 634 539 735 595; x_wconf 80' lang='grc' dir='ltr'><em>ΚΑΤΑ</em></span> <span class='ocrx_word' id='word_1_2' title='bbox 756 539 918 595; x_wconf 79' lang='grc' dir='ltr'><em>ΚΕΔΣΟΥ</em></span> <span class='ocrx_word' id='word_1_3' title='bbox 940 539 1013 598; x_wconf 83' lang='lat' dir='ltr'><strong><em>vlu</em></strong></span> <span class='ocrx_word' id='word_1_4' title='bbox 1039 541 1080 594; x_wconf 83' lang='lat'><strong><em>51.</em></strong></span> <span class='ocrx_word' id='word_1_5' title='bbox 1098 540 1140 594; x_wconf 78' lang='lat'><strong><em>52.</em></strong></span> <span class='ocrx_word' id='word_1_6' title='bbox 1471 542 1532 604; x_wconf 74' lang='lat'><strong><em>267</em></strong></span> 
     </span>
    </p>
   </div>
   <div class='ocr_carea' id='block_1_2' title="bbox 191 693 1534 1291">
    <p class='ocr_par' dir='ltr' id='par_1_2' title="bbox 191 693 1534 1291">
     <span class='ocr_line' id='line_1_2' title="bbox 227 693 1533 792; baseline -0.004 -21"><span class='ocrx_word' id='word_1_7' title='bbox 227 728 331 791; x_wconf 92' lang='grc' dir='ltr'><strong><em>μενον</em></strong></span> <span class='ocrx_word' id='word_1_8' title='bbox 353 695 450 789; x_wconf 78' lang='grc' dir='ltr'><strong><em>αότῷ</em></strong></span> <span class='ocrx_word' id='word_1_9' title='bbox 473 701 732 792; x_wconf 83' lang='grc' dir='ltr'><strong><em>προηγούμενον</em></strong></span> <span class='ocrx_word' id='word_1_10' title='bbox 756 700 860 792; x_wconf 88' lang='grc' dir='ltr'><strong><em>λόγον</em></strong></span> <span class='ocrx_word' id='word_1_11' title='bbox 882 698 1186 774; x_wconf 82' lang='grc' dir='ltr'><strong><em>έπικατασκευάσαι</em></strong></span> <span class='ocrx_word' id='word_1_12' title='bbox 1207 705 1263 770; x_wconf 85' lang='grc' dir='ltr'><strong><em>καί</em></strong></span> <span class='ocrx_word' id='word_1_13' title='bbox 1286 697 1340 770; x_wconf 86' lang='grc' dir='ltr'><strong><em>διά</em></strong></span> <span class='ocrx_word' id='word_1_14' title='bbox 1362 693 1533 768; x_wconf 89' lang='grc' dir='ltr'><strong><em>πλειόνων</em></strong></span> 
     </span>
     <span class='ocr_line' id='line_1_3' title="bbox 227 794 1533 892; baseline -0.005 -19"><span class='ocrx_word' id='word_1_15' title='bbox 227 797 402 886; x_wconf 82' lang='grc' dir='ltr'><strong><em>άποδεῖξαι</em></strong></span> <span class='ocrx_word' id='word_1_16' title='bbox 425 794 480 873; x_wconf 85' lang='grc' dir='ltr'><strong><em>ότι</em></strong></span> <span class='ocrx_word' id='word_1_17' title='bbox 501 798 643 892; x_wconf 85' lang='grc' dir='ltr'><strong><em>άληθώς</em></strong></span> <span class='ocrx_word' id='word_1_18' title='bbox 675 804 711 873; x_wconf 80' lang='grc' dir='ltr'><strong><em>οἰ</em></strong></span> <span class='ocrx_word' id='word_1_19' title='bbox 738 798 871 874; x_wconf 88' lang='grc' dir='ltr'><strong><em>άδικοι</em></strong></span> <span class='ocrx_word' id='word_1_20' title='bbox 901 800 1068 890; x_wconf 81' lang='grc' dir='ltr'><strong><em>πάμπαν</em></strong></span> <span class='ocrx_word' id='word_1_21' title='bbox 1099 804 1278 881; x_wconf 77' lang='grc' dir='ltr'><strong><em>αἰωνίοις</em></strong></span> <span class='ocrx_word' id='word_1_22' title='bbox 1304 816 1444 878; x_wconf 79' lang='grc' dir='ltr'><strong><em>κακοῖς</em></strong></span> <span class='ocrx_word' id='word_1_23' title='bbox 1471 819 1533 867; x_wconf 91' lang='grc' dir='ltr'><strong><em>συ-</em></strong></span> 
     </span>
     <span class='ocr_line' id='line_1_4' title="bbox 226 893 1308 990; baseline -0.004 -19"><span class='ocrx_word' id='word_1_24' title='bbox 226 898 500 990; x_wconf 88' lang='grc' dir='ltr'><strong><em>σχεθήσονται</em></strong></span> <span class='ocrx_word' id='word_1_25' title='bbox 521 909 577 972; x_wconf 88' lang='grc' dir='ltr'><strong><em>καὶ</em></strong></span> <span class='ocrx_word' id='word_1_26' title='bbox 600 905 638 973; x_wconf 89' lang='grc' dir='ltr'><strong><em>οί</em></strong></span> <span class='ocrx_word' id='word_1_27' title='bbox 661 893 702 972; x_wconf 82' lang='grc' dir='ltr'><strong><em>εὖ</em></strong></span> <span class='ocrx_word' id='word_1_28' title='bbox 724 902 944 987; x_wconf 88' lang='grc' dir='ltr'><strong><em>βιώσαντες</em></strong></span> <span class='ocrx_word' id='word_1_29' title='bbox 966 898 1308 990; x_wconf 79' lang='grc' dir='ltr'><strong><em>εὐδαιμονήσουσι.</em></strong></span> 
     </span>
     <span class='ocr_line' id='line_1_5' title="bbox 308 992 1534 1092; baseline -0.002 -22"><span class='ocrx_word' id='word_1_30' title='bbox 308 1005 372 1070; x_wconf 88' lang='lat' dir='ltr'>LII.</span> <span class='ocrx_word' id='word_1_31' title='bbox 413 1009 478 1072; x_wconf 82' lang='grc' dir='ltr'><strong><em>Καὶ</em></strong></span> <span class='ocrx_word' id='word_1_32' title='bbox 507 1001 570 1092; x_wconf 86' lang='grc' dir='ltr'><strong><em>γάρ</em></strong></span> <span class='ocrx_word' id='word_1_33' title='bbox 600 997 692 1091; x_wconf 88' lang='grc' dir='ltr'><strong><em>ήμεῖς</em></strong></span> <span class='ocrx_word' id='word_1_34' title='bbox 724 1008 986 1091; x_wconf 88' lang='grc' dir='ltr'><strong><em>προηγουμένως</em></strong></span> <span class='ocrx_word' id='word_1_35' title='bbox 1016 1007 1078 1091; x_wconf 76' lang='grc' dir='ltr'><strong><em>μέν</em></strong></span> <span class='ocrx_word' id='word_1_36' title='bbox 1108 999 1162 1071; x_wconf 83' lang='grc' dir='ltr'><strong><em>διὰ</em></strong></span> <span class='ocrx_word' id='word_1_37' title='bbox 1190 998 1233 1070; x_wconf 83' lang='grc' dir='ltr'><strong><em>τά</em></strong></span> <span class='ocrx_word' id='word_1_38' title='bbox 1259 1005 1423 1068; x_wconf 78' lang='grc' dir='ltr'><strong><em>πείσαντα</em></strong></span> <span class='ocrx_word' id='word_1_39' title='bbox 1449 992 1534 1085; x_wconf 87' lang='grc' dir='ltr'><strong><em>ήμᾶς</em></strong></span> 
     </span>
     <span class='ocr_line' id='line_1_6' title="bbox 191 1093 1534 1191; baseline -0.004 -21"><span class='ocrx_word' id='word_1_40' title='bbox 191 1100 337 1172; x_wconf 83' lang='grc' dir='ltr'><strong><em>5πσλλὰ</em></strong></span> <span class='ocrx_word' id='word_1_41' title='bbox 367 1108 423 1170; x_wconf 89' lang='grc' dir='ltr'><strong><em>καί</em></strong></span> <span class='ocrx_word' id='word_1_42' title='bbox 453 1107 554 1191; x_wconf 91' lang='grc' dir='ltr'><strong><em>μυρία</em></strong></span> <span class='ocrx_word' id='word_1_43' title='bbox 584 1101 672 1174; x_wconf 85' lang='grc' dir='ltr'><strong><em>κατὰ</em></strong></span> <span class='ocrx_word' id='word_1_44' title='bbox 702 1099 955 1191; x_wconf 85' lang='grc' dir='ltr'><strong><em>χριστιανισμὸν</em></strong></span> <span class='ocrx_word' id='word_1_45' title='bbox 985 1107 1098 1186; x_wconf 85' lang='grc' dir='ltr'><strong><em>βιοῦν</em></strong></span> <span class='ocrx_word' id='word_1_46' title='bbox 1124 1097 1257 1180; x_wconf 83' lang='grc' dir='ltr'><strong><em>πάντας</em></strong></span> <span class='ocrx_word' id='word_1_47' title='bbox 1288 1093 1534 1185; x_wconf 73' lang='grc' dir='ltr'><strong><em>ἀνθρώπους</em></strong></span> 
     </span>
     <span class='ocr_line' id='line_1_7' title="bbox 225 1190 1534 1291; baseline -0.005 -21"><span class='ocrx_word' id='word_1_48' title='bbox 225 1193 287 1290; x_wconf 86' lang='grc' dir='ltr'><strong><em>όση</em></strong></span> <span class='ocrx_word' id='word_1_49' title='bbox 309 1199 452 1290; x_wconf 82' lang='grc' dir='ltr'><strong><em>δύναμις</em></strong></span> <span class='ocrx_word' id='word_1_50' title='bbox 474 1194 569 1284; x_wconf 84' lang='grc' dir='ltr'><strong><em>όλοις</em></strong></span> <span class='ocrx_word' id='word_1_51' title='bbox 591 1218 664 1283; x_wconf 88' lang='grc' dir='ltr'><strong><em>τοῖς</em></strong></span> <span class='ocrx_word' id='word_1_52' title='bbox 679 1207 898 1290; x_wconf 86' lang='grc' dir='ltr'><strong><em>Χριστιανών</em></strong></span> <span class='ocrx_word' id='word_1_53' title='bbox 921 1197 1035 1291; x_wconf 79' lang='grc' dir='ltr'><strong><em>λόγοις</em></strong></span> <span class='ocrx_word' id='word_1_54' title='bbox 1057 1205 1205 1271; x_wconf 83' lang='grc' dir='ltr'><strong><em>οἰκειοῦν</em></strong></span> <span class='ocrx_word' id='word_1_55' title='bbox 1219 1193 1422 1284; x_wconf 77' lang='grc' dir='ltr'><strong><em>βουλόμεθα·</em></strong></span> <span class='ocrx_word' id='word_1_56' title='bbox 1446 1190 1534 1268; x_wconf 85' lang='grc' dir='ltr'><strong><em>όπου</em></strong></span> 
     </span>
    </p>
   </div>
   <div class='ocr_carea' id='block_1_3' title="bbox 135 1297 1602 3377">
    <p class='ocr_par' dir='ltr' id='par_1_3' title="bbox 173 1297 1602 2286">
     <span class='ocr_line' id='line_1_8' title="bbox 226 1297 1602 1390; baseline -0.002 -19"><span class='ocrx_word' id='word_1_57' title='bbox 226 1304 261 1372; x_wconf 79' lang='grc' dir='ltr'><strong><em>δὲ</em></strong></span> <span class='ocrx_word' id='word_1_58' title='bbox 283 1306 713 1390; x_wconf 87' lang='grc' dir='ltr'><strong><em>προκαταλαμβανομένους</em></strong></span> <span class='ocrx_word' id='word_1_59' title='bbox 735 1297 928 1390; x_wconf 77' lang='grc' dir='ltr'><strong><em>εὑρίσκομεν</em></strong></span> <span class='ocrx_word' id='word_1_60' title='bbox 950 1307 992 1388; x_wconf 82' lang='grc' dir='ltr'><strong><em>τῇ</em></strong></span> <span class='ocrx_word' id='word_1_61' title='bbox 1014 1297 1100 1388; x_wconf 86' lang='grc' dir='ltr'><strong><em>πρὸς</em></strong></span> <span class='ocrx_word' id='word_1_62' title='bbox 1119 1303 1124 1388; x_wconf 99' lang='grc' dir='ltr'>Ι</span> <span class='ocrx_word' id='word_1_63' title='bbox 1144 1297 1368 1385; x_wconf 84' lang='grc' dir='ltr'><strong><em>Χριστιανοὺς</em></strong></span> <span class='ocrx_word' id='word_1_64' title='bbox 1383 1303 1531 1385; x_wconf 80' lang='grc' dir='ltr'><strong><em>διαβολῇ,</em></strong></span> <span class='ocrx_word' id='word_1_65' title='bbox 1550 1306 1602 1362; x_wconf 81' lang='grc'><strong><em>780</em></strong></span> 
     </span>
     <span class='ocr_line' id='line_1_9' title="bbox 226 1392 1533 1492; baseline -0.003 -23"><span class='ocrx_word' id='word_1_66' title='bbox 226 1396 274 1484; x_wconf 88' lang='grc' dir='ltr'><strong><em>ώς</em></strong></span> <span class='ocrx_word' id='word_1_67' title='bbox 304 1404 387 1489; x_wconf 82' lang='grc' dir='ltr'><strong><em>μηδὲ</em></strong></span> <span class='ocrx_word' id='word_1_68' title='bbox 419 1406 577 1490; x_wconf 88' lang='grc' dir='ltr'><strong><em>παρέχειν</em></strong></span> <span class='ocrx_word' id='word_1_69' title='bbox 606 1399 650 1471; x_wconf 87' lang='grc' dir='ltr'><strong><em>τά</em></strong></span> <span class='ocrx_word' id='word_1_70' title='bbox 681 1392 755 1471; x_wconf 86' lang='grc' dir='ltr'><strong><em>ώτα</em></strong></span> <span class='ocrx_word' id='word_1_71' title='bbox 783 1406 952 1492; x_wconf 78' lang='grc' dir='ltr'><strong><em>φαντασίᾳ</em></strong></span> <span class='ocrx_word' id='word_1_72' title='bbox 974 1405 1038 1470; x_wconf 86' lang='grc' dir='ltr'><strong><em>τοῦ</em></strong></span> <span class='ocrx_word' id='word_1_73' title='bbox 1058 1403 1139 1488; x_wconf 81' lang='grc' dir='ltr'><strong><em>μηδὲ</em></strong></span> <span class='ocrx_word' id='word_1_74' title='bbox 1161 1393 1301 1481; x_wconf 74' lang='grc' dir='ltr'><strong><em>εὐσεβεῖς</em></strong></span> <span class='ocrx_word' id='word_1_75' title='bbox 1324 1399 1409 1467; x_wconf 88' lang='grc' dir='ltr'><strong><em>εἰναι</em></strong></span> <span class='ocrx_word' id='word_1_76' title='bbox 1432 1403 1533 1484; x_wconf 84' lang='grc' dir='ltr'><strong><em>Χρισ-</em></strong></span> 
     </span>
     <span class='ocr_line' id='line_1_10' title="bbox 225 1495 1532 1588; baseline -0.005 -17"><span class='ocrx_word' id='word_1_77' title='bbox 225 1499 364 1581; x_wconf 79' lang='grc' dir='ltr'><strong><em>τιανοὺς</em></strong></span> <span class='ocrx_word' id='word_1_78' title='bbox 395 1519 468 1582; x_wconf 90' lang='grc' dir='ltr'><strong><em>τοῖς</em></strong></span> <span class='ocrx_word' id='word_1_79' title='bbox 497 1498 540 1570; x_wconf 82' lang='grc' dir='ltr'><strong><em>τά</em></strong></span> <span class='ocrx_word' id='word_1_80' title='bbox 567 1505 632 1571; x_wconf 83' lang='grc' dir='ltr'><strong><em>τοῦ</em></strong></span> <span class='ocrx_word' id='word_1_81' title='bbox 660 1508 758 1572; x_wconf 91' lang='grc' dir='ltr'><strong><em>θείου</em></strong></span> <span class='ocrx_word' id='word_1_82' title='bbox 784 1497 888 1588; x_wconf 86' lang='grc' dir='ltr'><strong><em>λόγου</em></strong></span> <span class='ocrx_word' id='word_1_83' title='bbox 914 1495 1082 1569; x_wconf 79' lang='grc' dir='ltr'><strong><em>διδάσκειν</em></strong></span> <span class='ocrx_word' id='word_1_84' title='bbox 1104 1501 1405 1587; x_wconf 79' lang='grc' dir='ltr'><strong><em>ἐπαγγελλομένοις</em></strong></span> <span class='ocrx_word' id='word_1_85' title='bbox 1427 1495 1532 1578; x_wconf 84' lang='grc' dir='ltr'><strong><em>τινὰς,</em></strong></span> 
     </span>
     <span class='ocr_line' id='line_1_11' title="bbox 174 1589 1532 1688; baseline -0.005 -18"><span class='ocrx_word' id='word_1_86' title='bbox 174 1616 207 1671; x_wconf 90' lang='grc'><strong><em>10</em></strong></span> <span class='ocrx_word' id='word_1_87' title='bbox 224 1603 293 1670; x_wconf 78' lang='grc' dir='ltr'><strong><em>ἐκεῖ</em></strong></span> <span class='ocrx_word' id='word_1_88' title='bbox 317 1599 405 1670; x_wconf 82' lang='grc' dir='ltr'><strong><em>κατὰ</em></strong></span> <span class='ocrx_word' id='word_1_89' title='bbox 433 1597 474 1670; x_wconf 86' lang='grc' dir='ltr'><strong><em>τὸ</em></strong></span> <span class='ocrx_word' id='word_1_90' title='bbox 503 1597 756 1687; x_wconf 80' lang='grc' dir='ltr'><strong><em>φιλάνθρωπον</em></strong></span> <span class='ocrx_word' id='word_1_91' title='bbox 778 1593 839 1688; x_wconf 85' lang='grc' dir='ltr'><strong><em>όση</em></strong></span> <span class='ocrx_word' id='word_1_92' title='bbox 861 1597 999 1687; x_wconf 83' lang='grc' dir='ltr'><strong><em>δύναμις</em></strong></span> <span class='ocrx_word' id='word_1_93' title='bbox 1019 1594 1199 1686; x_wconf 85' lang='grc' dir='ltr'><strong><em>ίστάμεθα,</em></strong></span> <span class='ocrx_word' id='word_1_94' title='bbox 1227 1597 1282 1666; x_wconf 76' lang='grc' dir='ltr'><strong><em>ἵνα</em></strong></span> <span class='ocrx_word' id='word_1_95' title='bbox 1303 1589 1368 1666; x_wconf 82' lang='grc' dir='ltr'><strong><em>κάν</em></strong></span> <span class='ocrx_word' id='word_1_96' title='bbox 1390 1593 1433 1665; x_wconf 87' lang='grc' dir='ltr'><strong><em>τὰ</em></strong></span> <span class='ocrx_word' id='word_1_97' title='bbox 1454 1601 1532 1683; x_wconf 83' lang='grc' dir='ltr'><strong><em>περὶ</em></strong></span> 
     </span>
     <span class='ocr_line' id='line_1_12' title="bbox 225 1693 1531 1785; baseline -0.004 -17"><span class='ocrx_word' id='word_1_98' title='bbox 225 1704 395 1769; x_wconf 83' lang='grc' dir='ltr'><strong><em>αἰωνίου</em></strong></span> <span class='ocrx_word' id='word_1_99' title='bbox 421 1697 625 1782; x_wconf 84' lang='grc' dir='ltr'><strong><em>κολάσεως</em></strong></span> <span class='ocrx_word' id='word_1_100' title='bbox 651 1705 706 1772; x_wconf 82' lang='grc' dir='ltr'><strong><em>ἐπὶ</em></strong></span> <span class='ocrx_word' id='word_1_101' title='bbox 734 1699 813 1782; x_wconf 84' lang='grc' dir='ltr'><strong><em>τούς</em></strong></span> <span class='ocrx_word' id='word_1_102' title='bbox 835 1696 1040 1785; x_wconf 77' lang='grc' dir='ltr'><strong><em>ἀσεβοῦντας</em></strong></span> <span class='ocrx_word' id='word_1_103' title='bbox 1068 1694 1246 1785; x_wconf 82' lang='grc' dir='ltr'><strong><em>δόγματα</em></strong></span> <span class='ocrx_word' id='word_1_104' title='bbox 1267 1693 1531 1766; x_wconf 88' lang='grc' dir='ltr'><strong><em>κατασκευάσαν-</em></strong></span> 
     </span>
     <span class='ocr_line' id='line_1_13' title="bbox 225 1793 1531 1889; baseline -0.004 -21"><span class='ocrx_word' id='word_1_105' title='bbox 225 1827 281 1881; x_wconf 88' lang='grc' dir='ltr'><strong><em>τες</em></strong></span> <span class='ocrx_word' id='word_1_106' title='bbox 302 1802 559 1886; x_wconf 74' lang='grc' dir='ltr'><strong><em>παραδέξασθαι</em></strong></span> <span class='ocrx_word' id='word_1_107' title='bbox 581 1797 777 1889; x_wconf 91' lang='grc' dir='ltr'><strong><em>ποιήσωμεν</em></strong></span> <span class='ocrx_word' id='word_1_108' title='bbox 799 1796 863 1869; x_wconf 85' lang='grc' dir='ltr'><strong><em>τόν</em></strong></span> <span class='ocrx_word' id='word_1_109' title='bbox 885 1793 990 1886; x_wconf 90' lang='grc' dir='ltr'><strong><em>λόγον</em></strong></span> <span class='ocrx_word' id='word_1_110' title='bbox 1012 1806 1069 1867; x_wconf 87' lang='grc' dir='ltr'><strong><em>καὶ</em></strong></span> <span class='ocrx_word' id='word_1_111' title='bbox 1091 1796 1172 1879; x_wconf 82' lang='grc' dir='ltr'><strong><em>τούς</em></strong></span> <span class='ocrx_word' id='word_1_112' title='bbox 1193 1795 1237 1884; x_wconf 86' lang='grc' dir='ltr'><strong><em>μή</em></strong></span> <span class='ocrx_word' id='word_1_113' title='bbox 1258 1800 1427 1876; x_wconf 82' lang='grc' dir='ltr'><strong><em>θέλοντας</em></strong></span> <span class='ocrx_word' id='word_1_114' title='bbox 1443 1817 1531 1882; x_wconf 88' lang='grc' dir='ltr'><strong><em>χρισ-</em></strong></span> 
     </span>
     <span class='ocr_line' id='line_1_14' title="bbox 224 1889 1532 1986; baseline -0.003 -19"><span class='ocrx_word' id='word_1_115' title='bbox 224 1903 392 1984; x_wconf 77' lang='grc' dir='ltr'><strong><em>τιανίζειν.</em></strong></span> <span class='ocrx_word' id='word_1_116' title='bbox 436 1892 531 1968; x_wconf 76' lang='grc' dir='ltr'><strong><em>οὕτω</em></strong></span> <span class='ocrx_word' id='word_1_117' title='bbox 561 1903 597 1968; x_wconf 82' lang='grc' dir='ltr'><strong><em>δὲ</em></strong></span> <span class='ocrx_word' id='word_1_118' title='bbox 621 1904 774 1986; x_wconf 87' lang='grc' dir='ltr'><strong><em>καὶπερὶ</em></strong></span> <span class='ocrx_word' id='word_1_119' title='bbox 800 1905 883 1968; x_wconf 85' lang='grc' dir='ltr'><strong><em>τών</em></strong></span> <span class='ocrx_word' id='word_1_120' title='bbox 909 1889 952 1966; x_wconf 84' lang='grc' dir='ltr'><strong><em>εὖ</em></strong></span> <span class='ocrx_word' id='word_1_121' title='bbox 979 1895 1217 1980; x_wconf 86' lang='grc' dir='ltr'><strong><em>βιωσάντων</em></strong></span> <span class='ocrx_word' id='word_1_122' title='bbox 1237 1913 1359 1981; x_wconf 90' lang='grc' dir='ltr'><strong><em>πεῖσμα</em></strong></span> <span class='ocrx_word' id='word_1_123' title='bbox 1381 1897 1532 1982; x_wconf 79' lang='grc' dir='ltr'><strong><em>ἐμποιεῖν</em></strong></span> 
     </span>
     <span class='ocr_line' id='line_1_15' title="bbox 222 1991 1531 2086; baseline -0.005 -18"><span class='ocrx_word' id='word_1_124' title='bbox 222 2003 378 2086; x_wconf 82' lang='grc' dir='ltr'><strong><em>θέλομεν,</em></strong></span> <span class='ocrx_word' id='word_1_125' title='bbox 409 1991 560 2084; x_wconf 81' lang='grc' dir='ltr'><strong><em>δρῶντες</em></strong></span> <span class='ocrx_word' id='word_1_126' title='bbox 591 1991 645 2070; x_wconf 85' lang='grc' dir='ltr'><strong><em>ότι</em></strong></span> <span class='ocrx_word' id='word_1_127' title='bbox 675 1997 786 2069; x_wconf 86' lang='grc' dir='ltr'><strong><em>πολλὰ</em></strong></span> <span class='ocrx_word' id='word_1_128' title='bbox 816 2003 891 2068; x_wconf 86' lang='grc' dir='ltr'><strong><em>τών</em></strong></span> <span class='ocrx_word' id='word_1_129' title='bbox 920 1995 1008 2068; x_wconf 81' lang='grc' dir='ltr'><strong><em>κατὰ</em></strong></span> <span class='ocrx_word' id='word_1_130' title='bbox 1039 1993 1102 2067; x_wconf 85' lang='grc' dir='ltr'><strong><em>τὸν</em></strong></span> <span class='ocrx_word' id='word_1_131' title='bbox 1131 1991 1207 2084; x_wconf 83' lang='grc' dir='ltr'><strong><em>δγιή</em></strong></span> <span class='ocrx_word' id='word_1_132' title='bbox 1233 2002 1308 2078; x_wconf 91' lang='grc' dir='ltr'><strong><em>βίον</em></strong></span> <span class='ocrx_word' id='word_1_133' title='bbox 1334 1999 1389 2062; x_wconf 92' lang='grc' dir='ltr'><strong><em>καὶ</em></strong></span> <span class='ocrx_word' id='word_1_134' title='bbox 1416 1997 1448 2064; x_wconf 84' lang='grc' dir='ltr'><strong><em>οἰ</em></strong></span> <span class='ocrx_word' id='word_1_135' title='bbox 1471 1999 1531 2082; x_wconf 85' lang='grc' dir='ltr'><strong><em>τῆς</em></strong></span> 
     </span>
     <span class='ocr_line' id='line_1_16' title="bbox 173 2091 1532 2186; baseline -0.004 -18"><span class='ocrx_word' id='word_1_136' title='bbox 173 2115 205 2168; x_wconf 89' lang='grc'><strong><em>15</em></strong></span> <span class='ocrx_word' id='word_1_137' title='bbox 222 2104 370 2178; x_wconf 87' lang='grc' dir='ltr'><strong><em>πίστεως</em></strong></span> <span class='ocrx_word' id='word_1_138' title='bbox 397 2092 575 2185; x_wconf 79' lang='grc' dir='ltr'><strong><em>ἀλλότριοι</em></strong></span> <span class='ocrx_word' id='word_1_139' title='bbox 601 2092 728 2186; x_wconf 84' lang='grc' dir='ltr'><strong><em>ὁμοίως</em></strong></span> <span class='ocrx_word' id='word_1_140' title='bbox 757 2093 836 2186; x_wconf 82' lang='grc' dir='ltr'><strong><em>ἡμῖν</em></strong></span> <span class='ocrx_word' id='word_1_141' title='bbox 861 2102 1028 2184; x_wconf 90' lang='grc' dir='ltr'><strong><em>λέγουσιν·</em></strong></span> <span class='ocrx_word' id='word_1_142' title='bbox 1059 2091 1137 2166; x_wconf 73' lang='grc' dir='ltr'><strong><em>οὐδὲ</em></strong></span> <span class='ocrx_word' id='word_1_143' title='bbox 1163 2093 1225 2184; x_wconf 84' lang='grc' dir='ltr'><strong><em>γάρ</em></strong></span> <span class='ocrx_word' id='word_1_144' title='bbox 1251 2092 1313 2176; x_wconf 80' lang='grc' dir='ltr'><strong><em>τὰς</em></strong></span> <span class='ocrx_word' id='word_1_145' title='bbox 1338 2091 1456 2175; x_wconf 85' lang='grc' dir='ltr'><strong><em>κοινὰς</em></strong></span> <span class='ocrx_word' id='word_1_146' title='bbox 1482 2095 1532 2162; x_wconf 88' lang='grc' dir='ltr'><strong><em>έν-</em></strong></span> 
     </span>
     <span class='ocr_line' id='line_1_17' title="bbox 222 2185 1531 2286; baseline -0.006 -17"><span class='ocrx_word' id='word_1_147' title='bbox 222 2205 318 2280; x_wconf 90' lang='grc' dir='ltr'><strong><em>νοίας</em></strong></span> <span class='ocrx_word' id='word_1_148' title='bbox 344 2205 421 2285; x_wconf 83' lang='grc' dir='ltr'><strong><em>περὶ</em></strong></span> <span class='ocrx_word' id='word_1_149' title='bbox 447 2203 565 2267; x_wconf 88' lang='grc' dir='ltr'><strong><em>καλών</em></strong></span> <span class='ocrx_word' id='word_1_150' title='bbox 591 2207 647 2268; x_wconf 88' lang='grc' dir='ltr'><strong><em>καὶ</em></strong></span> <span class='ocrx_word' id='word_1_151' title='bbox 669 2203 816 2286; x_wconf 77' lang='grc' dir='ltr'><strong><em>αἰσχρῶν</em></strong></span> <span class='ocrx_word' id='word_1_152' title='bbox 838 2202 893 2267; x_wconf 86' lang='grc' dir='ltr'><strong><em>καὶ</em></strong></span> <span class='ocrx_word' id='word_1_153' title='bbox 915 2200 1055 2266; x_wconf 92' lang='grc' dir='ltr'><strong><em>δικαίων</em></strong></span> <span class='ocrx_word' id='word_1_154' title='bbox 1076 2199 1147 2284; x_wconf 82' lang='grc' dir='ltr'><strong><em>(καί</em></strong></span> <span class='ocrx_word' id='word_1_155' title='bbox 1170 2189 1340 2282; x_wconf 85' lang='grc' dir='ltr'><strong><em>άδίκωνΙ</em></strong></span> <span class='ocrx_word' id='word_1_156' title='bbox 1363 2185 1457 2281; x_wconf 80' lang='grc' dir='ltr'><strong><em>εόροι</em></strong></span> <span class='ocrx_word' id='word_1_157' title='bbox 1479 2220 1531 2275; x_wconf 88' lang='grc' dir='ltr'><strong><em>τις</em></strong></span> 
     </span>
    </p>

    <p class='ocr_par' dir='ltr' id='par_1_4' title="bbox 222 2291 704 2396">
     <span class='ocr_line' id='line_1_18' title="bbox 222 2291 704 2396; baseline 0 -30"><span class='ocrx_word' id='word_1_158' title='bbox 222 2291 427 2379; x_wconf 66' lang='grc' dir='ltr'><strong><em>διατάσεως</em></strong></span> <span class='ocrx_word' id='word_1_159' title='bbox 449 2292 704 2396; x_wconf 65' lang='grc' dir='ltr'><strong><em>άκολωλεκότα.</em></strong></span> 
     </span>
    </p>

    <p class='ocr_par' dir='ltr' id='par_1_5' title="bbox 135 2389 1530 3377">
     <span class='ocr_line' id='line_1_19' title="bbox 304 2389 1529 2486; baseline -0.003 -20"><span class='ocrx_word' id='word_1_160' title='bbox 304 2393 433 2478; x_wconf 86' lang='grc' dir='ltr'><strong><em>πάντες</em></strong></span> <span class='ocrx_word' id='word_1_161' title='bbox 460 2397 524 2466; x_wconf 84' lang='grc' dir='ltr'><strong><em>οὖν</em></strong></span> <span class='ocrx_word' id='word_1_162' title='bbox 545 2392 774 2486; x_wconf 77' lang='grc' dir='ltr'><strong><em>ἄνθρωποι,</em></strong></span> <span class='ocrx_word' id='word_1_163' title='bbox 797 2391 949 2483; x_wconf 86' lang='grc' dir='ltr'><strong><em>όρώντες</em></strong></span> <span class='ocrx_word' id='word_1_164' title='bbox 971 2391 1035 2464; x_wconf 84' lang='grc' dir='ltr'><strong><em>τὸν</em></strong></span> <span class='ocrx_word' id='word_1_165' title='bbox 1056 2389 1185 2483; x_wconf 90' lang='grc' dir='ltr'><strong><em>κόσμον</em></strong></span> <span class='ocrx_word' id='word_1_166' title='bbox 1206 2398 1261 2463; x_wconf 87' lang='grc' dir='ltr'><strong><em>καὶ</em></strong></span> <span class='ocrx_word' id='word_1_167' title='bbox 1287 2390 1353 2481; x_wconf 86' lang='grc' dir='ltr'><strong><em>τήν</em></strong></span> <span class='ocrx_word' id='word_1_168' title='bbox 1374 2395 1412 2462; x_wconf 86' lang='grc' dir='ltr'><strong><em>έν</em></strong></span> <span class='ocrx_word' id='word_1_169' title='bbox 1432 2390 1529 2482; x_wconf 78' lang='grc' dir='ltr'><strong><em>αὐτῷ</em></strong></span> 
     </span>
     <span class='ocr_line' id='line_1_20' title="bbox 222 2491 1530 2584; baseline -0.002 -18"><span class='ocrx_word' id='word_1_170' title='bbox 222 2501 431 2584; x_wconf 79' lang='grc' dir='ltr'><strong><em>τεταγμένην</em></strong></span> <span class='ocrx_word' id='word_1_171' title='bbox 463 2495 615 2584; x_wconf 77' lang='grc' dir='ltr'><strong><em>οὐρανοῦ</em></strong></span> <span class='ocrx_word' id='word_1_172' title='bbox 642 2505 699 2567; x_wconf 88' lang='grc' dir='ltr'><strong><em>καὶ</em></strong></span> <span class='ocrx_word' id='word_1_173' title='bbox 726 2502 800 2567; x_wconf 88' lang='grc' dir='ltr'><strong><em>τών</em></strong></span> <span class='ocrx_word' id='word_1_174' title='bbox 827 2500 865 2566; x_wconf 81' lang='grc' dir='ltr'><strong><em>ἐν</em></strong></span> <span class='ocrx_word' id='word_1_175' title='bbox 891 2501 935 2582; x_wconf 81' lang='grc' dir='ltr'><strong><em>τῇ</em></strong></span> <span class='ocrx_word' id='word_1_176' title='bbox 957 2491 1104 2566; x_wconf 89' lang='grc' dir='ltr'><strong><em>άπλανεῖ</em></strong></span> <span class='ocrx_word' id='word_1_177' title='bbox 1122 2498 1252 2582; x_wconf 89' lang='grc' dir='ltr'><strong><em>κίνησιν</em></strong></span> <span class='ocrx_word' id='word_1_178' title='bbox 1275 2497 1348 2563; x_wconf 88' lang='grc' dir='ltr'><strong><em>τών</em></strong></span> <span class='ocrx_word' id='word_1_179' title='bbox 1371 2519 1409 2561; x_wconf 91' lang='grc' dir='ltr'><strong><em>τε</em></strong></span> <span class='ocrx_word' id='word_1_180' title='bbox 1430 2518 1530 2580; x_wconf 84' lang='grc' dir='ltr'><strong><em>φερο-</em></strong></span> 
     </span>
     <span class='ocr_line' id='line_1_21' title="bbox 169 2587 1529 2686; baseline -0.005 -20"><span class='ocrx_word' id='word_1_181' title='bbox 169 2618 203 2674; x_wconf 88' lang='lat'><strong><em>20</em></strong></span> <span class='ocrx_word' id='word_1_182' title='bbox 220 2602 334 2685; x_wconf 90' lang='grc' dir='ltr'><strong><em>μένων</em></strong></span> <span class='ocrx_word' id='word_1_183' title='bbox 357 2600 522 2679; x_wconf 82' lang='grc' dir='ltr'><strong><em>ἐναντίως</em></strong></span> <span class='ocrx_word' id='word_1_184' title='bbox 548 2604 592 2685; x_wconf 81' lang='grc' dir='ltr'><strong><em>τῇ</em></strong></span> <span class='ocrx_word' id='word_1_185' title='bbox 614 2603 677 2668; x_wconf 84' lang='grc' dir='ltr'><strong><em>τοῦ</em></strong></span> <span class='ocrx_word' id='word_1_186' title='bbox 699 2593 828 2686; x_wconf 89' lang='grc' dir='ltr'><strong><em>κόσμου</em></strong></span> <span class='ocrx_word' id='word_1_187' title='bbox 847 2591 975 2683; x_wconf 80' lang='grc' dir='ltr'><strong><em>κινήσει</em></strong></span> <span class='ocrx_word' id='word_1_188' title='bbox 997 2598 1190 2682; x_wconf 89' lang='grc' dir='ltr'><strong><em>λεγομένων</em></strong></span> <span class='ocrx_word' id='word_1_189' title='bbox 1212 2589 1401 2681; x_wconf 90' lang='grc' dir='ltr'><strong><em>πλανήτων</em></strong></span> <span class='ocrx_word' id='word_1_190' title='bbox 1422 2587 1529 2676; x_wconf 77' lang='grc' dir='ltr'><strong><em>τάξιν,</em></strong></span> 
     </span>
     <span class='ocr_line' id='line_1_22' title="bbox 221 2689 1528 2786; baseline -0.006 -19"><span class='ocrx_word' id='word_1_191' title='bbox 221 2691 372 2783; x_wconf 80' lang='grc' dir='ltr'><strong><em>δρῶντες</em></strong></span> <span class='ocrx_word' id='word_1_192' title='bbox 405 2701 441 2766; x_wconf 77' lang='grc' dir='ltr'><strong><em>δὲ</em></strong></span> <span class='ocrx_word' id='word_1_193' title='bbox 470 2702 526 2766; x_wconf 85' lang='grc' dir='ltr'><strong><em>καί</em></strong></span> <span class='ocrx_word' id='word_1_194' title='bbox 556 2695 622 2786; x_wconf 85' lang='grc' dir='ltr'><strong><em>τήν</em></strong></span> <span class='ocrx_word' id='word_1_195' title='bbox 655 2702 728 2767; x_wconf 84' lang='grc' dir='ltr'><strong><em>τών</em></strong></span> <span class='ocrx_word' id='word_1_196' title='bbox 759 2692 870 2784; x_wconf 81' lang='grc' dir='ltr'><strong><em>ἀέρων</em></strong></span> <span class='ocrx_word' id='word_1_197' title='bbox 899 2700 956 2764; x_wconf 82' lang='grc' dir='ltr'><strong><em>καὶ</em></strong></span> <span class='ocrx_word' id='word_1_198' title='bbox 983 2691 1071 2780; x_wconf 88' lang='grc' dir='ltr'><strong><em>πρὸς</em></strong></span> <span class='ocrx_word' id='word_1_199' title='bbox 1101 2689 1143 2763; x_wconf 86' lang='grc' dir='ltr'><strong><em>τὸ</em></strong></span> <span class='ocrx_word' id='word_1_200' title='bbox 1168 2689 1331 2781; x_wconf 89' lang='grc' dir='ltr'><strong><em>χρήσιμον</em></strong></span> <span class='ocrx_word' id='word_1_201' title='bbox 1354 2689 1454 2779; x_wconf 82' lang='grc' dir='ltr'><strong><em>ζῴοις</em></strong></span> <span class='ocrx_word' id='word_1_202' title='bbox 1474 2696 1528 2760; x_wconf 85' lang='grc' dir='ltr'><strong><em>καὶ</em></strong></span> 
     </span>
     <span class='ocr_line' id='line_1_23' title="bbox 220 2785 1529 2884; baseline -0.006 -18"><span class='ocrx_word' id='word_1_203' title='bbox 220 2791 366 2884; x_wconf 90' lang='grc' dir='ltr'><strong><em>μάλιστα</em></strong></span> <span class='ocrx_word' id='word_1_204' title='bbox 394 2789 595 2884; x_wconf 87' lang='grc' dir='ltr'><strong><em>άνθρώποις</em></strong></span> <span class='ocrx_word' id='word_1_205' title='bbox 620 2802 740 2884; x_wconf 84' lang='grc' dir='ltr'><strong><em>κρᾶσιν</em></strong></span> <span class='ocrx_word' id='word_1_206' title='bbox 761 2800 817 2865; x_wconf 86' lang='grc' dir='ltr'><strong><em>καί</em></strong></span> <span class='ocrx_word' id='word_1_207' title='bbox 839 2792 903 2884; x_wconf 86' lang='grc' dir='ltr'><strong><em>τήν</em></strong></span> <span class='ocrx_word' id='word_1_208' title='bbox 926 2789 1100 2880; x_wconf 81' lang='grc' dir='ltr'><strong><em>άωθονίαν</em></strong></span> <span class='ocrx_word' id='word_1_209' title='bbox 1122 2797 1197 2862; x_wconf 87' lang='grc' dir='ltr'><strong><em>τών</em></strong></span> <span class='ocrx_word' id='word_1_210' title='bbox 1218 2786 1260 2862; x_wconf 78' lang='grc' dir='ltr'><strong><em>δι’</em></strong></span> <span class='ocrx_word' id='word_1_211' title='bbox 1282 2785 1529 2878; x_wconf 73' lang='grc' dir='ltr'><strong><em>ἀνθρώπους</em></strong></span> 
     </span>
     <span class='ocr_line' id='line_1_24' title="bbox 135 2887 1528 2985; baseline -0.003 -21"><span class='ocrx_word' id='word_1_212' title='bbox 135 2907 203 2964; x_wconf 77' lang='lat' dir='ltr'><strong><em>205V</em></strong></span> <span class='ocrx_word' id='word_1_213' title='bbox 221 2900 568 2985; x_wconf 86' lang='grc' dir='ltr'><strong><em>δεδημιουργημένων,</em></strong></span> <span class='ocrx_word' id='word_1_214' title='bbox 597 2903 601 2981; x_wconf 95' lang='grc' dir='ltr'>Ι</span> <span class='ocrx_word' id='word_1_215' title='bbox 633 2893 904 2983; x_wconf 78' lang='grc' dir='ltr'><strong><em>εὐλαβείσθωσαν</em></strong></span> <span class='ocrx_word' id='word_1_216' title='bbox 935 2887 1141 2980; x_wconf 90' lang='grc' dir='ltr'><strong><em>δυσάρεστόν</em></strong></span> <span class='ocrx_word' id='word_1_217' title='bbox 1170 2919 1204 2961; x_wconf 93' lang='grc' dir='ltr'><strong><em>τι</em></strong></span> <span class='ocrx_word' id='word_1_218' title='bbox 1229 2895 1367 2978; x_wconf 85' lang='grc' dir='ltr'><strong><em>ποιήσαι</em></strong></span> <span class='ocrx_word' id='word_1_219' title='bbox 1394 2895 1446 2978; x_wconf 83' lang='grc' dir='ltr'><strong><em>τῷ</em></strong></span> <span class='ocrx_word' id='word_1_220' title='bbox 1473 2895 1528 2978; x_wconf 92' lang='grc' dir='ltr'><strong><em>δη-</em></strong></span> 
     </span>
     <span class='ocr_line' id='line_1_25' title="bbox 220 2986 1529 3084; baseline -0.005 -19"><span class='ocrx_word' id='word_1_221' title='bbox 220 3000 371 3084; x_wconf 78' lang='grc' dir='ltr'><strong><em>μιουργῷ</em></strong></span> <span class='ocrx_word' id='word_1_222' title='bbox 395 3000 459 3065; x_wconf 82' lang='grc' dir='ltr'><strong><em>τοῦ</em></strong></span> <span class='ocrx_word' id='word_1_223' title='bbox 480 2992 610 3077; x_wconf 87' lang='grc' dir='ltr'><strong><em>παντὸς</em></strong></span> <span class='ocrx_word' id='word_1_224' title='bbox 631 3003 687 3064; x_wconf 86' lang='grc' dir='ltr'><strong><em>καί</em></strong></span> <span class='ocrx_word' id='word_1_225' title='bbox 709 3001 782 3065; x_wconf 86' lang='grc' dir='ltr'><strong><em>τών</em></strong></span> <span class='ocrx_word' id='word_1_226' title='bbox 803 3000 943 3081; x_wconf 87' lang='grc' dir='ltr'><strong><em>ψυχών</em></strong></span> <span class='ocrx_word' id='word_1_227' title='bbox 965 2988 1083 3062; x_wconf 77' lang='grc' dir='ltr'><strong><em>αὐτῶν</em></strong></span> <span class='ocrx_word' id='word_1_228' title='bbox 1103 2999 1159 3061; x_wconf 88' lang='grc' dir='ltr'><strong><em>καὶ</em></strong></span> <span class='ocrx_word' id='word_1_229' title='bbox 1181 2995 1245 3062; x_wconf 86' lang='grc' dir='ltr'><strong><em>τοῦ</em></strong></span> <span class='ocrx_word' id='word_1_230' title='bbox 1267 2995 1304 3060; x_wconf 84' lang='grc' dir='ltr'><strong><em>έν</em></strong></span> <span class='ocrx_word' id='word_1_231' title='bbox 1318 2986 1436 3072; x_wconf 76' lang='grc' dir='ltr'><strong><em>αὐταῖς</em></strong></span> <span class='ocrx_word' id='word_1_232' title='bbox 1456 2995 1529 3059; x_wconf 84' lang='grc' dir='ltr'><strong><em>νοῦ</em></strong></span> 
     </span>
     <span class='ocr_line' id='line_1_26' title="bbox 169 3084 1528 3181; baseline -0.007 -14"><span class='ocrx_word' id='word_1_233' title='bbox 169 3113 203 3167; x_wconf 82' lang='grc'><strong><em>25</em></strong></span> <span class='ocrx_word' id='word_1_234' title='bbox 222 3090 353 3173; x_wconf 77' lang='grc' dir='ltr'><strong><em>αὐτῶν,</em></strong></span> <span class='ocrx_word' id='word_1_235' title='bbox 388 3101 445 3164; x_wconf 89' lang='grc' dir='ltr'><strong><em>καί</em></strong></span> <span class='ocrx_word' id='word_1_236' title='bbox 477 3102 720 3165; x_wconf 89' lang='grc' dir='ltr'><strong><em>πεπείσθωσαν</em></strong></span> <span class='ocrx_word' id='word_1_237' title='bbox 755 3089 1029 3181; x_wconf 85' lang='grc' dir='ltr'><strong><em>κολασθήσεσθαι</em></strong></span> <span class='ocrx_word' id='word_1_238' title='bbox 1061 3095 1122 3179; x_wconf 74' lang='grc' dir='ltr'><strong><em>μέν</em></strong></span> <span class='ocrx_word' id='word_1_239' title='bbox 1151 3094 1207 3161; x_wconf 78' lang='grc' dir='ltr'><strong><em>ἐπὶ</em></strong></span> <span class='ocrx_word' id='word_1_240' title='bbox 1237 3107 1311 3171; x_wconf 90' lang='grc' dir='ltr'><strong><em>τοῖς</em></strong></span> <span class='ocrx_word' id='word_1_241' title='bbox 1340 3084 1528 3177; x_wconf 85' lang='grc' dir='ltr'><strong><em>άμαρτανο-</em></strong></span> 
     </span>
     <span class='ocr_line' id='line_1_27' title="bbox 220 3183 1528 3283; baseline -0.005 -20"><span class='ocrx_word' id='word_1_242' title='bbox 220 3199 334 3282; x_wconf 89' lang='grc' dir='ltr'><strong><em>μένοις</em></strong></span> <span class='ocrx_word' id='word_1_243' title='bbox 365 3188 575 3283; x_wconf 75' lang='grc' dir='ltr'><strong><em>ἀχθήσεσθαι</em></strong></span> <span class='ocrx_word' id='word_1_244' title='bbox 605 3199 641 3264; x_wconf 76' lang='grc' dir='ltr'><strong><em>δὲ</em></strong></span> <span class='ocrx_word' id='word_1_245' title='bbox 671 3188 841 3280; x_wconf 89' lang='grc' dir='ltr'><strong><em>άνάλογον</em></strong></span> <span class='ocrx_word' id='word_1_246' title='bbox 871 3209 944 3274; x_wconf 93' lang='grc' dir='ltr'><strong><em>τοῖς</em></strong></span> <span class='ocrx_word' id='word_1_247' title='bbox 975 3199 1253 3279; x_wconf 87' lang='grc' dir='ltr'><strong><em>κατορθωθεῑσιν</em></strong></span> <span class='ocrx_word' id='word_1_248' title='bbox 1278 3183 1299 3276; x_wconf 83' lang='grc' dir='ltr'>ἢ</span> <span class='ocrx_word' id='word_1_249' title='bbox 1325 3205 1399 3270; x_wconf 90' lang='grc' dir='ltr'><strong><em>τοῖς</em></strong></span> <span class='ocrx_word' id='word_1_250' title='bbox 1423 3196 1528 3278; x_wconf 88' lang='grc' dir='ltr'><strong><em>καθη-</em></strong></span> 
     </span>
     <span class='ocr_line' id='line_1_28' title="bbox 220 3286 1528 3377; baseline -0.004 -14"><span class='ocrx_word' id='word_1_251' title='bbox 220 3289 355 3375; x_wconf 90' lang='grc' dir='ltr'><strong><em>κόντως</em></strong></span> <span class='ocrx_word' id='word_1_252' title='bbox 377 3287 598 3363; x_wconf 83' lang='grc' dir='ltr'><strong><em>άποδοθεῖσιν</em></strong></span> <span class='ocrx_word' id='word_1_253' title='bbox 612 3287 680 3364; x_wconf 79' lang='grc' dir='ltr'><strong><em>άπὸ</em></strong></span> <span class='ocrx_word' id='word_1_254' title='bbox 696 3297 760 3362; x_wconf 83' lang='grc' dir='ltr'><strong><em>τοῦ</em></strong></span> <span class='ocrx_word' id='word_1_255' title='bbox 775 3286 849 3361; x_wconf 78' lang='grc' dir='ltr'><strong><em>κατ’</em></strong></span> <span class='ocrx_word' id='word_1_256' title='bbox 866 3286 962 3377; x_wconf 77' lang='grc' dir='ltr'><strong><em>άξίαν</em></strong></span> <span class='ocrx_word' id='word_1_257' title='bbox 977 3290 1121 3361; x_wconf 73' lang='grc' dir='ltr'><strong><em>ἕκαστον</em></strong></span> <span class='ocrx_word' id='word_1_258' title='bbox 1136 3293 1402 3377; x_wconf 85' lang='grc' dir='ltr'><strong><em>σίκονομοῦντος</em></strong></span> <span class='ocrx_word' id='word_1_259' title='bbox 1416 3291 1470 3357; x_wconf 86' lang='grc' dir='ltr'><strong><em>έπί</em></strong></span> <span class='ocrx_word' id='word_1_260' title='bbox 1486 3289 1528 3358; x_wconf 89' lang='grc' dir='ltr'><strong><em>τά</em></strong></span> 
     </span>
    </p>
   </div>
   <div class='ocr_carea' id='block_1_4' title="bbox 308 3458 1150 3530">
    <p class='ocr_par' dir='ltr' id='par_1_6' title="bbox 308 3458 1150 3530">
     <span class='ocr_line' id='line_1_29' title="bbox 308 3458 1150 3530; baseline -0.006 -13"><span class='ocrx_word' id='word_1_261' title='bbox 308 3461 345 3517; x_wconf 85' lang='grc'><strong><em>18</em></strong></span> <span class='ocrx_word' id='word_1_262' title='bbox 364 3461 427 3530; x_wconf 84' lang='lat' dir='ltr'>Vgl.</span> <span class='ocrx_word' id='word_1_263' title='bbox 446 3461 517 3515; x_wconf 81' lang='lat' dir='ltr'>oben</span> <span class='ocrx_word' id='word_1_264' title='bbox 535 3462 548 3515; x_wconf 96' lang='grc' dir='ltr'>Ι</span> <span class='ocrx_word' id='word_1_265' title='bbox 566 3461 608 3528; x_wconf 84' lang='grc'><strong><em>23,</em></strong></span> <span class='ocrx_word' id='word_1_266' title='bbox 625 3462 638 3514; x_wconf 93' lang='grc' dir='ltr'>Ι</span> <span class='ocrx_word' id='word_1_267' title='bbox 656 3463 689 3516; x_wconf 81' lang='grc'><strong><em>73</em></strong></span> <span class='ocrx_word' id='word_1_268' title='bbox 706 3461 733 3514; x_wconf 90' lang='grc' dir='ltr'><strong><em>Ζ.</em></strong></span> <span class='ocrx_word' id='word_1_269' title='bbox 751 3459 821 3516; x_wconf 83' lang='lat' dir='ltr'>26ff.</span> <span class='ocrx_word' id='word_1_270' title='bbox 848 3459 887 3514; x_wconf 84' lang='lat' dir='ltr'><strong><em>vl</em></strong></span> <span class='ocrx_word' id='word_1_271' title='bbox 905 3461 947 3526; x_wconf 67' lang='grc' dir='ltr'><strong><em>θλ,</em></strong></span> <span class='ocrx_word' id='word_1_272' title='bbox 965 3460 991 3515; x_wconf 86' lang='lat' dir='ltr'><strong><em>S.</em></strong></span> <span class='ocrx_word' id='word_1_273' title='bbox 1009 3461 1043 3514; x_wconf 88' lang='grc'><strong><em>92</em></strong></span> <span class='ocrx_word' id='word_1_274' title='bbox 1061 3459 1087 3514; x_wconf 89' lang='grc' dir='ltr'><strong><em>Ζ.</em></strong></span> <span class='ocrx_word' id='word_1_275' title='bbox 1106 3458 1150 3514; x_wconf 87' lang='lat' dir='ltr'><strong><em>3f.</em></strong></span> 
     </span>
    </p>
   </div>
   <div class='ocr_carea' id='block_1_5' title="bbox 218 3605 1530 4779">
    <p class='ocr_par' dir='ltr' id='par_1_7' title="bbox 218 3605 1530 4779">
     <span class='ocr_line' id='line_1_30' title="bbox 306 3605 1530 3681; baseline -0.007 -13"><span class='ocrx_word' id='word_1_276' title='bbox 306 3614 324 3668; x_wconf 83' lang='lat'><strong>8</strong></span> <span class='ocrx_word' id='word_1_277' title='bbox 352 3605 478 3681; x_wconf 77' lang='grc' dir='ltr'><strong><em>εὐσεβεῖς</em></strong></span> <span class='ocrx_word' id='word_1_278' title='bbox 503 3612 554 3667; x_wconf 72' lang='lat' dir='ltr'><strong><em>Hb.</em></strong></span> <span class='ocrx_word' id='word_1_279' title='bbox 576 3629 622 3666; x_wconf 73' lang='lat' dir='ltr'><strong><em>am</em></strong></span> <span class='ocrx_word' id='word_1_280' title='bbox 648 3611 739 3678; x_wconf 73' lang='lat' dir='ltr'>Rand,</span> <span class='ocrx_word' id='word_1_281' title='bbox 766 3610 810 3680; x_wconf 85' lang='lat' dir='ltr'><strong><em>Sp.</em></strong></span> <span class='ocrx_word' id='word_1_282' title='bbox 820 3610 879 3665; x_wconf 82' lang='lat' dir='ltr'>Del.</span> <span class='ocrx_word' id='word_1_283' title='bbox 906 3610 944 3663; x_wconf 89' lang='lat' dir='ltr'><strong><em>im</em></strong></span> <span class='ocrx_word' id='word_1_284' title='bbox 970 3609 1052 3674; x_wconf 80' lang='lat' dir='ltr'>Text;</span> <span class='ocrx_word' id='word_1_285' title='bbox 1079 3605 1193 3681; x_wconf 81' lang='grc' dir='ltr'><strong><em>ἀσεβεῖς</em></strong></span> <span class='ocrx_word' id='word_1_286' title='bbox 1213 3613 1238 3664; x_wconf 83' lang='grc' dir='ltr'>Α</span> <span class='ocrx_word' id='word_1_287' title='bbox 1261 3609 1267 3677; x_wconf 94' lang='grc' dir='ltr'>Ι</span> <span class='ocrx_word' id='word_1_288' title='bbox 1292 3610 1330 3666; x_wconf 79' lang='grc'><strong><em>16</em></strong></span> <span class='ocrx_word' id='word_1_289' title='bbox 1356 3610 1454 3663; x_wconf 82' lang='grc' dir='ltr'><strong><em>καλῶν</em></strong></span> <span class='ocrx_word' id='word_1_290' title='bbox 1480 3607 1530 3663; x_wconf 86' lang='grc' dir='ltr'><strong><em>καί</em></strong></span> 
     </span>
     <span class='ocr_line' id='line_1_31' title="bbox 220 3685 1529 3768; baseline -0.005 -16"><span class='ocrx_word' id='word_1_291' title='bbox 220 3696 349 3768; x_wconf 80' lang='grc' dir='ltr'><strong><em>αἰσχρῶν</em></strong></span> <span class='ocrx_word' id='word_1_292' title='bbox 370 3699 420 3752; x_wconf 89' lang='grc' dir='ltr'><strong><em>καί</em></strong></span> <span class='ocrx_word' id='word_1_293' title='bbox 442 3697 559 3752; x_wconf 86' lang='grc' dir='ltr'><strong><em>δικαίων</em></strong></span> <span class='ocrx_word' id='word_1_294' title='bbox 580 3697 605 3750; x_wconf 78' lang='grc' dir='ltr'><strong>Α</strong></span> <span class='ocrx_word' id='word_1_295' title='bbox 627 3698 725 3751; x_wconf 84' lang='grc' dir='ltr'><strong><em>καλῶν</em></strong></span> <span class='ocrx_word' id='word_1_296' title='bbox 745 3697 796 3750; x_wconf 84' lang='grc' dir='ltr'><strong><em>καί</em></strong></span> <span class='ocrx_word' id='word_1_297' title='bbox 815 3696 933 3750; x_wconf 87' lang='grc' dir='ltr'><strong><em>δικαίων</em></strong></span> <span class='ocrx_word' id='word_1_298' title='bbox 954 3696 1004 3749; x_wconf 88' lang='grc' dir='ltr'><strong><em>καί</em></strong></span> <span class='ocrx_word' id='word_1_299' title='bbox 1028 3693 1157 3766; x_wconf 83' lang='grc' dir='ltr'><strong><em>αἰσχρῶν</em></strong></span> <span class='ocrx_word' id='word_1_300' title='bbox 1175 3695 1277 3763; x_wconf 81' lang='lat' dir='ltr'>Ausgg.</span> <span class='ocrx_word' id='word_1_301' title='bbox 1301 3695 1306 3760; x_wconf 92' lang='grc' dir='ltr'>Ι</span> <span class='ocrx_word' id='word_1_302' title='bbox 1331 3693 1394 3762; x_wconf 81' lang='grc' dir='ltr'><strong><em>(καὶ</em></strong></span> <span class='ocrx_word' id='word_1_303' title='bbox 1411 3685 1529 3760; x_wconf 72' lang='grc' dir='ltr'><strong><em>ἀδίκων)</em></strong></span> 
     </span>
     <span class='ocr_line' id='line_1_32' title="bbox 220 3775 1526 3850; baseline -0.004 -16"><span class='ocrx_word' id='word_1_304' title='bbox 220 3782 285 3850; x_wconf 79' lang='lat' dir='ltr'><strong><em>ffige</em></strong></span> <span class='ocrx_word' id='word_1_305' title='bbox 303 3781 357 3847; x_wconf 77' lang='lat' dir='ltr'>ioh,</span> <span class='ocrx_word' id='word_1_306' title='bbox 376 3781 414 3834; x_wconf 74' lang='lat' dir='ltr'><strong><em>da</em></strong></span> <span class='ocrx_word' id='word_1_307' title='bbox 431 3781 480 3836; x_wconf 86' lang='lat' dir='ltr'><strong><em>der</em></strong></span> <span class='ocrx_word' id='word_1_308' title='bbox 497 3782 651 3850; x_wconf 76' lang='lat' dir='ltr'>Gegensatz</span> <span class='ocrx_word' id='word_1_309' title='bbox 670 3799 703 3834; x_wconf 84' lang='lat' dir='ltr'><strong><em>zu</em></strong></span> <span class='ocrx_word' id='word_1_310' title='bbox 721 3779 838 3835; x_wconf 85' lang='grc' dir='ltr'><strong><em>δικαίων</em></strong></span> <span class='ocrx_word' id='word_1_311' title='bbox 855 3782 931 3834; x_wconf 74' lang='lat' dir='ltr'><strong>sonet</strong></span> <span class='ocrx_word' id='word_1_312' title='bbox 948 3779 1076 3834; x_wconf 72' lang='lat' dir='ltr'><strong>verminat</strong></span> <span class='ocrx_word' id='word_1_313' title='bbox 1092 3777 1194 3842; x_wconf 64' lang='lat' dir='ltr'>winde,</span> <span class='ocrx_word' id='word_1_314' title='bbox 1213 3778 1265 3832; x_wconf 77' lang='lat' dir='ltr'><strong><em>mit</em></strong></span> <span class='ocrx_word' id='word_1_315' title='bbox 1282 3777 1336 3832; x_wconf 82' lang='lat' dir='ltr'><strong><em>den</em></strong></span> <span class='ocrx_word' id='word_1_316' title='bbox 1348 3781 1452 3847; x_wconf 80' lang='lat' dir='ltr'>Ausgg.</span> <span class='ocrx_word' id='word_1_317' title='bbox 1464 3775 1509 3831; x_wconf 86' lang='lat' dir='ltr'><strong><em>ein</em></strong></span> <span class='ocrx_word' id='word_1_318' title='bbox 1524 3779 1526 3843; x_wconf 85' lang='grc' dir='ltr'>Ι</span> 
     </span>
     <span class='ocr_line' id='line_1_33' title="bbox 221 3857 1528 3936; baseline -0.003 -16"><span class='ocrx_word' id='word_1_319' title='bbox 221 3867 258 3922; x_wconf 74' lang='lat'><strong><em>17</em></strong></span> <span class='ocrx_word' id='word_1_320' title='bbox 279 3859 489 3921; x_wconf 86' lang='grc' dir='ltr'><strong><em>αἰπολωλεκότα</em></strong></span> <span class='ocrx_word' id='word_1_321' title='bbox 507 3867 532 3919; x_wconf 87' lang='grc' dir='ltr'><strong>Α</strong></span> <span class='ocrx_word' id='word_1_322' title='bbox 551 3859 777 3929; x_wconf 84' lang='grc' dir='ltr'><strong><em>αἰπολωλεκότας</em></strong></span> <span class='ocrx_word' id='word_1_323' title='bbox 794 3863 821 3916; x_wconf 85' lang='lat' dir='ltr'>M</span> <span class='ocrx_word' id='word_1_324' title='bbox 827 3866 930 3935; x_wconf 79' lang='lat' dir='ltr'>Ausgg.</span> <span class='ocrx_word' id='word_1_325' title='bbox 947 3865 951 3934; x_wconf 96' lang='grc' dir='ltr'>Ι</span> <span class='ocrx_word' id='word_1_326' title='bbox 973 3865 1012 3920; x_wconf 86' lang='grc'><strong><em>19</em></strong></span> <span class='ocrx_word' id='word_1_327' title='bbox 1032 3857 1160 3936; x_wconf 82' lang='grc' dir='ltr'><strong><em>οὐρανοῦ</em></strong></span> <span class='ocrx_word' id='word_1_328' title='bbox 1176 3863 1227 3916; x_wconf 71' lang='lat' dir='ltr'><strong><em>Hb.</em></strong></span> <span class='ocrx_word' id='word_1_329' title='bbox 1246 3880 1291 3917; x_wconf 80' lang='lat' dir='ltr'><strong><em>am</em></strong></span> <span class='ocrx_word' id='word_1_330' title='bbox 1311 3863 1397 3928; x_wconf 83' lang='lat' dir='ltr'><strong>Rand,</strong></span> <span class='ocrx_word' id='word_1_331' title='bbox 1415 3861 1459 3932; x_wconf 88' lang='lat' dir='ltr'><strong><em>Sp.</em></strong></span> <span class='ocrx_word' id='word_1_332' title='bbox 1469 3861 1528 3916; x_wconf 81' lang='lat' dir='ltr'>Del.</span> 
     </span>
     <span class='ocr_line' id='line_1_34' title="bbox 219 3942 1527 4021; baseline -0.003 -18"><span class='ocrx_word' id='word_1_333' title='bbox 219 3949 258 4003; x_wconf 90' lang='lat' dir='ltr'><strong><em>im</em></strong></span> <span class='ocrx_word' id='word_1_334' title='bbox 275 3949 357 4012; x_wconf 79' lang='lat' dir='ltr'>Text3</span> <span class='ocrx_word' id='word_1_335' title='bbox 386 3943 503 4021; x_wconf 81' lang='grc' dir='ltr'><strong><em>οὖραναῖ</em></strong></span> <span class='ocrx_word' id='word_1_336' title='bbox 520 3953 545 4005; x_wconf 87' lang='lat' dir='ltr'>A</span> <span class='ocrx_word' id='word_1_337' title='bbox 568 3952 573 4020; x_wconf 93' lang='grc' dir='ltr'>Ι</span> <span class='ocrx_word' id='word_1_338' title='bbox 597 3950 635 4006; x_wconf 76' lang='grc'><strong><em>21</em></strong></span> <span class='ocrx_word' id='word_1_339' title='bbox 665 3943 760 4019; x_wconf 86' lang='grc' dir='ltr'><strong><em>α’έρων</em></strong></span> <span class='ocrx_word' id='word_1_340' title='bbox 782 3949 841 4019; x_wconf 88' lang='grc' dir='ltr'><strong><em>καί]</em></strong></span> <span class='ocrx_word' id='word_1_341' title='bbox 865 3942 951 4021; x_wconf 76' lang='grc' dir='ltr'><strong><em>δρῶν</em></strong></span> <span class='ocrx_word' id='word_1_342' title='bbox 973 3949 1038 4003; x_wconf 74' lang='lat' dir='ltr'>lieet</span> <span class='ocrx_word' id='word_1_343' title='bbox 1059 3948 1106 4003; x_wconf 89' lang='grc' dir='ltr'><strong><em>Βο.</em></strong></span> <span class='ocrx_word' id='word_1_344' title='bbox 1126 3947 1223 4018; x_wconf 72' lang='lat' dir='ltr'><strong>(Notae</strong></span> <span class='ocrx_word' id='word_1_345' title='bbox 1240 3965 1266 4018; x_wconf 86' lang='lat' dir='ltr'><strong><em>p.</em></strong></span> <span class='ocrx_word' id='word_1_346' title='bbox 1282 3948 1344 4016; x_wconf 81' lang='lat'>407)</span> <span class='ocrx_word' id='word_1_347' title='bbox 1366 3945 1505 4015; x_wconf 69' lang='lat' dir='ltr'><strong>unriehhig</strong></span> <span class='ocrx_word' id='word_1_348' title='bbox 1524 3947 1527 4015; x_wconf 95' lang='grc' dir='ltr'>Ι</span> 
     </span>
     <span class='ocr_line' id='line_1_35' title="bbox 219 4026 1527 4104; baseline -0.005 -14"><span class='ocrx_word' id='word_1_349' title='bbox 219 4033 258 4090; x_wconf 75' lang='lat'><strong><em>25</em></strong></span> <span class='ocrx_word' id='word_1_350' title='bbox 276 4028 531 4104; x_wconf 85' lang='grc' dir='ltr'><strong><em>κολασθήσεσθαι]</em></strong></span> <span class='ocrx_word' id='word_1_351' title='bbox 549 4053 567 4089; x_wconf 90' lang='grc' dir='ltr'><strong><em>κ</em></strong></span> <span class='ocrx_word' id='word_1_352' title='bbox 585 4051 634 4088; x_wconf 75' lang='lat' dir='ltr'><strong><em>aus</em></strong></span> <span class='ocrx_word' id='word_1_353' title='bbox 652 4037 669 4088; x_wconf 91' lang='grc' dir='ltr'><strong><em>λ</em></strong></span> <span class='ocrx_word' id='word_1_354' title='bbox 686 4050 754 4090; x_wconf 82' lang='lat' dir='ltr'>corr.</span> <span class='ocrx_word' id='word_1_355' title='bbox 773 4035 797 4087; x_wconf 82' lang='lat' dir='ltr'>A</span> <span class='ocrx_word' id='word_1_356' title='bbox 821 4035 825 4102; x_wconf 92' lang='grc' dir='ltr'>Ι</span> <span class='ocrx_word' id='word_1_357' title='bbox 849 4033 886 4089; x_wconf 74' lang='grc'><strong><em>27</em></strong></span> <span class='ocrx_word' id='word_1_358' title='bbox 917 4029 1114 4102; x_wconf 78' lang='grc' dir='ltr'><strong><em>ἀτισδσθεῖσιν]</em></strong></span> <span class='ocrx_word' id='word_1_359' title='bbox 1138 4029 1310 4087; x_wconf 81' lang='grc' dir='ltr'><strong><em>οἰιιοδοθεῖσι</em></strong></span> <span class='ocrx_word' id='word_1_360' title='bbox 1328 4026 1428 4102; x_wconf 83' lang='grc' dir='ltr'><strong><em>λόγοις</em></strong></span> <span class='ocrx_word' id='word_1_361' title='bbox 1444 4029 1504 4084; x_wconf 87' lang='lat' dir='ltr'>Del.</span> <span class='ocrx_word' id='word_1_362' title='bbox 1524 4031 1527 4098; x_wconf 92' lang='grc' dir='ltr'>Ι</span> 
     </span>
     <span class='ocr_line' id='line_1_36' title="bbox 219 4109 1529 4190; baseline -0.003 -17"><span class='ocrx_word' id='word_1_363' title='bbox 219 4113 265 4174; x_wconf 76' lang='grc' dir='ltr'><strong><em>ἐπὶ</em></strong></span> <span class='ocrx_word' id='word_1_364' title='bbox 292 4115 328 4172; x_wconf 80' lang='grc' dir='ltr'><strong><em>τὰ</em></strong></span> <span class='ocrx_word' id='word_1_365' title='bbox 356 4112 503 4187; x_wconf 70' lang='grc' dir='ltr'><strong><em>ἀνάλογον</em></strong></span> <span class='ocrx_word' id='word_1_366' title='bbox 528 4125 588 4182; x_wconf 89' lang='grc' dir='ltr'><strong><em>τοῖς</em></strong></span> <span class='ocrx_word' id='word_1_367' title='bbox 612 4121 846 4188; x_wconf 78' lang='grc' dir='ltr'><strong><em>κατορθωθεῖσα</em></strong></span> <span class='ocrx_word' id='word_1_368' title='bbox 865 4112 882 4187; x_wconf 82' lang='grc' dir='ltr'><strong><em>ἢ</em></strong></span> <span class='ocrx_word' id='word_1_369' title='bbox 906 4115 1095 4190; x_wconf 77' lang='grc' dir='ltr'><strong><em>καθηκόντως</em></strong></span> <span class='ocrx_word' id='word_1_370' title='bbox 1112 4109 1301 4171; x_wconf 87' lang='grc' dir='ltr'><strong><em>α’ποδοθεῖσιν</em></strong></span> <span class='ocrx_word' id='word_1_371' title='bbox 1312 4109 1409 4188; x_wconf 73' lang='grc' dir='ltr'><strong><em>ἔργοις</em></strong></span> <span class='ocrx_word' id='word_1_372' title='bbox 1429 4111 1529 4186; x_wconf 76' lang='grc' dir='ltr'><strong><em>(γέρα)</em></strong></span> 
     </span>
     <span class='ocr_line' id='line_1_37' title="bbox 218 4198 1530 4272; baseline -0.002 -15"><span class='ocrx_word' id='word_1_373' title='bbox 218 4202 343 4257; x_wconf 75' lang='lat' dir='ltr'><strong>schreibe</strong></span> <span class='ocrx_word' id='word_1_374' title='bbox 361 4202 419 4270; x_wconf 85' lang='lat' dir='ltr'><strong>ich,</strong></span> <span class='ocrx_word' id='word_1_375' title='bbox 437 4203 493 4271; x_wconf 78' lang='lat' dir='ltr'>vgl.</span> <span class='ocrx_word' id='word_1_376' title='bbox 512 4221 545 4256; x_wconf 81' lang='lat' dir='ltr'><strong><em>zu</em></strong></span> <span class='ocrx_word' id='word_1_377' title='bbox 563 4203 612 4257; x_wconf 80' lang='lat' dir='ltr'><strong><em>der</em></strong></span> <span class='ocrx_word' id='word_1_378' title='bbox 628 4219 734 4271; x_wconf 78' lang='lat' dir='ltr'><strong>ganzen</strong></span> <span class='ocrx_word' id='word_1_379' title='bbox 753 4203 836 4258; x_wconf 73' lang='lat' dir='ltr'><strong>Stella</strong></span> <span class='ocrx_word' id='word_1_380' title='bbox 853 4203 911 4256; x_wconf 89' lang='lat' dir='ltr'><strong><em>und</em></strong></span> <span class='ocrx_word' id='word_1_381' title='bbox 928 4202 1076 4256; x_wconf 77' lang='lat' dir='ltr'>besonders</span> <span class='ocrx_word' id='word_1_382' title='bbox 1089 4219 1124 4254; x_wconf 78' lang='lat' dir='ltr'><strong><em>zu</em></strong></span> <span class='ocrx_word' id='word_1_383' title='bbox 1137 4199 1239 4272; x_wconf 84' lang='grc' dir='ltr'><strong><em>&lt;γέρα&gt;</em></strong></span> <span class='ocrx_word' id='word_1_384' title='bbox 1253 4199 1324 4254; x_wconf 81' lang='lat' dir='ltr'>oben</span> <span class='ocrx_word' id='word_1_385' title='bbox 1337 4200 1375 4254; x_wconf 91' lang='lat' dir='ltr'><strong><em>VI</em></strong></span> <span class='ocrx_word' id='word_1_386' title='bbox 1386 4201 1428 4262; x_wconf 76' lang='lat'><strong><em>55,</em></strong></span> <span class='ocrx_word' id='word_1_387' title='bbox 1441 4198 1466 4254; x_wconf 87' lang='lat' dir='ltr'><strong><em>S.</em></strong></span> <span class='ocrx_word' id='word_1_388' title='bbox 1479 4199 1530 4255; x_wconf 84' lang='lat'><strong><em>126</em></strong></span> 
     </span>
     <span class='ocr_line' id='line_1_38' title="bbox 218 4277 1529 4357; baseline -0.002 -17"><span class='ocrx_word' id='word_1_389' title='bbox 218 4287 245 4340; x_wconf 88' lang='lat' dir='ltr'><strong><em>Z.</em></strong></span> <span class='ocrx_word' id='word_1_390' title='bbox 259 4287 326 4341; x_wconf 81' lang='lat' dir='ltr'>12ff.</span> <span class='ocrx_word' id='word_1_391' title='bbox 344 4285 409 4340; x_wconf 87' lang='lat' dir='ltr'>VIII</span> <span class='ocrx_word' id='word_1_392' title='bbox 421 4288 463 4355; x_wconf 73' lang='lat'><strong><em>48,</em></strong></span> <span class='ocrx_word' id='word_1_393' title='bbox 479 4287 504 4340; x_wconf 85' lang='lat' dir='ltr'><strong><em>S.</em></strong></span> <span class='ocrx_word' id='word_1_394' title='bbox 518 4288 568 4342; x_wconf 87' lang='grc'><strong><em>263</em></strong></span> <span class='ocrx_word' id='word_1_395' title='bbox 585 4287 611 4341; x_wconf 88' lang='grc' dir='ltr'><strong><em>Ζ.</em></strong></span> <span class='ocrx_word' id='word_1_396' title='bbox 624 4289 725 4342; x_wconf 87' lang='grc'>14-16</span> <span class='ocrx_word' id='word_1_397' title='bbox 741 4305 767 4342; x_wconf 91' lang='lat' dir='ltr'><strong><em>u.</em></strong></span> <span class='ocrx_word' id='word_1_398' title='bbox 781 4305 815 4341; x_wconf 85' lang='lat' dir='ltr'><strong><em>zu</em></strong></span> <span class='ocrx_word' id='word_1_399' title='bbox 833 4280 980 4357; x_wconf 84' lang='grc' dir='ltr'><strong><em>οἰνάλογον</em></strong></span> <span class='ocrx_word' id='word_1_400' title='bbox 997 4285 1068 4341; x_wconf 85' lang='lat' dir='ltr'>oben</span> <span class='ocrx_word' id='word_1_401' title='bbox 1086 4284 1124 4338; x_wconf 90' lang='lat' dir='ltr'><strong><em>VI</em></strong></span> <span class='ocrx_word' id='word_1_402' title='bbox 1136 4287 1170 4340; x_wconf 82' lang='lat'><strong><em>34</em></strong></span> <span class='ocrx_word' id='word_1_403' title='bbox 1189 4303 1213 4341; x_wconf 79' lang='lat' dir='ltr'><strong><em>a.</em></strong></span> <span class='ocrx_word' id='word_1_404' title='bbox 1226 4289 1258 4340; x_wconf 66' lang='lat' dir='ltr'><strong><em>L</em></strong></span> <span class='ocrx_word' id='word_1_405' title='bbox 1277 4285 1310 4339; x_wconf 81' lang='grc'><strong><em>79</em></strong></span> <span class='ocrx_word' id='word_1_406' title='bbox 1323 4301 1347 4338; x_wconf 82' lang='grc' dir='ltr'><strong><em>α.</em></strong></span> <span class='ocrx_word' id='word_1_407' title='bbox 1360 4287 1404 4347; x_wconf 79' lang='grc' dir='ltr'><strong><em>Δ.;</em></strong></span> <span class='ocrx_word' id='word_1_408' title='bbox 1431 4277 1529 4338; x_wconf 72' lang='grc' dir='ltr'><strong><em>ἔπειτα</em></strong></span> 
     </span>
     <span class='ocr_line' id='line_1_39' title="bbox 219 4364 1529 4443; baseline -0.004 -17"><span class='ocrx_word' id='word_1_409' title='bbox 219 4365 367 4441; x_wconf 81' lang='grc' dir='ltr'><strong><em>άνάλσγον</em></strong></span> <span class='ocrx_word' id='word_1_410' title='bbox 385 4379 446 4436; x_wconf 88' lang='grc' dir='ltr'><strong><em>τοῖς</em></strong></span> <span class='ocrx_word' id='word_1_411' title='bbox 462 4373 698 4442; x_wconf 76' lang='grc' dir='ltr'><strong><em>κατορθωθεῖσα</em></strong></span> <span class='ocrx_word' id='word_1_412' title='bbox 711 4365 728 4440; x_wconf 80' lang='grc' dir='ltr'>ἢ</span> <span class='ocrx_word' id='word_1_413' title='bbox 744 4365 932 4443; x_wconf 82' lang='grc' dir='ltr'><strong><em>καθηκόντως</em></strong></span> <span class='ocrx_word' id='word_1_414' title='bbox 944 4364 1134 4426; x_wconf 84' lang='grc' dir='ltr'><strong><em>άπαδαθεῖσιν</em></strong></span> <span class='ocrx_word' id='word_1_415' title='bbox 1145 4364 1243 4440; x_wconf 75' lang='grc' dir='ltr'><strong><em>ἔργοις</em></strong></span> <span class='ocrx_word' id='word_1_416' title='bbox 1253 4368 1393 4440; x_wconf 80' lang='grc' dir='ltr'><strong><em>ΑΗδ.8ρ,,</em></strong></span> <span class='ocrx_word' id='word_1_417' title='bbox 1404 4368 1529 4438; x_wconf 75' lang='lat' dir='ltr'>dagegen</span> 
     </span>
     <span class='ocr_line' id='line_1_40' title="bbox 218 4453 1527 4525; baseline -0.004 -15"><span class='ocrx_word' id='word_1_418' title='bbox 218 4456 284 4524; x_wconf 79' lang='lat' dir='ltr'><strong>tilgt</strong></span> <span class='ocrx_word' id='word_1_419' title='bbox 302 4457 360 4510; x_wconf 81' lang='lat' dir='ltr'>Del.</span> <span class='ocrx_word' id='word_1_420' title='bbox 380 4457 466 4525; x_wconf 79' lang='lat'>(1780</span> <span class='ocrx_word' id='word_1_421' title='bbox 477 4459 559 4511; x_wconf 81' lang='lat' dir='ltr'>Anm.</span> <span class='ocrx_word' id='word_1_422' title='bbox 571 4457 600 4522; x_wconf 88' lang='lat' dir='ltr'><strong><em>d)</em></strong></span> <span class='ocrx_word' id='word_1_423' title='bbox 618 4456 693 4511; x_wconf 81' lang='lat' dir='ltr'><strong>diese</strong></span> <span class='ocrx_word' id='word_1_424' title='bbox 709 4455 806 4511; x_wconf 76' lang='lat' dir='ltr'><strong>Worte</strong></span> <span class='ocrx_word' id='word_1_425' title='bbox 823 4455 896 4510; x_wconf 80' lang='lat' dir='ltr'><strong>nach</strong></span> <span class='ocrx_word' id='word_1_426' title='bbox 913 4455 975 4509; x_wconf 84' lang='lat' dir='ltr'><strong><em>dem</em></strong></span> <span class='ocrx_word' id='word_1_427' title='bbox 989 4454 1121 4525; x_wconf 78' lang='lat' dir='ltr'>Vorgang</span> <span class='ocrx_word' id='word_1_428' title='bbox 1137 4472 1193 4510; x_wconf 63' lang='lat' dir='ltr'><strong>&#39;von</strong></span> <span class='ocrx_word' id='word_1_429' title='bbox 1210 4455 1258 4510; x_wconf 91' lang='lat' dir='ltr'><strong><em>Bo.</em></strong></span> <span class='ocrx_word' id='word_1_430' title='bbox 1277 4454 1375 4524; x_wconf 78' lang='lat' dir='ltr'>(Notae</span> <span class='ocrx_word' id='word_1_431' title='bbox 1386 4470 1412 4524; x_wconf 88' lang='lat' dir='ltr'><strong><em>p.</em></strong></span> <span class='ocrx_word' id='word_1_432' title='bbox 1424 4453 1485 4520; x_wconf 73' lang='lat'>407)</span> <span class='ocrx_word' id='word_1_433' title='bbox 1501 4470 1527 4506; x_wconf 91' lang='lat' dir='ltr'><strong><em>u.</em></strong></span> 
     </span>
     <span class='ocr_line' id='line_1_41' title="bbox 219 4539 1529 4610; baseline -0.003 -15"><span class='ocrx_word' id='word_1_434' title='bbox 219 4540 302 4595; x_wconf 76' lang='lat' dir='ltr'>Guiet</span> <span class='ocrx_word' id='word_1_435' title='bbox 319 4541 360 4594; x_wconf 80' lang='grc' dir='ltr'><strong><em>κίε</em></strong></span> <span class='ocrx_word' id='word_1_436' title='bbox 379 4540 440 4595; x_wconf 83' lang='lat' dir='ltr'><strong>eine</strong></span> <span class='ocrx_word' id='word_1_437' title='bbox 459 4558 521 4595; x_wconf 88' lang='lat' dir='ltr'><strong><em>vom</em></strong></span> <span class='ocrx_word' id='word_1_438' title='bbox 539 4541 619 4595; x_wconf 78' lang='lat' dir='ltr'><strong>Rand</strong></span> <span class='ocrx_word' id='word_1_439' title='bbox 636 4541 666 4594; x_wconf 88' lang='lat' dir='ltr'><strong><em>in</em></strong></span> <span class='ocrx_word' id='word_1_440' title='bbox 685 4541 737 4596; x_wconf 81' lang='lat' dir='ltr'><strong><em>den</em></strong></span> <span class='ocrx_word' id='word_1_441' title='bbox 750 4540 820 4596; x_wconf 79' lang='lat' dir='ltr'><strong>Text</strong></span> <span class='ocrx_word' id='word_1_442' title='bbox 836 4539 1012 4610; x_wconf 78' lang='lat' dir='ltr'>gedrungene</span> <span class='ocrx_word' id='word_1_443' title='bbox 1031 4539 1118 4602; x_wconf 74' lang='lat' dir='ltr'>,varia</span> <span class='ocrx_word' id='word_1_444' title='bbox 1129 4539 1234 4603; x_wconf 78' lang='lat' dir='ltr'>lectio‘3</span> <span class='ocrx_word' id='word_1_445' title='bbox 1253 4539 1320 4593; x_wconf 80' lang='lat' dir='ltr'><strong>aber</strong></span> <span class='ocrx_word' id='word_1_446' title='bbox 1331 4539 1382 4592; x_wconf 79' lang='lat' dir='ltr'><strong><em>mit</em></strong></span> <span class='ocrx_word' id='word_1_447' title='bbox 1393 4543 1529 4607; x_wconf 67' lang='lat' dir='ltr'><strong>grbsserer</strong></span> 
     </span>
     <span class='ocr_line' id='line_1_42' title="bbox 218 4614 1528 4693; baseline -0.001 -16"><span class='ocrx_word' id='word_1_448' title='bbox 218 4624 519 4680; x_wconf 75' lang='lat' dir='ltr'><strong>Wahrscheinlichkeit</strong></span> <span class='ocrx_word' id='word_1_449' title='bbox 536 4626 649 4680; x_wconf 79' lang='lat' dir='ltr'>wflrden</span> <span class='ocrx_word' id='word_1_450' title='bbox 666 4626 738 4680; x_wconf 81' lang='lat' dir='ltr'>nach</span> <span class='ocrx_word' id='word_1_451' title='bbox 756 4625 845 4679; x_wconf 80' lang='lat' dir='ltr'>dieser</span> <span class='ocrx_word' id='word_1_452' title='bbox 862 4623 1032 4693; x_wconf 78' lang='lat' dir='ltr'>Auffassung</span> <span class='ocrx_word' id='word_1_453' title='bbox 1050 4623 1095 4678; x_wconf 84' lang='lat' dir='ltr'><strong><em>die</em></strong></span> <span class='ocrx_word' id='word_1_454' title='bbox 1112 4624 1211 4678; x_wconf 82' lang='lat' dir='ltr'>Worte</span> <span class='ocrx_word' id='word_1_455' title='bbox 1232 4614 1528 4693; x_wconf 81' lang='grc' dir='ltr'><strong><em>οἰνάλογσν-δποδσ·</em></strong></span> 
     </span>
     <span class='ocr_line' id='line_1_43' title="bbox 218 4709 833 4779; baseline 0 -15"><span class='ocrx_word' id='word_1_456' title='bbox 218 4712 313 4764; x_wconf 88' lang='grc' dir='ltr'><strong><em>θεῖσιν</em></strong></span> <span class='ocrx_word' id='word_1_457' title='bbox 330 4709 410 4778; x_wconf 88' lang='lat' dir='ltr'>(oben</span> <span class='ocrx_word' id='word_1_458' title='bbox 428 4709 454 4763; x_wconf 87' lang='lat' dir='ltr'><strong><em>Z.</em></strong></span> <span class='ocrx_word' id='word_1_459' title='bbox 472 4711 505 4766; x_wconf 83' lang='lat'><strong><em>26</em></strong></span> <span class='ocrx_word' id='word_1_460' title='bbox 515 4710 544 4779; x_wconf 84' lang='lat' dir='ltr'><strong><em>s.)</em></strong></span> <span class='ocrx_word' id='word_1_461' title='bbox 563 4727 596 4764; x_wconf 85' lang='grc' dir='ltr'><strong><em>κα</em></strong></span> <span class='ocrx_word' id='word_1_462' title='bbox 614 4709 749 4766; x_wconf 76' lang='lat' dir='ltr'>streiohen</span> <span class='ocrx_word' id='word_1_463' title='bbox 768 4709 833 4764; x_wconf 80' lang='lat' dir='ltr'><strong>sein.</strong></span> 
     </span>
    </p>
   </div>
   <div class='ocr_carea' id='block_1_6' title="bbox 0 0 1894 5538">
    <p class='ocr_par' dir='ltr' id='par_1_8' title="bbox 0 0 1894 5538">
     <span class='ocr_line' id='line_1_44' title="bbox 0 0 1894 5538; baseline 0 0"><span class='ocrx_word' id='word_1_464' title='bbox 0 0 1894 5538; x_wconf 95' lang='lat' dir='ltr'><strong><em> </em></strong></span> 
     </span>
    </p>
   </div>
  </div>
 </body>
</html>
