3772 5526
627 476 729 531 κιαι
754 476 915 531 mmor
936 476 961 534 v
986 477 1028 532 29.
1046 477 1087 532 30.
1467 485 1507 546 31

203 647 324 725 σοφίας
349 646 405 709 καὶ
431 643 506 710 τῶν
530 637 619 710 κατὰ
646 638 711 728 τήν
732 638 889 729 σύγχυσιν
915 647 989 710 τῶν
1010 645 1208 724 διαλέκτων,
1230 643 1268 710 ἐν
1289 629 1310 727 ή
1332 644 1507 728 γεγένηται
1526 651 1691 718 11118116

203 733 221 808 ό
255 739 412 828 μερισμός
439 745 513 810 τῶν
548 742 602 808 ἐπὶ
633 745 704 829 τής
738 747 820 829 γῆς,
852 745 997 810 τοιαῦτα
1026 746 1103 828 περὶ
1130 745 1191 829 τῆς
1218 746 1338 826 σοφίας
1367 741 1506 827 εἴρηται·

200 833 309 928 ,αῦτη
337 846 394 909 καί
424 842 461 910 ἐν
491 833 632 930 ὁμονοίᾳ
654 845 819 928 πονηρίας
844 843 981 910 ἐθνῶν
1002 844 1245 928 συγχυθέντων
1266 839 1353 926 ἐγνω
1375 838 1438 909 τὸν
1460 843 1506 907 δί-

199 967 307 1022 καιον,
329 944 385 1010 καὶ
406 936 571 1025 ἐφύλαξεν
592 936 699 1010 αύτὸν
721 932 898 1028 ἄμεμπτον
920 944 972 1028 τῶ
993 944 1066 1029 θεῶ
1087 945 1143 1008 καὶ
1164 943 1221 1010 ἐπὶ
1242 943 1365 1009 τέκνου
1382 933 1507 1024 σπλάγ·

166 1061 182 1116 5
199 1066 292 1126 χνοις
313 1037 449 1128 ἰσχυρὸν
471 1036 642 1125 ἐφύλαξε.α

283 1137 390 1221 πολύς
417 1132 450 1207 δ’
473 1133 492 1210 ό
520 1133 622 1227 λόγος
647 1143 702 1208 καὶ
730 1135 890 1228 μυστικὸς
912 1132 931 1208 ό
954 1143 1031 1225 περὶ
1058 1135 1205 1220 τούτων,
1232 1128 1260 1226 ῶ
1289 1131 1426 1226 ἁρμόζει
1451 1131 1506 1205 τό·

201 1234 408 1326 ,μυστήριον
437 1243 601 1322 βασιλέως
635 1236 796 1326 κρύπτειν
830 1233 976 1308 καλόνίί·
1011 1237 1068 1308 ἵνα
1098 1235 1143 1326 μή
1177 1241 1222 1318 είς
1252 1235 1314 1319 τὰς
1344 1233 1507 1324 τυχούσας

201 1331 304 1418 ἀκοὰς
327 1331 346 1408 ό
368 1344 444 1424 περὶ
466 1345 588 1426 ψυχῶν
610 1333 672 1409 ούκ
692 1342 729 1409 ἐκ
749 1336 1087 1428 μετενσωματῶσεως
1109 1341 1155 1419 εἰς
1177 1342 1273 1424 σῶμα
1295 1340 1507 1424 ἐνδουμένων

201 1433 302 1525 λόγος
332 1438 508 1526 ῥιπτῆιαι,
542 1443 625 1526 μηδὲ
654 1437 697 1508 τὰ
722 1432 798 1524 ἀγια
821 1441 963 1508 διδῶται
984 1453 1078 1520 ,τοῖς
1098 1442 1204 1520 κυσὶ,“
1225 1431 1305 1525 μηδ’
1329 1439 1361 1506 οί
1382 1463 1506 1523 μαργα-

149 1558 183 1614 10
200 1554 289 1624 ριται
321 1533 610 1624 παραβύλλωνται
643 1543 778 1625 χοίροις.
821 1532 935 1619 ἀσεβὲς
965 1534 1027 1625 γὰρ
1058 1533 1099 1606 τὸ
1130 1541 1284 1620 τοιοῦτο,
1319 1540 1506 1624 προδοσίαν

199 1639 356 1722 περιέχον
382 1643 456 1705 τῶν
481 1631 688 1724 ἀπορρήτων
710 1641 771 1723 τῆς
793 1642 856 1705 τοῦ
877 1642 963 1704 θεοῦ
984 1640 1105 1722 σοφίας
1127 1643 1265 1724 λογίων,
1290 1641 1368 1723 περὶ
1390 1625 1429 1724 ής
1450 1661 1507 1704 κα-

200 1742 269 1815 λῶς
288 1738 492 1821 ίγέγραπται·
520 1738 588 1818 ,είς
614 1730 821 1820 κακότεχνον
846 1733 958 1822 ψυχήν
980 1730 1041 1806 ούκ
1063 1733 1280 1806 εἰσελεύσεται
1303 1741 1406 1820 σοφία
1428 1729 1506 1804 ούδὲ

198 1829 391 1922 κατοικήσει
427 1836 464 1903 ἐν
500 1832 631 1921 σῶματι
660 1828 834 1920 κατάχρεῳ
866 1828 1057 1921 ἀμαρτίας.“
1101 1829 1197 1920 ἀρκεῖ
1225 1839 1260 1904 δὲ
1291 1832 1334 1904 τά
1366 1861 1505 1921 κεκρυμ·

199 1937 309 2020 μένως
339 1928 387 2013 ῶς
417 1934 454 2002 ἐν
484 1935 633 2019 ίστορίας
659 1927 781 2018 τρόπῳ
809 1936 964 2020 εἰρημένα
989 1929 1077 2001 κατὰ
1104 1930 1167 2002 τὸν
1188 1938 1249 2020 τῆς
1271 1936 1420 2021 ἱστορίας
1440 1961 1505 2003 πα-

149 2053 182 2106 15
199 2037 361 2120 ραοτήσαι
387 2026 533 2118 τρόπον,
561 2026 601 2100 ἵν’
625 2033 657 2101 οί
679 2027 857 2119 δυνάμενοι
883 2029 1015 2113 ἑαυτοῖς
1043 2027 1330 2118 ἐπεξεργάσωνται
1352 2030 1396 2101 τὰ
1418 2029 1505 2101 κατὰ

199 2129 263 2202 τὸν
284 2126 403 2201 τόπον.
1254 2144 1255 2148 ’

282 2234 377 2298 XXX.
411 2234 635 2300 Νοείσθωσαν
657 2236 776 2300 τοίνυν
798 2226 924 2312 πάντες
945 2233 978 2299 οί
1000 2233 1055 2300 ἐπὶ
1077 2235 1145 2318 γής
1166 2234 1224 2320 μιᾷ
1246 2256 1316 2298 τινι
1338 2233 1505 2318 διαλέκτῳ

199 2336 277 2418 θείᾳ
298 2327 476 2416 χρῶμενοι,
498 2334 552 2396 καὶ
575 2321 658 2399 ὅσον
680 2356 716 2417 γε
737 2334 961 2418 συμφωνοῦσι
982 2327 1070 2418 πρὸς
1088 2325 1256 2418 ἀλλήλους
1271 2333 1505 2417 τηρείσθωσαν

113 2447 182 2502 130γ
199 2432 236 2498 ἐν
267 2435 310 2516 τῇ
341 2434 419 2518 θείᾳ
445 2433 450 2512 Ι
478 2430 657 2516 διαλέκτῳ·
685 2435 741 2498 καί
768 2431 919 2498 ἔστωσαν
941 2422 1098 2516 ἀκίνητοι
1119 2435 1214 2512 ,τῶν
1236 2424 1450 2511 ἀνατολῶν,“
1472 2432 1506 2510 ἐς

147 2546 182 2603 20
200 2521 282 2598 ὅσον
309 2531 369 2596 είσὶ
392 2523 435 2597 τὰ
458 2531 521 2596 τοῦ
543 2524 660 2614 φωτὸς
681 2533 736 2596 καὶ
759 2533 822 2597 τοῦ
840 2522 909 2597 ἀπὸ
931 2524 1070 2613 ,φωτὸς
1092 2522 1222 2598 ἀϊδίου“
1244 2524 1505 2616 ἀπαυγάσματος

200 2632 416 2715 φρονοῦντες.
458 2632 514 2696 καὶ
536 2617 643 2710 οῦτοι,
665 2625 752 2696 ἐπὰν
773 2623 956 2715 κινήσωσιν
977 2622 1068 2710 ,ἀπὸ
1090 2634 1164 2697 τῶν
1183 2633 1188 2713 Ι
1207 2622 1410 2698 ἀνατολῶνί(
1432 2626 1504 2696 ἐαυ·
1522 2645 1573 2700 600

199 2726 280 2808 τούς
314 2721 477 2814 ἀλλότρια
513 2721 740 2812 ,,ἀνατολῶν“
771 2727 994 2815 φρονοῦντες,
1026 2721 1270 2814 εύρισκέτωσαν
1298 2732 1438 2812 ,πεδίον
1468 2731 1505 2797 ἐν

200 2833 240 2915 γῇ
262 2823 450 2913 Σενναάρ,“
472 2818 555 2913 ὅπερ
581 2823 793 2915 ἑρμηνεύεται
819 2820 974 2896 ὀδόντων
1001 2823 1201 2914 ἐκτιναγμὸς
1226 2824 1313 2896 κατὰ
1336 2825 1505 2914 σύμβολον

201 2931 265 2996 τοῦ
286 2920 476 2995 ἀπολλύναι
497 2920 622 3005 αύτούς
643 2923 687 2995 τὰ
710 2920 750 2995 δι’
774 2915 826 2995 ῶν
848 2930 1044 3014 τρέφονται,
1066 2931 1121 2994 καὶ
1142 2932 1413 2996 κατοικείτωσαν
1431 2930 1504 2996 ἐκεί.

148 3033 181 3088 25
200 3024 271 3094 εἶτα
299 3021 341 3094 τὰ
369 3027 430 3111 τῆς
455 3015 538 3111 ύλης
565 3043 762 3113 συναγαγεῖν
784 3029 947 3106 θέλοντες
968 3031 1023 3094 καὶ
1045 3031 1175 3096 κολλᾶν
1196 3023 1239 3094 τὰ
1261 3023 1306 3114 μή
1327 3020 1507 3112 πεφυκότα

284 3234 302 3290 θ
326 3231 430 3286 Weish.
448 3233 502 3286 Sal.
521 3236 562 3296 10,
580 3235 605 3288 5.
627 3264 661 3274 -
686 3236 700 3291 7
720 3235 786 3289 Tob.
805 3236 846 3300 12,
865 3238 889 3290 7.
911 3265 944 3275 -
967 3237 986 3290 9
1005 3234 1068 3304 vgl.
1086 3235 1185 3289 Matth.
1204 3238 1227 3296 7,
1245 3236 1269 3290 6.
1288 3265 1321 3274 -
1345 3233 1382 3288 12
1402 3233 1506 3286 Weish.

199 3320 252 3374 Sal.
272 3323 294 3386 1,
313 3324 337 3374 4.
361 3349 394 3357 —
416 3317 454 3372 12
472 3317 534 3386 vgl.
554 3318 621 3373 Gen.
641 3322 681 3383 11,
698 3319 722 3372 2.
746 3349 779 3358 —
802 3319 842 3375 20
861 3319 923 3389 vgl.
942 3318 1045 3374 Weish.
1064 3318 1117 3374 Sal.
1136 3323 1159 3383 7,
1178 3321 1218 3374 26.
1241 3349 1274 3358 -
1297 3318 1335 3374 21
1356 3317 1419 3386 Vgl.
1438 3318 1506 3372 Gen.

199 3408 240 3470 11,
257 3405 280 3458 2.
298 3433 333 3443 -
351 3403 391 3458 22
414 3402 478 3472 Vgl.
496 3401 672 3457 Onomantica
688 3419 767 3457 ευοιυ
784 3403 825 3458 ed.
841 3404 871 3458 P.
889 3405 923 3458 de
940 3404 1064 3473 Lagarde
1083 3406 1123 3469 10,
1143 3405 1183 3459 16.
1206 3405 1247 3468 56,
1267 3404 1307 3458 19.
1331 3403 1389 3466 204,
1406 3403 1448 3456 42.

283 3579 296 3633 1
322 3564 349 3646 ἦ]
368 3582 392 3632 σ
410 3577 462 3631 pat
476 3577 480 3645 Ι
496 3577 514 3632 ε
533 3583 584 3646 τῆς
600 3579 660 3646 (vor
678 3578 739 3647 γῆς)
756 3587 790 3637 <
807 3577 1033 3634 Ριιοιοουο.
1057 3580 1061 3646 ι
1086 3579 1104 3634 ο
1127 3581 1222 3633 οισι
1244 3577 1292 3647 [so]
1311 3581 1336 3630 A
1356 3579 1360 3644 ι
1380 3576 1400 3632 ι
1418 3571 1505 3644 &m-

198 3665 280 3731 πτον]
300 3657 455 3730 α’μεμπτος
472 3663 524 3716 Ρυλ
544 3665 547 3730 Ι
568 3666 608 3736 τῷ
626 3673 658 3722 <
679 3661 831 3716 ΡαίΒῙΕΗ
846 3663 851 3730 Ι
868 3656 1016 3732 σπλάγχνα
1035 3663 1088 3716 Ροί
1103 3663 1107 3730 Ι
1123 3663 1141 3718 ῦ
1160 3656 1300 3731 ἐφύλαξεν
1317 3661 1395 3715 ΡαίΒ
1411 3662 1415 3730 Ι
1431 3661 1450 3716 δ
1469 3654 1504 3731 δ]

200 3747 229 3803 δὲ
248 3749 274 3801 Φ
298 3749 302 3814 Ι
327 3748 345 3804 8
364 3741 552 3816 ἐνδυομένου]
571 3742 750 3816 ἐνδυομένου
766 3745 878 3800 ΕΗΒο.
898 3745 993 3813 [Notae
1011 3765 1036 3817 p.
1054 3747 1114 3815 390)
1131 3745 1191 3800 Del.
1215 3747 1218 3814 Ι
1243 3747 1262 3801 θ
1281 3742 1423 3817 ῥιπτῆται]
1443 3739 1505 3815 ῥιπ·

197 3855 302 3914 τεῖται,
326 3847 396 3901 doch
418 3865 443 3902 ει
465 3847 495 3900 in
514 3848 667 3912 conentur,
690 3849 715 3900 A
734 3844 873 3920 ριατεῖιαι
892 3841 944 3901 Ρελ
966 3850 970 3915 Ι
994 3849 1117 3917 διδῶται]
1141 3829 1250 3906 δι’·δούαι
1269 3847 1317 3916 [so]
1337 3849 1373 3900 A¹
1392 3827 1506 3903 διδῶῖαι

199 3951 248 3988 aus
270 3933 376 3987 δίδοται
397 3931 463 3986 oder
485 3931 600 3986 δίδοται
622 3948 690 3986 corr.
707 3932 730 3986 Β
749 3933 754 4000 Ι
777 3931 848 4000 τοῖς]
867 3931 1038 3998 ubergeschr.
1056 3935 1091 3985 A¹
1111 3941 1144 3991 <
1164 3933 1191 3986 Φ
1214 3933 1218 4000 Ι
1241 3926 1305 4000 μήδ’
1322 3935 1348 3986 A
1363 3929 1434 4001 μηδὲ
1454 3931 1481 3984 Φ
1500 3933 1503 3998 Ι

198 4017 376 4087 μαργαρίται
395 4019 420 4070 Α
443 4015 447 4084 Ι
468 4016 507 4072 10
525 4033 575 4070 vor
590 4016 703 4086 χαίροις
720 4023 752 4080 4
769 4023 831 4081 ιοῖς
847 4015 1016 4070 ΡοίΟθΕΗ
1039 4018 1043 4084 Ι
1067 4021 1183 4072 τοιοῦτο
1201 4014 1395 4070 APatBCEH
1413 4021 1506 4070 τοιοῦ·

198 4120 251 4157 τον
268 4099 506 4168 MDAusgg.R0b.
527 4103 531 4168 Ι
551 4102 589 4156 11
606 4099 721 4170 λογίων]
740 4095 838 4170 λόγων
855 4099 994 4154 BGDEH
1013 4101 1017 4168 Ι
1039 4101 1077 4156 12
1095 4094 1246 4172 ἁμαρτίας]
1265 4101 1352 4154 Βοιιιιι
1369 4099 1504 4154 zwischen

198 4205 214 4240 τ
236 4203 262 4241 u.
282 4185 293 4238 ί
314 4185 338 4239 A
362 4187 366 4253 Ι
392 4185 429 4240 Ῑθ
457 4180 486 4250 ἐς
507 4174 583 4242 ύσον
604 4183 879 4254 ABCDEHAusgg.
899 4178 1007 4240 έσόσον
1023 4185 1077 4239 Pat
1099 4183 1139 4249 είς
1156 4173 1230 4240 ύσον
1246 4184 1314 4238 Rob.
1339 4187 1344 4253 Ι
1367 4183 1407 4240 20
1434 4181 1506 4239 είσιν

200 4272 254 4325 Ραίι
268 4273 272 4338 Ι
287 4272 338 4325 καί
354 4275 408 4325 τοῦ
425 4260 484 4324 ἀπὸ
503 4261 602 4338 φωτός
618 4278 652 4328 <
668 4269 776 4324 ΡιιΙΟΙ)
792 4271 797 4336 Ι
812 4269 903 4323 hinter
921 4260 978 4323 α’πό
999 4276 1030 4332 -Ι-
1048 4275 1102 4324 τοῦ
1119 4269 1223 4333 BRob.,
1242 4269 1313 4322 doch
1331 4269 1387 4338 vgl.
1401 4268 1504 4324 Weish.

200 4356 255 4410 Sal.
269 4359 292 4418 7,
305 4356 338 4409 26
354 4356 358 4422 Ι
374 4347 472 4422 ἀϊδίου]
491 4345 524 4408 ἀί
538 4353 568 4406 in
587 4353 728 4408 Goneotur
741 4347 797 4407 Aa’
815 4353 987 4422 iibergeschr.
1000 4354 1034 4406 B¹
1051 4353 1055 4422 Ι
1071 4353 1108 4408 22
1126 4353 1217 4407 hinter
1234 4346 1387 4408 ἀνατολῶν
1400 4361 1431 4418 -Ι-
1444 4350 1504 4408 ἑαυ-

197 4449 266 4520 τοὺς
282 4455 358 4524 pat}
383 4455 423 4510 νε
442 4453 587 4527 Σειιααρ]
607 4445 715 4524 amezo
733 4454 872 4512 PathH
891 4436 999 4524 ιείιερ
1019 4454 1068 4524 [ιο]
1085 4459 1123 4509 A¹
1143 4458 1147 4525 Ι
1167 4445 1250 4527 ὅπερ]
1271 4444 1412 4509 θεοισν.
1437 4456 1441 4522 ι
1465 4454 1505 4511 ει

201 4534 349 4606 ἀπολύναι,
369 4539 441 4594 doch
459 4538 594 4594 zwischen
613 4557 629 4594 ο
648 4557 673 4593 u.
692 4541 708 4592 λ
727 4539 771 4592 ein
788 4539 897 4594 Buchst.
916 4539 1074 4603 ausradiert,
1092 4543 1118 4594 A
1137 4544 1141 4608 Ι
1160 4534 1381 4608 κατοικήτοσαν
1398 4539 1480 4594 APat
1500 4543 1502 4608 Ι

200 4623 238 4680 25
258 4623 437 4695 συναγαγεῖν]
460 4617 592 4693 συνάγειν
609 4622 782 4678 ΡαίΟΙΙΕΗ.
