3780 5538
632 484 726 539 σενι
752 483 884 538 muz
907 483 937 557 ε,
957 487 979 538 ι.
998 485 1021 538 ο.
1040 485 1063 538 3.
1082 487 1106 536 4.
1463 490 1522 552 313

301 657 329 719 3.
364 649 392 716 εἰ
424 646 465 736 δὴ
496 645 538 718 τὸ
573 643 626 734 ἐφ’
664 641 741 736 ἡμῖν
778 644 929 736 σώζεται,
960 653 1077 735 μυρίας
1108 640 1188 730 όσας
1218 642 1415 727 ἀπονεύσεις
1447 647 1523 734 ἐ’χον

218 744 304 833 πρὸς
336 741 461 834 ἀρετὴν
490 740 510 836 ἢ
541 751 663 817 κακίαν
692 755 747 816 καὶ
778 740 926 834 πάλινῆ
953 744 1039 834 πρὸς
1066 743 1107 818 τὸ
1134 752 1290 835 καθῆκον
1321 738 1341 834 ἢ
1368 743 1454 834 πρὸς
1481 743 1522 814 τὸ

219 843 310 933 παρὰ
325 843 366 916 τὸ
381 850 545 934 καθῆκον,
569 842 759 934 ἀναγκαίως
779 853 883 917 τοῦτο
905 845 988 934 μετὰ
1010 854 1084 918 τῶν
1106 853 1248 928 λοιπῶν,
1271 853 1353 934 πρὶν
1375 851 1522 933 γένηται,

220 953 270 1036 τῷ
298 951 370 1036 θεῷ
398 947 564 1033 ἔγνωσται
589 941 679 1030 ,ἀπὸ
705 950 868 1028 κτίσεωςί(
892 953 948 1017 καὶ
974 952 1185 1035 ,καταβολῆς
1210 941 1372 1033 κόσμουίί,
1400 939 1523 1014 ὁποῖον

185 1048 325 1116 ι’)έσται·
355 1053 411 1117 καὶ
447 1049 483 1116 έν
518 1051 637 1129 πᾶσιν,
673 1045 723 1129 οίς
757 1041 1040 1133 προδιατάσσεται
1071 1040 1090 1116 ὁ
1125 1042 1208 1127 θεὸς
1237 1040 1441 1125 ἀκολούθως
1471 1042 1523 1126 οἷς

168 1165 202 1218 ssr
219 1143 346 1232 ἑώρακε
380 1151 455 1232 περὶ
485 1141 630 1216 ἑκάστου
665 1145 765 1235 έργὸυ
792 1153 865 1215 τών
898 1140 950 1230 ἐφ’
982 1139 1069 1233 ἡμῖν,
1100 1150 1387 1234 προδιατέτακται
1416 1153 1420 1230 Ι
1447 1138 1523 1212 κατ’

220 1239 317 1328 ἀξίαν
354 1241 485 1332 ἑκάστῳ
519 1241 678 1334 κινήματι
715 1251 788 1314 τών
818 1240 870 1330 ἐφ’
903 1241 981 1333 ἡμῖν
1012 1243 1053 1315 τὸ
1083 1253 1139 1315 καὶ
1170 1240 1238 1315 ἀπὸ
1269 1249 1330 1331 τῆς
1360 1248 1523 1332 προνοίας

219 1339 313 1432 αύτῷ
345 1338 626 1432 ἀπαντησόμενον
661 1346 710 1414 έτι
741 1348 776 1413 δὲ
806 1351 861 1414 καὶ
891 1342 979 1414 κατὰ
1012 1342 1075 1414 τὸν
1105 1342 1219 1430 είρμὸν
1250 1350 1323 1412 τών
1352 1347 1523 1430 ἐσομένων

221 1439 485 1532 συμβησόμενον,
526 1440 598 1531 ούχὶ
638 1449 698 1533 τῆς
732 1442 959 1531 προγνώσεως
990 1450 1054 1514 τοῦ
1087 1450 1173 1514 θεοῦ
1208 1446 1317 1525 αἰτίας
1346 1446 1523 1531 γινομένης

171 1561 203 1616 10
222 1561 294 1624 τοῖς
325 1547 496 1631 ἐσομένοις
527 1549 609 1614 πᾶσι
638 1550 693 1613 καὶ
724 1547 761 1612 έκ
790 1549 854 1612 τοῦ
883 1537 936 1628 ἐφ’
968 1538 1046 1630 ἡμῖν
1076 1541 1163 1614 κατδι
1194 1542 1258 1631 τὴν
1289 1537 1396 1630 ὁρμὴν
1428 1535 1524 1628 ἡμῶν

221 1644 548 1731 ένεργηθησομένοις.
592 1646 619 1713 εἰ
650 1641 712 1732 γάρ
742 1648 797 1712 καί
827 1637 907 1711 καθ’
937 1637 1103 1712 ύπόθεσιν
1132 1641 1176 1732 μὴ
1209 1641 1369 1730 γινώσκοι
1397 1635 1415 1711 ὁ
1443 1637 1523 1719 θεὸς

222 1739 264 1810 τὰ
291 1735 444 1828 ἐσόμενα,
471 1739 512 1812 ού
538 1741 629 1830 παρὰ
652 1747 757 1812 τοῦτο
779 1736 973 1829 ἀπολοῦμεν
995 1739 1036 1812 τὸ
1059 1738 1140 1813 τάδε
1161 1739 1239 1811 τινά
1261 1737 1448 1830 ένεργήοειν
1469 1745 1523 1808 καὶ

222 1836 302 1909 τάδε
318 1836 489 1928 θελήσειν·
518 1847 626 1912 πλέον
648 1847 683 1912 δέ
705 1837 773 1911 ἀπὸ
796 1846 857 1929 τῆς
879 1841 1105 1928 προγνώσεως
1126 1849 1252 1930 γίνεται
1276 1838 1316 1910 τὸ
1338 1835 1524 1922 κατάταξιν

222 1935 402 2025 λαμβάνειν
433 1945 478 2022 είς
510 1938 575 2028 τὴν
605 1946 667 2010 τοῦ
699 1937 830 2021 παντὸς
862 1945 1027 2030 διοίκησιν
1055 1939 1198 2030 χρειώδη
1230 1945 1272 2027 τῇ
1304 1944 1367 2009 τοῦ
1397 1933 1524 2025 κόσμου

173 2058 203 2111 15
221 2035 424 2109 καταστάσει
446 2036 487 2110 τὸ
510 2035 652 2111 ἑκάστου
675 2035 727 2125 ἐφ’
751 2035 837 2128 ἡμῖν.

306 2165 332 2224 4.
368 2159 397 2224 εί
418 2161 535 2225 τοίνυν
550 2154 590 2225 τὸ
614 2152 756 2226 ἑκάστου
777 2150 829 2242 ἐφ’
853 2151 930 2244 ἡμῖν
953 2152 1047 2246 αύτῷ
1071 2159 1243 2245 ἔγνωσται,
1266 2163 1321 2225 καὶ
1344 2151 1397 2224 διὰ
1421 2157 1523 2223 τοῦτο

222 2259 486 2343 προεωραμένον
513 2251 606 2344 αύτῷ
634 2251 876 2325 διατάττεσθαι
901 2251 969 2326 ἀπὸ
992 2261 1053 2345 τῆς
1078 2261 1240 2344 προνοίας
1263 2253 1304 2326 τὸ
1327 2249 1401 2325 κατ’
1429 2248 1526 2335 ἀξίαν

221 2361 326 2424 παντί
356 2381 407 2441 τῳ
435 2348 579 2442 εύλογον
604 2359 659 2424 καὶ
687 2351 727 2424 τὸ
755 2359 788 2422 τί
814 2349 952 2443 εὔξηται
978 2361 1063 2444 (καὶ)
1091 2361 1192 2426 ποίαν
1219 2351 1371 2426 διάθεσιν
1398 2345 1524 2440 έχωνδ

222 2458 312 2522 δεῖνα
343 2446 456 2536 ούτως
486 2450 656 2524 πιστεύων
685 2462 742 2524 καὶ
774 2460 808 2525 τί
841 2450 1045 2544 βουλόμενος
1075 2453 1168 2544 αύτῷ
1195 2459 1352 2543 γενέσθαι
1377 2480 1524 2541 προκατ-

170 2569 204 2625 20
222 2543 463 2641 ειλῆφθαι·ὀύ
483 2557 849 2644 προκαταληφθέντας,
875 2561 931 2625 καὶ
958 2550 1120 2624 τοιοῦτόν
1146 2583 1180 2626 τι
1201 2550 1403 2634 ἀκολούθως
1425 2555 1461 2621 έν
1483 2557 1526 2637 τῇ

222 2649 370 2736 διατάξει
401 2647 590 2738 τετάξεται,
623 2645 678 2724 ότι
709 2658 808 2724 τοῦδε
832 2651 895 2742 μὲν
920 2653 1145 2744 έπακούσομαι
1172 2659 1319 2736 συνετῶς
1345 2648 1526 2737 εὐξαμένου

222 2746 263 2820 δι’
287 2747 394 2840 αὐτὴν
415 2749 480 2841 τὴν
502 2747 611 2840 τύχην,
634 2745 677 2839 ἣν
698 2746 840 2836 εύξεται,
863 2757 963 2823 τοῦδε
984 2757 1019 2823 δέ
1042 2749 1103 2824 ούκ
1123 2751 1351 2841 έπακούσομαι
1372 2745 1450 2839 ἤτοι
1472 2747 1525 2819 διὰ

304 2937 322 2992 4
345 2937 504 3006 7ς1.11οω.
524 2942 554 3002 1,
573 2939 612 2994 20.
631 2969 665 2978 -
689 2937 750 3007 Vgl.
769 2938 867 2994 Μαάθ.
885 2941 930 3002 25,
948 2941 989 2994 34.
1019 2940 1087 2994 Luk.
1105 2943 1150 3004 11,
1168 2942 1209 2996 50.
1237 2938 1320 2993 Hebr.
1337 2941 1366 3001 4,
1385 2938 1408 2991 3.
1438 2937 1466 3002 9,
1485 2937 1525 2990 20.

222 3021 311 3091 Αρο1ι.
331 3022 393 3078 Joh.
412 3023 452 3086 13,
471 3023 495 3076 8.
520 3025 560 3086 17,
578 3023 602 3077 8.
620 3054 653 3063 —-
673 3023 712 3080 18
730 3021 792 3092 Vgl.
811 3021 941 3092 Origenes
959 3041 981 3078 υ.
1000 3023 1069 3079 ΟεΙε.
1087 3024 1125 3077 lv
1144 3025 1184 3085 70,
1203 3024 1215 3076 I
1233 3023 1283 3078 339
1301 3022 1327 3077 Z.
1345 3024 1378 3076 25
1388 3023 1415 3074 ff.

306 3190 322 3242 1
344 3183 386 3258 δὴ]
411 3186 440 3243 δὲ
460 3189 525 3243 lieet
542 3189 622 3258 Angl.
646 3190 700 3258 (bei
718 3191 778 3245 Del.
796 3191 808 3244 I
830 3192 910 3259 914⁸)
932 3189 1070 3260 unrichtig
1089 3194 1093 3254 1
1110 3183 1286 3258 ἀπονεύσας]
1309 3183 1477 3258 (ἐπινεύσας
1495 3181 1524 3256 ἢ)

220 3265 389 3337 ἀπονεύσας
412 3273 491 3328 Βοιώ
515 3273 567 3341 (bei
586 3273 645 3328 Del.
664 3275 743 3328 1207
762 3277 842 3328 Anm.
861 3274 888 3343 b)
913 3275 917 3343 )
941 3274 958 3330 3
985 3291 1029 3327 am
1047 3275 1126 3328 Rand
1150 3279 1187 3343 οῆ
1205 3291 1259 3328 von
1276 3275 1296 3327 Ι.
1309 3273 1382 3328 Η.Τ
1405 3274 1409 3339 Ι
1439 3272 1457 3328 5
1485 3265 1526 3336 οἷς

223 3355 322 3423 [hinter
340 3350 518 3427 ἀκολούθως)
536 3358 659 3412 schreibe
675 3357 721 3412 ich
739 3358 791 3412 mib
808 3357 885 3412 Bent.
904 3357 959 3427 (bei
978 3357 1036 3412 Del.
1055 3359 1067 3412 1
1085 3360 1135 3416 207
1153 3363 1234 3413 Anm.
1252 3361 1289 3422 ο),
1312 3349 1350 3422 ὡς
1367 3358 1495 3426 TAusgg.

223 3441 293 3496 0-7
314 3457 359 3494 am
377 3440 455 3494 Rand
474 3446 511 3511 σῇ
528 3459 580 3496 von
599 3444 619 3496 Ι.
637 3442 670 3497 Η.
687 3443 710 3496 Τ
730 3444 734 3511 Ι
755 3444 792 3498 11
812 3459 857 3497 πω
875 3441 954 3497 Βοοδ
982 3448 1018 3512 σῆ
1046 3461 1098 3498 von
1124 3445 1143 3497 1.
1163 3443 1195 3496 H.
1218 3443 1240 3495 Τ
1263 3447 1267 3511 Ι
1296 3443 1333 3498 12
1359 3436 1527 3510 ἀπολοῦμεν

222 3524 346 3580 schreibe
371 3524 415 3580 ich
443 3526 495 3580 mit
517 3527 594 3582 Bent.
618 3527 673 3597 (bei
690 3527 750 3582 Del.
768 3527 780 3580 I
799 3529 848 3583 207
866 3530 947 3583 Anm.
966 3528 1006 3596 δ),
1034 3521 1205 3595 ἀπειλοῦμεν
1229 3527 1362 3594 TAusgg.
1387 3527 1390 3594 Ι
1422 3527 1459 3582 13
1482 3544 1525 3579 am

222 3609 301 3664 Rand
320 3615 357 3680 σῆ
375 3627 429 3664 von
446 3611 467 3664 I.
483 3610 518 3664 Η.
535 3611 557 3664 Τ
580 3611 585 3681 Ι
608 3610 706 3682 πλέον)
729 3607 803 3681 πλὴν
821 3612 902 3681 Angl.
922 3612 956 3680 (a.
968 3629 992 3666 α.
1005 3611 1045 3680 0.)
1070 3615 1074 3680 Ι
1097 3607 1172 3667 κατὰ
1195 3606 1276 3677 τάξιν
1294 3611 1433 3665 Ox.Lond.
1458 3613 1461 3679 Ι
1488 3613 1526 3667 10

222 3712 267 3748 am
284 3695 364 3748 Rand
383 3700 420 3764 σῇ
437 3713 490 3749 von
509 3697 529 3750 Ι.
547 3695 580 3748 Η.
598 3695 639 3765 Τ)
656 3699 693 3754 17
714 3693 916 3752 διατάττεσθαι
934 3695 1056 3750 schreibe
1074 3696 1119 3750 ich
1137 3697 1188 3750 mit
1205 3698 1283 3752 Bent.
1296 3695 1351 3762 (bei
1369 3695 1428 3749 Del.
1447 3696 1458 3748 I
1477 3697 1525 3749 207

222 3783 302 3832 Anm.
321 3779 359 3847 ε),
381 3778 563 3864 διατέτακται
586 3781 648 3836 lieet
668 3783 749 3850 Angl.
768 3783 803 3850 (α.
820 3799 844 3835 α
863 3781 904 3850 Ο.)
922 3780 1072 3850 unriehtig‚
1100 3776 1278 3836 διατάττεται
1303 3780 1434 3849 ΤΑυεςς.
1458 3783 1462 3848 1
1488 3781 1525 3836 18

222 3859 343 3934 εὔξηται]
362 3867 473 3930 ευξεται
490 3864 553 3919 liest
570 3865 652 3934 Angl.
671 3867 705 3935 (ο.
719 3884 742 3921 ο.
755 3866 796 3936 0.)
814 3865 953 3934 unrichtig
968 3868 973 3935 )
988 3865 1066 3935 <καλ>
1085 3865 1149 3935 fflge
1167 3865 1212 3920 ich
1231 3865 1283 3920 mit
1299 3864 1381 3934 Angl.
1400 3866 1435 3932 (π
1449 3881 1472 3918 α.
1486 3864 1526 3931 0.)

222 3951 267 4004 ein
286 3951 291 4018 1
312 3951 351 4006 19
370 3939 472 4019 ούτως]
490 3955 551 4015 πῶς
568 3951 646 4005 Benh
665 3951 719 4020 (bei
737 3951 796 4006 Del.
814 3953 826 4005 Ι
844 3953 893 4008 207
912 3953 993 4006 Anm.
1012 3951 1036 4018 e]
1052 3952 1056 4018 Ι
1076 3945 1162 4024 αὐτῷ]
1182 3941 1258 4022 αύτῷ
1275 3951 1379 4017 Lond.1
1398 3967 1526 4021 προκατ-

223 4037 357 4105 ειλῆφθαι
379 4034 501 4088 schreibe
522 4035 568 4088 ioh
586 4035 638 4089 mit
659 4035 882 4106 Βεο1.(ο.τ.0.)
900 4053 927 4090 u.
945 4034 1038 4100 hond„
1055 4035 1300 4107 nonantulanum
1321 4033 1401 4090 TOx.
1411 4035 1470 4090 Del.
1489 4037 1526 4087 im

222 4121 302 4183 Text3
330 4119 401 4173 doch
422 4136 468 4173 am
493 4119 573 4173 Rand
595 4135 650 4173 von
671 4119 770 4174 Τοὶιιε
796 4119 881 4176 durch
907 4120 1094 4176 Beschneiden
1120 4120 1166 4176 des
1193 4119 1298 4174 Blattes
1324 4119 1527 4174 verstiimmelte

223 4205 303 4260 Notiz
321 4221 376 4258 von
393 4205 414 4260 Ι.
426 4203 469 4268 Η,
487 4203 532 4258 die
550 4221 580 4258 εο
598 4221 631 4258 τα
648 4209 786 4273 01·anan
803 4204 851 4260 ist:

727 4289 823 4377 νεαυέ
841 4305 930 4376 (noo)

728 4391 945 4461 κατειλῆφθαι)

224 4475 249 4529 d.
267 4477 295 4530 h.
313 4475 351 4530 im
369 4476 439 4530 Text
456 4476 504 4530 der
522 4475 640 4546 Vorlage
657 4476 740 4531 stand
757 4477 1016 4546 προκατειλῆφθαι,
1033 4473 1090 4528 und
1109 4473 1156 4528 der
1172 4473 1354 4528 Abschreiber
1371 4471 1527 4541 oon-igierte

224 4560 281 4615 dies
299 4559 328 4612 in
345 4559 598 4630 προκατείληπται,
616 4563 720 4616 anstatt
736 4559 807 4614 oben
819 4560 856 4628 (Ζ.
869 4561 912 4627 17)
930 4559 984 4613 den
996 4559 1094 4613 Fehlor
1110 4551 1287 4614 διατάττεται
1305 4575 1338 4611 zu
1350 4557 1507 4612 verbeesern
1605 4621 1608 4626 ¹

225 4645 261 4700 21
282 4661 327 4698 am
344 4643 424 4698 Rand
443 4650 480 4714 οη
497 4661 551 4698 von
568 4646 589 4699 I.
602 4645 635 4700 H.
654 4645 676 4698 Τ
691 4645 696 4710 Ι
713 4643 844 4714 συνετῶς]
864 4648 988 4714 συνεχῶς
1006 4645 1141 4698 τετωαίολ
1157 4643 1217 4697 Del.
1236 4643 1258 4711 (1
1276 4644 1326 4699 207
1344 4647 1424 4698 Anm.
1444 4643 1477 4710 f).
