3790 5526
341 503 383 567 96
881 492 1105 548 ανιαιιιιοιε

346 669 463 746 ζοντες
490 657 554 748 τήν
581 653 792 728 ἀκολουθίαν
817 661 881 726 τοῦ
907 656 990 726 είναι
1022 651 1229 744 ἐπουράνιον
1253 650 1462 743 Ἰερουσαλὴμ
1491 650 1559 726 άπὸ
1589 659 1653 724 τοῦ

344 755 470 878 κλήρου
486 765 648 846 Βενιαμὶν
668 763 724 826 καὶ
746 759 807 843 τῆς
825 750 1000 842 Φάραγγος
1012 750 1132 842 Ἐννόμ
1153 751 1348 876 εῦρίσκομέν
1369 782 1403 824 τι
1425 759 1472 836 είς
1492 751 1556 825 τὸν
1574 761 1651 842 περὶ

344 854 518 928 κολάσεων
545 853 665 940 τόπον,
692 859 1051 976 μεταλαμβαήνομένων
1082 857 1128 938 είς
1159 853 1223 944 τήν
1248 851 1332 943 μετά
1358 849 1505 937 βασάνου
1525 849 1651 977 κάθαρ-
1668 865 1722 921 650

345 979 398 1026 σιν
424 963 498 1027 τῶν
527 960 665 1028 τοιωνδλ
695 960 818 1042 ψυχῶν
839 952 927 1024 κατά
949 952 1021 1038 τό,
1023 953 1108 1038 ,ίδοῦ
1128 951 1244 1080 κῦριος
1265 950 1545 1042 είσπορεόεται“
1516 983 1565 1036 ως
1583 959 1651 1040 πῦρ

310 1063 573 1146 δχωνευτηρίου
601 1051 732 1136 καλῶς
760 1058 843 1124 ποία
869 1049 1088 1125 πλυνόντων·
1128 1059 1183 1124 καὶ
1212 1063 1381 1124 καθιεῑται
1407 1049 1569 1140 χωνεῦων
1596 1060 1652 1122 καὶ

343 1161 543 1242 καθαρίζων
564 1150 645 1241 <ως>
667 1151 709 1224 τὸ
737 1160 873 1240 χρυσίον
894 1150 1019 1237 καλῶς
1040 1151 1082 1224 τὸ
1106 1149 1275 1242 άργάριον(
1278 1156 1447 1238 ‘[XXVI.]
1477 1157 1532 1222 καὶ
1565 1152 1651 1223 κατὰ

344 1251 386 1324 τὸ
419 1260 495 1342 περὶ
525 1251 589 1344 τήν
605 1249 827 1341 -Ἶερουσαλήμ
857 1258 1009 1340 γίνεσθαι
1030 1249 1184 1336 κολάσεις
1202 1256 1457 1341 χωνευομένων,
1479 1257 1554 1322 τῶν
1573 1246 1652 1322 άνα-

344 1348 525 1437 λαβόντων
547 1358 592 1435 είς
614 1350 679 1441 τὴν
703 1353 835 1423 ἑαυτῶν
858 1356 918 1441 τῆς
938 1356 1046 1440 ψυχῆς
1072 1347 1260 1423 ὑπόστασιν
1281 1349 1325 1424 τά
1347 1346 1416 1423 άπὸ
1431 1357 1557 1435 κακίας,
1577 1377 1652 1438 τρο-

345 1459 456 1534 πικῶς
484 1480 553 1524 που
572 1446 821 1540 ὀνομαζομένης
842 1456 1019 1538 μολίβδου·
1049 1448 1101 1522 διὸ
1124 1446 1145 1540 ή
1166 1446 1290 1538 άνομία
1314 1449 1406 1539 παρά
1432 1454 1485 1539 τῷ
1506 1455 1652 1540 Ζαχαρία

294 1565 328 1622 10
344 1554 398 1621 ἐπὶ
426 1547 618 1635 ,,τάλαντον
643 1555 825 1638 μολίβδου(
847 1553 1037 1636 ἐκαθέζετο.

421 1644 501 1721 Ὅσα
523 1645 551 1720 δ’
568 1654 614 1731 είς
635 1646 699 1719 τὸν
719 1643 831 1719 τόπον
852 1655 985 1738 λεχθείη
1009 1643 1060 1733 άν,
1083 1642 1165 1720 οῦτε
1185 1653 1288 1720 πᾶσιν
1307 1644 1389 1720 οῦτε
1403 1653 1466 1719 τοῦ
1480 1644 1653 1737 παρόντος

344 1756 464 1838 καιροῦ
487 1752 558 1820 ἐστι
581 1744 811 1837 διηγήσασθαι·
833 1743 908 1819 ἀλλ’
930 1744 1001 1819 οὐδ’
1024 1744 1205 1820 άκίνδυνον
1226 1746 1291 1837 τήν
1312 1755 1385 1819 τῶν
1407 1745 1578 1820 τοιούτων
1598 1770 1653 1818 σα-

346 1845 490 1938 φήνειαν
510 1854 684 1920 πιστεῦσαι
705 1853 831 1936 γραφή,
858 1841 919 1918 άτε
946 1855 1021 1919 τῶν
1047 1855 1189 1919 πολλῶν
1215 1843 1257 1918 οδ
1276 1843 1475 1936 χρηςόντων
1496 1853 1653 1930 πλείονος

248 1989 252 1998 ε
346 1951 560 2031 διδασκαλίας
585 1947 675 2036 παρὰ
702 1947 768 2036 τήν
790 1953 866 2035 περί
893 1953 955 2037 τής
980 1946 1068 2018 κατὰ
1091 1954 1164 2018 τῶν
1185 1942 1454 2036 ἁμαρτανόντων
1474 1946 1653 2028 κολάσεως.

295 2063 328 2116 15
346 2052 392 2131 είς
414 2048 475 2136 γάρ
496 2048 540 2120 τά
568 2044 763 2136 ὑπερέκεινα
785 2042 890 2166 αῦτής
915 2042 956 2118 06
981 2045 1143 2138 χρήσιμον
1168 2041 1361 2131 άναβαίνειν
1381 2045 1437 2116 διά
1458 2045 1539 2128 τοῦς
1558 2042 1653 2136 μόγις

346 2142 443 2236 φόβῳ
465 2153 527 2237 τῆς
549 2153 691 2219 αίωνίου
712 2143 883 2229 κολάσεως
904 2140 968 2216 κάν
990 2151 1236 2228 συστέλλοντας
1257 2148 1311 2216 ἐπὶ
1332 2143 1442 2216 ποσὸν
1460 2151 1522 2234 τῆς
1536 2153 1653 2228 κακίας

344 2254 401 2318 καὶ
423 2253 497 2318 τῶν
519 2241 576 2318 ἄπ’
601 2243 704 2336 αὐτῆς
726 2240 1014 2334 άμαρτανομένων
1033 2246 1137 2336 χῦσιν.

428 2341 503 2417 οὔτ’
531 2337 596 2416 οὖν
623 2345 669 2417 τὸ
696 2343 918 2432 διάγραμμα
943 2341 1025 2418 οὔτε
1047 2353 1176 2430 Κέλσος
1202 2347 1272 2418 οἶδε
1298 2343 1362 2416 τὸν
1381 2351 1459 2433 περὶ
1484 2320 1653 2437 Γεέννης

347 2441 462 2533 λόγον·
499 2449 570 2516 ἐπεὶ
600 2439 675 2516 οὔτ’
701 2437 745 2515 άν
770 2447 891 2516 ἐκεῖνοι
917 2453 1111 2534 ζωγραφίας
1136 2454 1193 2516 καὶ
1220 2442 1496 2566 διαγράμματα
1521 2449 1653 2535 ἐσεμνο-

294 2559 330 2614 20
346 2541 525 2616 nolovv‘
496 2575 544 2627 ως
570 2540 612 2613 δι
637 2540 756 2615 αὐτῶν
781 2542 1007 2634 παριστάντες
1034 2543 1074 2616 τὸ
1097 2541 1232 2634 άληθές,
1259 2539 1333 2615 οὔτ’
1360 2537 1445 2614 άνδ
1471 2550 1596 2628 Κέλσος
1616 2549 1653 2616 ἐν

348 2649 400 2732 τῷ
421 2643 508 2714 κατὰ
531 2648 789 2732 Χριστιανῶν
810 2641 1037 2733 συγγράμματι
1059 2645 1102 2716 τά
1122 2648 1285 2734 μηδαμῶς
1305 2639 1372 2714 ῦπό
1396 2649 1653 2732 Χριστιανῶν

348 2739 509 2832 λεγόμενα
534 2738 621 2814 άλλά
646 2769 763 2826 τινων,
790 2740 875 2832 τάχα
902 2738 976 2815 066’
999 2745 1050 2814 ἐτι
1078 2739 1194 2816 ὄντων
1219 2738 1305 2813 άλλά
1326 2739 1440 2830 πάντη
1462 2740 1654 2815 ἐκλελοιπό-

347 2871 422 2913 των
447 2847 501 2911 καὶ
529 2846 576 2924 είς
601 2839 693 2912 πάνυ
719 2835 852 2930 ὀλίγους
877 2849 932 2913 καὶ
959 2839 1205 2934 εὐαριθμήτους
1226 2841 1482 2927 καταστάντων,
1508 2847 1653 2914 ἐνετίθει

348 2960 422 3025 ταῖς
447 2941 534 3012 κατά
560 2945 821 3030 Χριστιανῶν
845 2947 1068 3031 κατηγορίαις.
1110 2939 1165 3014 καὶ
1195 2935 1309 3030 ῶσπερ
1342 2937 1383 3013 06
1409 2938 1553 3032 καθήκει
1581 2961 1654 3026 τοῖς

296 3057 330 3112 25
348 3041 391 3112 τά
413 3039 632 3123 Πλάτωνος
653 3047 900 3127 φιλοσοφοῦσιν
922 3037 1166 3131 ἀπολογεῖσθαι
1186 3049 1264 3129 περὶ
1284 3036 1483 3131 Ἐπικούρου
1502 3050 1558 3114 καὶ
1581 3049 1654 3115 τῶν

348 3137 479 3226 άσεβῶν
508 3137 617 3211 αδτοῦ
646 3136 835 3227 δογμάτων,
865 3134 980 3222 οὕτως
1010 3137 1081 3212 οῦδ
1111 3137 1190 3230 ἡμῖν
1218 3146 1294 3228 περὶ
1323 3147 1398 3212 τῶν
1423 3145 1460 3212 ἐν
1487 3147 1543 3232 τῷ
1573 3148 1653 3213 δια-

347 3239 547 3331 γράμματι
573 3246 628 3310 καί
655 3244 730 3309 τῶν
755 3236 829 3310 κατ’
857 3235 962 3310 αδτοῦ
984 3247 1176 3329 λεγομένων
1196 3236 1263 3311 ῦπό
1288 3247 1427 3312 Κέλσου.
1468 3238 1585 3331 διόπερ
1607 3239 1654 3324 ῶς

345 3340 486 3430 περισσά
507 3345 564 3408 καὶ
584 3336 697 3428 μάτην
718 3342 889 3428 ἐκκείμενα
910 3343 1019 3426 ἐῶμεν
1041 3339 1083 3411 τά
1105 3335 1172 3410 ῦπὸ
1195 3346 1327 3412 Κέλσου
1348 3346 1395 3424 είς
1417 3347 1525 3413 ταῦτα
1546 3352 1654 3430 λελεγ-

347 3446 442 3527 μένα·
476 3446 609 3524 μάλλον
641 3438 703 3526 γάρ
733 3443 863 3508 Κέλσου
895 3434 987 3528 ἡμεῖς
1019 3435 1137 3509 αὐτῶν
1169 3438 1261 3528 παρά
1290 3458 1363 3522 τοῖς
1394 3449 1654 3532 κεκρατημένοις

295 3561 330 3617 30
347 3536 415 3610 ῦπὸ
438 3537 607 3610 τοιούτων
625 3535 741 3627 λόγων
761 3535 1041 3627 κατηγορήσαμεν.

430 3659 558 3726 XXVII.
586 3650 676 3744 Ἑξῆς
699 3660 734 3726 δὲ
752 3659 915 3741 τοῖςπερὶ
939 3659 1011 3725 τοῦ
1032 3656 1328 3744 διαγράμματος
1349 3659 1430 3746 μηδὲ
1451 3655 1653 3746 παρακοά-

435 3826 452 3881 1
471 3824 534 3894 vgl.
552 3824 635 3880 Hebr.
654 3827 695 3887 12,
712 3825 753 3879 22.
772 3853 805 3863 -
823 3823 843 3879 4
860 3823 926 3878 Mal.
944 3825 969 3888 3,
987 3825 1010 3878 2.
1029 3826 1053 3880 3.
1072 3853 1105 3864 —
1124 3825 1164 3880 10
1182 3825 1245 3895 vgl.
1261 3824 1372 3880 Smhar.
1390 3829 1415 3893 5,
1434 3829 1458 3880 7.

433 3974 451 4030 2
472 3976 619 4047 βενιῖιμείν
636 3979 661 4030 A
676 3977 680 4043 Ι
699 3978 751 4044 τῆς
769 3969 936 4045 Φάραγγος]
954 3967 1007 4044 τήν
1026 3967 1169 4044 Φάραγγα
1186 3977 1324 4030 vermutet
1341 3975 1389 4031 Bo.
1407 3975 1505 4044 (Notae
1522 3995 1548 4048 p.
1566 3977 1626 4046 395)
1649 3985 1652 4045 1

348 4060 367 4114 8
391 4057 695 4129 μεταλαμβανομένων
715 4063 741 4114 A
761 4053 1059 4131 μεταλαμβανόμενον
1079 4057 1218 4128 MAusgg.
1241 4059 1246 4126 Ι
1269 4060 1286 4114 θ
1311 4076 1383 4115 ποια
1406 4061 1478 4116 ohne
1500 4061 1605 4116 Aoeent
1621 4063 1654 4124 A,

346 4144 402 4214 vgl.
421 4144 491 4199 oben
509 4145 547 4198 IV
560 4148 600 4210 13,
619 4147 630 4198 Ι
649 4146 699 4200 283
717 4144 772 4198 63
790 4144 854 4198 u.V
867 4146 908 4207 15,
921 4143 946 4198 S.
959 4145 992 4199 16
1004 4142 1031 4196 Ζ.
1043 4141 1096 4210 131
1116 4142 1135 4197 θ
1158 4134 1225 4212 (ὡς)
1243 4136 1278 4198 τδ
1293 4145 1415 4214 χρυσίον
1429 4147 1479 4200 καί
1496 4138 1536 4210 ὥς
1552 4139 1587 4201 τδ
1606 4141 1655 4217 α’ρ-

346 4223 449 4298 γῦριον
471 4229 593 4284 sehreibe
610 4229 656 4283 ich
672 4229 725 4283 mit
742 4229 774 4290 V,
792 4227 846 4297 vgl.
865 4227 936 4282 oben
954 4225 992 4280 IV
1011 4228 1052 4294 13,
1070 4227 1083 4280 I
1101 4227 1151 4280 283
1169 4227 1195 4282 Z.
1213 4228 1283 4294 231,
1305 4223 1340 4284 τδ
1357 4231 1479 4301 χρυσίον
1494 4231 1544 4285 καί
1564 4221 1603 4295 ῶς
1619 4221 1653 4286 τά

347 4305 523 4384 α’ργδριονΑ
539 4307 579 4379 (ῦς
594 4309 629 4370 τὸ
648 4309 788 4384 άργῦριον
804 4313 855 4366 καί
871 4305 905 4366 τό
921 4311 1043 4382 χρυσίον
1060 4311 1219 4381 MAusgg.l
1238 4314 1252 4368 ί
1270 4314 1422 4384 γίγνεσθαι
1440 4319 1570 4385 AAusgg.
1592 4317 1595 4382 Ι
1616 4315 1655 4371 15
1756 4365 1761 4376 ,

346 4389 514 4468 ῦπερέκεινα
536 4399 586 4453 Ηδ.
609 4416 652 4453 am
678 4397 769 4466 θεοῦ,
796 4394 905 4466 Sp.Del.
923 4396 961 4449 im
983 4396 1065 4459 Τειθς
1091 4387 1162 4466 ὑπὲρ
1185 4393 1280 4452 ἐκεῖνα
1298 4401 1323 4452 A
1346 4401 1350 4462 1
1381 4399 1421 4456 23
1448 4395 1656 4456 καταστάντων

347 4481 456 4546 Μθθπς
475 4483 519 4554 θρ.
537 4501 583 4537 am
600 4482 688 4545 nand.
706 4480 822 4536 1161301.
840 4480 878 4534 im
897 4479 978 4544 Text;
1004 4475 1251 4550 καταστησάντων
1267 4483 1291 4536 A
1311 4485 1315 4550 Ι
1336 4483 1374 4538 81
1400 4477 1470 4552 μήδέ
1487 4487 1512 4538 A
1528 4477 1595 4554 μηδ’
1614 4484 1656 4538 M²

347 4567 452 4638 Ausgg.
468 4569 471 4635 Ι
487 4565 677 4640 παρακούσας
696 4573 753 4624 τῶν
769 4565 891 4620 ιοὶιτεὶοε
902 4564 956 4630 ioh,
975 4560 1033 4633 (ἐκ)
1047 4560 1302 4634 παρακουσμάτων
1318 4567 1360 4620 M²
1372 4567 1428 4636 (am
1441 4567 1530 4636 Rand)
1542 4571 1654 4638 Ausgg„

347 4647 599 4722 παρακονσάντων
616 4655 648 4706 A.
