3780 5532
634 502 733 556 ΚΑΤΑ
757 502 915 558 ΚΕΛΣΟΥ
937 503 992 560 vn
1017 505 1058 558 31.
1077 502 1118 556 32.
1136 501 1177 556 33.
1496 505 1554 569 183

256 670 364 736 δίεται
394 665 550 755 σώματος
576 672 701 738 οἰκείου
726 673 769 754 τή
795 663 892 752 φύσει
919 671 970 754 τῷ
998 661 1097 755 τόπῳ
1119 667 1250 753 ἐκείνῳ·
1280 654 1363 750 άπερ
1386 652 1475 734 ὅπου
1495 666 1556 751 μὲν

256 784 357 854 φορεί
376 761 677 855 ἀπεκδυσαμίνη
701 763 774 856 (τὸ)
792 761 963 854 πρότερον
984 761 1168 854 ἀναγκαῖον
1188 768 1249 850 μὲν
1270 759 1429 850 περισσὸν
1452 766 1487 832 δέ
1508 757 1556 842 οίς

256 863 342 954 πρὸς
364 863 406 936 τὰ
430 862 577 953 δεύτερα,
601 859 689 936 ὅπου
711 871 747 937 δέ
768 869 1100 953 ἐπενδυσαμίνη
1086 855 1114 932 ὧ
1136 857 1305 950 πρότερον
1321 863 1394 948 εἰχε
1417 865 1554 984 δεομένη

256 971 454 1053 κρείττονος
480 963 665 1054 ἐνδύματος
691 968 736 1048 εἰς
763 964 844 1048 τοὺς
868 968 1131 1052 καθαρωτέρους
1156 969 1212 1034 καὶ
1234 965 1404 1050 αίθερίσυς
1424 965 1479 1030 καί
1500 957 1554 1030 σύ·

221 1073 391 1154 5ρανίσυς
422 1061 557 1146 τόπους.
599 1072 654 1134 καί
676 1061 947 1151 ἀπεξεδύσατο
969 1070 1029 1152 μὲν
1051 1068 1105 1134 ἐπὶ
1129 1061 1192 1152 τήν
1215 1067 1293 1151 τῇδε
1316 1067 1444 1150 γένεσιν
1465 1063 1556 1148 ἐρχο-

256 1171 341 1289 μένη
370 1162 411 1236 τὸ
440 1161 602 1254 χρήσιμον
632 1163 719 1253 πρὸς
748 1163 874 1254 τήνν
837 1169 874 1236 ἐν
901 1171 943 1252 τῇ
965 1159 1097 1282 ύστίρᾳ
1109 1168 1169 1252 τῆς
1190 1159 1346 1249 κυούσης,
1369 1159 1433 1242 ἕως
1456 1150 1556 1249 ήνέν

256 1262 355 1354 αύτή,
377 1272 508 1354 χορίον·
535 1263 749 1336 ἐνεδύσατο
773 1260 850 1334 δὲ(
829 1259 886 1335 υπ’
908 1268 1015 1334 ἐκεῖνο
1038 1257 1057 1332 ὃ
1079 1253 1121 1350 ήν
1143 1258 1326 1352 ἀναγκαῖον
1348 1289 1398 1349 τω
1383 1263 1475 1330 ἐπὶ
1498 1264 1557 1348 γής

254 1369 414 1454 μέλλοντι
435 1370 559 1454 διαζῆν.

341 1464 413 1534 εἰτα
435 1459 584 1534 πάλιν
565 1491 667 1546 οντσς
690 1462 783 1547 τινὸς
808 1459 1018 1552 ,,σκήνσυς“
1038 1470 1043 1547 )
1062 1466 1210 1550 ἐπιγείου
1233 1465 1353 1544 οἰκίας,
1376 1454 1556 1547 ἀναγκαίας
1578 1475 1627 1529 711

207 1576 240 1629 10
256 1590 326 1632 που
353 1569 403 1652 τῷ
435 1560 585 1651 σκήνει,
618 1570 674 1634 καί
695 1561 923 1634 καταλύεσθαι
944 1568 1005 1652 μέν
1028 1584 1130 1648 φασιν
1152 1564 1184 1631 οἱ
1207 1555 1302 1648 λόγοι
1324 1557 1388 1648 τήν
1409 1563 1557 1648 ἐπίγειον

258 1666 368 1732 οἰκίαν
391 1667 474 1748 ,τοῦ
500 1659 689 1751 σκήνουςα
713 1661 754 1734 τὸ
777 1669 812 1733 δὲ
834 1668 980 1752 σκήνος
1002 1658 1296 1732 ἐπενδύσασθαι
1318 1663 1449 1742 ,οἰκίαν
1470 1653 1555 1745 ἀχει-

259 1766 448 1849 ροποίητον
470 1761 611 1832 αἰώνιον
633 1767 670 1832 ἐν
692 1779 762 1844 τοῖς
778 1759 964 1850 ούρανσίς.“
1000 1766 1132 1850 λέγουσι
1147 1764 1182 1830 δέ
1197 1763 1230 1830 σί
1245 1765 1308 1830 τοῦ
1326 1764 1410 1828 θεοῦ
1424 1754 1559 1846 ἀνθρω-

257 1887 318 1932 ποι
340 1857 422 1942 „ff
443 1865 504 1949 μὲν
526 1858 707 1949 ,φθαρτὸν
730 1860 970 1932 ἐνδύσασθαι
997 1855 1080 1930 αὐτὸ
1107 1855 1331 1947 ἀφθαρσίαν,“
1357 1855 1421 1946 τήν
1448 1861 1558 1943 διαφί-

257 1983 383 2046 ρουσαν
414 1965 477 2031 τοῦ
508 1955 703 2048 ἀφθάρτου,
728 1959 810 2044 ,,τὸ“
833 1966 868 2032 δὲ
889 1958 1044 2048 ,θνητὸν
1070 1955 1316 2028 ἐνδύσασθαι
1339 1952 1559 2040 ἀθανασίαν,“

172 2070 239 2125 171ν
257 2057 374 2146 ἕτερον
401 2055 568 2147 τυγχάνον
595 2065 658 2130 τοῦ
680 2055 865 2131 ἀθανάτου.
909 2054 950 2129 δν
972 2057 1033 2146 γὰρ
1056 2053 1160 2146 λόγον
1180 2061 1244 2144 ἔχει
1266 2064 1369 2142 σοφία
1388 2065 1391 2142 Ι
1410 2054 1495 2144 πρὸς
1518 2053 1558 2128 τὸ

257 2155 368 2244 σοφὸν
387 2164 442 2228 καί
465 2157 658 2248 δικαιοσύνη
679 2156 764 2245 πρὸς
787 2155 827 2230 τὸ
850 2162 981 2230 δίκαιον
1002 2165 1058 2228 καί
1080 2155 1195 2248 εἰρήνη
1217 2154 1302 2244 πρὸς
1324 2153 1364 2227 τὸ
1380 2153 1557 2245 εἰρηνικὸν,

257 2263 384 2328 τοῦτον
412 2255 474 2328 τὸν
501 2253 605 2346 λόγον
630 2254 804 2346 ἀφθαρσία
829 2265 891 2347 μὲν
912 2255 998 2346 πρὸς
1020 2255 1204 2346 ἄφθαρτον
1225 2252 1394 2328 ἀθανασία
1416 2262 1451 2326 δὲ
1472 2253 1558 2344 πρὸς

256 2352 445 2428 ἀθάνατον.
475 2350 537 2444 δρα
559 2347 622 2428 οὖν
643 2354 695 2444 ἐφ’
711 2358 767 2430 σία
782 2362 967 2446 προτρέπει
981 2351 1000 2429 δ
1017 2354 1157 2446 λόγος,
1162 2354 1434 2438 ,ἐνδύσασθαι“
1450 2360 1559 2444 λέγων

257 2453 351 2544 τήν,
354 2452 577 2545 ,ἀφθαρσίαν“
597 2465 653 2528 καὶ
684 2457 749 2546 τήν
775 2454 1015 2544 ,,ἀθανασίαν,“
1042 2451 1142 2528 άτινα
1165 2453 1212 2538 σάς
1234 2453 1403 2544 ἐνδύματα
1425 2459 1557 2544 τῷἐν-

205 2567 240 2624 20
257 2559 458 2646 δυσαμίνῳ
481 2564 537 2628 καί
558 2563 782 2648 περιεχομένῳ
806 2564 880 2629 τῶν
895 2555 1068 2629 τοιούτων
1082 2551 1337 2646 ἐνδυμάτων’
1296 2583 1358 2626 συκ
1372 2559 1410 2647 ἐᾷ
1425 2560 1558 2644 φθαρή-

258 2681 314 2726 ναι
340 2648 361 2743 ή
389 2651 579 2727 ἀποθανεῖν
605 2654 668 2728 τὸν
693 2663 924 2776 περικείμενον
946 2652 1040 2728 αύτά.
1082 2663 1137 2726 καὶ
1159 2661 1266 2727 ταῦτα
1289 2649 1360 2724 δ’
1340 2672 1418 2776 ημῖν
1438 2651 1558 2727 ἀποτε-

259 2751 445 2844 τσίμήσθω
468 2753 522 2826 διά
545 2753 608 2826 τὸν
630 2755 675 2846 μή
698 2752 867 2846 νοήσαντα
891 2785 910 2828 ο
928 2783 962 2826 τι
983 2783 1068 2826 ποτε
1086 2760 1225 2844 ίέγομεν
1246 2754 1321 2845 τήν
1342 2749 1559 2826 ἀνάστασιν

257 2861 313 2926 καὶ
335 2852 389 2926 διά
413 2861 517 2927 τοῦτο
541 2862 695 2944 γελῶντα
716 2865 773 2926 καὶ
793 2851 1000 2943 χλευάζοντα
1023 2850 1063 2924 ὃν
1085 2849 1149 2925 ούκ
1171 2854 1241 2926 οίδε
1263 2851 1374 2943 λόγον.

340 2975 482 3041 XXXIII.
520 2966 681 3060 Οἰύμενος
703 2969 837 3062 δ’ήμᾶς
857 2969 967 3043 διὰτὸ
990 2979 1141 3060 γνῶναι
1162 2977 1225 3040 καί
1247 2974 1347 3042 ἰδεῖν
1370 2970 1441 3043 τὸν
1462 2970 1559 3043 θεὸν

206 3084 240 3138 25
257 3068 449 3158 πρεσβεύειν
482 3068 528 3139 τὰ
560 3077 648 3159 περὶ
680 3077 749 3160 τῆς
776 3067 1030 3155 ἀναστάσεως
1057 3077 1198 3158 συνείρει
1224 3071 1334 3160 ἑαυτῷ
1361 3066 1560 3158 ἀβούίεται

257 3177 313 3240 καί
344 3165 486 3240 τοιαύτά
517 3193 632 3258 φησιν·
663 3163 761 3240 ὅταν
793 3170 838 3259 δή
870 3167 1082 3242 πάντοθεν
1107 3175 1366 3260 ἐξείργωνται
1392 3179 1457 3241 καί
1484 3175 1558 3242 διε·

259 3274 493 3357 λίγχωνται,
522 3265 642 3339 πάλιν
667 3263 798 3358 ὥσπερ
820 3266 936 3342 οάδὲν
957 3266 1176 3361 ἀκηκοότες
1198 3275 1407 3341 ἐπανίασιν
1429 3275 1490 3342 ἐπί
1513 3269 1558 3341 τὸ

259 3365 357 3440 αὐτὸ
384 3368 584 3457 ἐρώτημα·
613 3375 697 3450 πῶς
724 3361 796 3440 οὗν
824 3377 979 3459 γνῶμεν
999 3377 1064 3440 καί
1085 3374 1235 3459 ίδωμεν
1257 3371 1330 3441 τὸν
1351 3366 1466 3454 θεόν,
1495 3379 1560 3441 καί

258 3477 343 3552 πῶς
365 3473 490 3556 ίωμεν
510 3467 612 3557 πρὸς
633 3464 774 3552 αύτόν;
796 3473 880 3540 ἰστω
902 3461 966 3540 οὖν
988 3465 1006 3541 δ
1029 3465 1233 3559 βουλόμενος
1248 3463 1311 3553 ὅτι,
1334 3465 1399 3540 κάν
1414 3473 1459 3553 είς
1474 3465 1560 3540 ἀλλα

207 3583 241 3638 30
259 3567 415 3654 δεώμεθα
438 3566 622 3656 σώματος
644 3572 696 3656 τῷ
719 3572 756 3638 ἐν
778 3564 877 3657 τόπῳ
900 3575 1083 3658 σωματικῷ
1106 3566 1290 3658 τυγχάνειν,
1313 3579 1368 3640 καί
1390 3569 1559 3654 τοιούτου,

259 3662 362 3740 δποία
393 3673 485 3739 ἐστίν
517 3663 537 3757 ή
568 3665 667 3754 φύσις
698 3673 761 3738 τοῦ
787 3675 979 3759 σωματικοῦ
1005 3664 1128 3753 τόπου,
1156 3676 1210 3738 καί
1233 3666 1385 3759 δεόμενοι
1407 3675 1469 3740 τοῦ
1490 3671 1560 3742 σώ-

344 3887 362 3942 2
390 3887 451 3956 Vgl.
474 3890 498 3942 Il
524 3890 587 3943 Kor.
609 3891 638 3954 5,
660 3891 685 3942 4.
716 3917 749 3926 -
779 3887 796 3942 θ
823 3887 885 3957 Vgl.
909 3889 935 3942 II
958 3888 1020 3943 Kor.
1044 3892 1073 3953 5,
1097 3894 1119 3944 1.
1146 3919 1179 3928 -
1208 3891 1246 3946 10
1273 3889 1384 3959 vgl.11
1407 3890 1471 3946 Kor.
1493 3893 1520 3954 5,
1545 3895 1555 3944 1

259 3971 361 4112 (115Κὲ31.
381 3976 421 4034 15,
439 3973 490 4041 53).
508 4003 541 4012 -
562 3972 600 4030 12
622 3972 683 4042 Vgl.
703 3973 713 4025 Ι
731 3971 800 4028 Tim.
823 3975 906 4034 6,11.
936 3974 961 4026 11
979 3972 1048 4028 Tim.
1067 3976 1091 4034 3.
1110 3977 1149 4028 11.
1168 4004 1201 4012 -
1221 3974 1259 4030 1ss
1277 3992 1302 4028 u.
1322 3975 1361 4030 18
1384 3974 1559 4046 Vgl.1K0r.

345 4251 362 4306 2
386 4245 448 4320 (τὸ)
468 4251 532 4320 fflge
549 4249 594 4303 ich
612 4251 664 4304 mit
681 4251 728 4308 Bo.
747 4251 843 4314 (Νοίειε
861 4271 886 4323 p.
904 4255 964 4320 401)
988 4270 1013 4305 υ.
1032 4252 1091 4306 Del.
1111 4251 1155 4306 ein
1176 4253 1180 4318 Ι
1199 4253 1216 4307 3
1240 4251 1359 4322 δεομένη
1377 4253 1489 4308 J0100“·
1500 4255 1560 4311 Del.

260 4333 385 4410 δεομένῳ
403 4335 532 4406 ΑΗο.θρ.
552 4337 557 4404 )
581 4337 594 4391 ί
617 4336 722 4408 χορίον
739 4340 764 4392 Α
784 4337 895 4409 χωρίον
911 4337 1062 4406 M*Ausgg.
1084 4340 1088 4404 Ι
1107 4337 1124 4391 θ
1146 4335 1237 4391 Ιτίιιίετ
1256 4332 1379 4406 σκήνους
1396 4345 1428 4403 ÷
1446 4341 1495 4394 καί
1514 4339 1559 4393 Βο.

260 4420 358 4489 (Notae
375 4440 400 4492 p.
418 4421 478 4490 401)
497 4421 564 4488 Del„
589 4421 659 4475 doeh
677 4421 731 4491 vgl.
750 4423 776 4474 Il
793 4421 857 4476 Kor.
875 4425 899 4490 5,
918 4426 932 4476 1
957 4423 962 4490 Ι
985 4424 1024 4478 10
1048 4425 1097 4478 καί
1116 4431 1149 4481 <
1167 4421 1214 4476 Βο.
1233 4420 1331 4491 (Notae
1349 4441 1374 4494 p.
1391 4425 1453 4492 401)
1471 4424 1530 4480 Del.
1555 4427 1558 4492 )

261 4505 298 4561 18
317 4499 388 4561 αι’·τδ
407 4515 440 4565 <
458 4505 516 4560 Del.
541 4507 545 4574 )
572 4507 607 4563 15
634 4502 786 4576 τυγχάνον]
809 4500 1008 4577 τυγχάνουσαν
1031 4509 1166 4561 νεεωιιίεί
1188 4505 1235 4561 Βο.
1254 4506 1351 4576 (Notae
1369 4527 1392 4580 p.
1408 4511 1468 4577 401)
1492 4512 1496 4579 )
1521 4511 1560 4568 18

260 4584 434 4727 ἐΗνδύέιασθαι
466 4591 605 4660 MAusgg.
637 4585 796 4647 ἐνδύσασθε
828 4595 852 4646 Δ
885 4594 889 4660 )
917 4591 955 4647 22
984 4589 1107 4662 λέγομεν
1136 4591 1249 4646 ἰοῙῦῡῐῐ·
1262 4592 1322 4648 Del.
1354 4589 1512 4664 λεγόμενον
1537 4597 1561 4650 Α

286 4681 310 4729 δ.
338 4693 363 4744 p.
