3790 5526
618 410 718 466 ΚΑΤΑ
745 411 904 469 ΚΕΑΣΟΥ
925 415 968 472 vl
994 414 1151 470 15.16.17.
1514 417 1554 480 87

337 575 365 642 εί
392 575 428 644 δὲ
456 571 501 662 μῆ
530 571 614 662 μετὰ
645 580 708 646 τοῦ
736 593 843 664 μισεῖν
868 582 923 646 καὶ
950 570 1203 664 ἀπεχθάνεσθαι
1229 577 1381 664 ἐντυχων
1396 594 1480 660 -τοίς
1507 571 1555 647 εά-

253 677 422 759 αγγελίοις
449 670 644 763 φιλαλήθης
670 665 713 764 ῆν
735 669 754 746 ὁ
778 681 918 760 Κέλσος,
947 679 1128 765 ἐπέστησεν
1150 669 1201 760 ἀν,
1229 683 1263 748 τί
1286 673 1325 765 δή
1348 703 1433 747 ποτε
1454 703 1556 764 παρε-

254 766 372 860 λήφθη
398 768 589 862 κάμηλος,
612 771 653 844 τὸ
681 781 754 845 τῶν
784 771 886 864 ζῴων
919 768 1001 846 ὅσον
1030 777 1085 845 ἐπὶ
1116 781 1159 862 τῆ
1188 783 1378 864 κατασκευῇ
1408 774 1555 861 σκολιὸν,

253 867 554 961 παραβαλλόμενον
583 880 633 962 τῷ
659 880 852 963 πλουσίῳ,
875 878 930 943 καί
953 880 987 944 τί
1009 868 1105 963 αάτῷ
1126 872 1284 958 ἐβούλετο
1307 870 1328 963 ῆ
1351 873 1451 964 στενή
1475 881 1558 965 ,τῆς

217 968 441 1056 5ῥαφίδοςίί
473 971 648 1061 τρυμαλιά,
676 972 798 1062 στενήν
828 969 996 1058 φάσκοντι
1026 973 1110 1044 είναι
1140 979 1195 1044 καί
1227 978 1454 1064 τεθλιμμένην
1477 973 1557 1063 (τήν

252 1061 350 1155 ὁδὸν)
381 1067 446 1159 τήν
474 1066 670 1159 άπάγοοοαν
696 1073 762 1156 ,είς
790 1069 854 1161 τήν
880 1070 1000 1160 ζωήν,“
1030 1077 1086 1142 καὶ
1117 1071 1158 1144 τὸ
1184 1071 1271 1144 κατὰ
1298 1071 1361 1144 τὸν
1387 1070 1495 1164 νόμον
1520 1079 1556 1144 δὲ

251 1163 493 1258 ,,ἀκάθαρτον“
519 1168 561 1241 τὸ
589 1177 680 1260 ζῷον
705 1166 963 1260 ἀναγεγράφθαι
985 1177 1101 1254 τοῦτο,
1128 1173 1207 1260 έχον
1226 1177 1288 1261 μέν
1308 1202 1342 1244 τι
1364 1168 1557 1246 ἀποθεκτὸν

252 1265 292 1336 τὸ
324 1275 551 1357 μαρυκᾶσθαι,
584 1273 661 1358 ἔχον
691 1275 727 1340 δέ
756 1276 812 1342 καί
842 1267 973 1357 ψεκτὸν
998 1269 1039 1342 τὸ
1065 1269 1110 1360 μή
1137 1274 1295 1360 διχηλεῐν·
1331 1269 1492 1361 ἐξήτασεν
1514 1266 1557 1344 ἀν

250 1373 306 1436 καὶ
335 1362 450 1450 ὁσάκις
479 1373 516 1440 ἐν
538 1388 611 1452 ταῖς
633 1377 741 1453 θείαις
762 1367 969 1460 παρελήφθη
989 1367 1166 1460 κάμηλος
1192 1388 1334 1459 γραφαῖς
1354 1376 1410 1440 καί
1431 1375 1486 1442 ἐπὶ
1509 1381 1555 1444 τί·

200 1481 234 1535 10
251 1495 336 1552 νων,
366 1470 422 1538 ίνα
455 1466 614 1559 θεωρήσῃ
649 1468 689 1541 τὸ
718 1475 794 1558 περὶ
824 1478 906 1542 τῶν
935 1477 1141 1542 πλουσίων
1170 1477 1233 1541 τοῦ
1263 1466 1367 1560 λόγου
1391 1469 1555 1562 βούλημα·

251 1561 313 1636 οὐκ
342 1570 451 1638 εἴασεν
480 1563 522 1640 ἀν
547 1565 774 1653 ἀβασάνιστον
798 1578 854 1640 καὶ
880 1566 922 1640 τὸ
949 1577 1190 1658 μακαρίζεσθαι
1210 1575 1271 1657 μέν
1293 1568 1374 1652 τούς
1395 1571 1554 1658 πτωχοὺς

165 1691 234 1744 144τ
250 1662 318 1736 ἀπὸ
342 1672 404 1738 τοῦ
419 1664 523 1758 Ἰησοῦ
541 1674 546 1754 Ι
565 1676 802 1754 ταλανίζεσθαι
825 1674 860 1738 δὲ
883 1669 977 1751 τοὺς
997 1674 1216 1750 πλουσίους
1237 1664 1388 1755 πότερον
1409 1673 1555 1742 ἐπὶτῶν

253 1769 431 1854 αίσθητῶν
462 1764 557 1858 αάτῷ
587 1773 696 1837 ταῦτα
814 1775 965 1855 πτωχῶν
994 1773 1049 1838 καὶ
1079 1775 1297 1852 πλουσίων,
1329 1762 1349 1857 ἢ
1381 1770 1454 1840 old&
1478 1798 1555 1841 τινα

252 1870 426 1953 πτωχείαν
460 1863 603 1949 πάντως
638 1873 906 1956 μακαριζομένην
942 1862 960 1938 ὁ
999 1862 1100 1955 λόγος
1134 1871 1189 1938 καὶ
1226 1873 1382 1939 πλοῦτον
1413 1866 1556 1952 πάντως

201 1984 233 2038 15
252 1960 394 2050 ψεκτόν·
432 1962 493 2036 οὐκ
529 1960 572 2036 ἀν
607 1965 669 2054 γάρ
704 1961 823 2038 οάθ’ὁ
860 1966 974 2054 τυχών
1004 1961 1150 2054 ἀκρίτως
1179 1965 1260 2049 τούς
1287 1966 1447 2055 πτωχοὺς
1477 1966 1555 2056 ἐπή-

252 2085 354 2184 νεσεν,
382 2055 433 2134 ὧν
459 2065 492 2136 οί
517 2070 640 2136 πολλοὶ
666 2071 722 2136 καί
749 2061 962 2153 φανλάτατοί
988 2069 1049 2134 είοι
1071 2063 1113 2136 τά
1135 2060 1213 2155 ήθη.
1256 2061 1341 2137 ἀλλὰ
1363 2073 1555 2152 ταῦταμὲν

251 2190 369 2251 ταυτη.

332 2285 432 2351 XVII.
465 2276 552 2351 Ἐπεὶ
574 2277 606 2351 θ’
626 2281 700 2370 ἑξῆς
722 2285 921 2366 ἐξευτελίσαι
942 2277 1147 2370 βουλόμενος
1169 2278 1217 2351 τά
1238 2287 1328 2370 περὶ
1351 2289 1554 2368 βασιλείας

250 2386 349 2452 θεοῦ
381 2387 586 2470 γεγραμμένα
614 2377 693 2468 παρ’
717 2376 795 2469 ῆμῑν
825 2378 963 2451 τούτων
991 2385 1053 2469 μέν
1078 2375 1176 2450 οάδέν
1201 2386 1373 2470 παρέθετο
1400 2379 1448 2465 ως
1477 2379 1555 2454 οὐδὲ

198 2495 233 2550 20
251 2483 311 2568 τῆς
338 2477 418 2568 παρ’
438 2478 534 2570 αὐτῷ
561 2475 656 2566 ἀξιον
682 2476 895 2569 ἀναγραφῆς,
922 2476 1008 2567 τάχα
1034 2484 1105 2550 ἐπεί
1130 2485 1214 2568 μηδὲ
1235 2474 1307 2566 ήδει
1328 2476 1428 2566 αὐτὰ,
1451 2479 1553 2554 Πλά-

249 2607 380 2662 τωνος
410 2585 445 2650 δὲ
476 2587 600 2667 λέξεις
628 2583 801 2651 ἐκτίθεται
829 2575 896 2651 ἀπό
932 2608 968 2650 τε
1004 2585 1088 2652 τῶν
1118 2581 1349 2650 ἐπιστολῶν
1384 2588 1448 2651 καὶ
1480 2588 1553 2652 τοῦ

251 2685 439 2769 Φαίδρου,
467 2677 516 2763 οάς
538 2679 675 2751 τούτων
694 2685 755 2770 μὲν
782 2683 933 2761 ἐνθέως
954 2683 1189 2769 εἰρημένων,
1212 2674 1311 2752 οὐδὲν
1333 2685 1368 2752 δὲ
1390 2688 1554 2754 τοιοῦτον

249 2774 401 2866 ἐχόντων
428 2784 502 2850 τῶν
524 2776 694 2870 ἡμετέρων
715 2776 933 2869 γραμμάτων·
963 2784 1043 2867 φέρε
1063 2772 1159 2866 ὀλίγα
1179 2775 1554 2871 παραβάλωμενπαρα-

247 2883 376 2961 θέσεως
399 2881 510 2950 ἕνεκεν
532 2885 593 2969 τῆς
614 2877 701 2968 πρὸς
723 2879 766 2950 τὰ
781 2877 968 2951 Πλάτωνι
990 2874 1052 2948 οὐκ
1073 2874 1254 2961 ἀπιθάνως
1267 2884 1329 2966 μἐν
1351 2882 1558 2970 είρημένα,

197 2993 230 3048 25
249 2974 289 3048 οά
314 2977 381 3067 μήν
407 2984 462 3049 καὶ
486 2983 650 3050 διαθέντα
671 2978 734 3050 τὸν
758 2974 951 3066 φιλόσοφον
973 2976 1073 3063 ἀξίως
1094 2971 1158 3048 κάν
1179 2974 1273 3067 αάτῷ
1295 2973 1553 3070 ἀναστραφῆναι

248 3081 285 3148 ἐν
312 3084 355 3166 τῆ
381 3079 467 3164 πρὸς
493 3078 556 3149 τὸν
582 3078 731 3168 ποιητήν
759 3083 831 3148 τῶν
858 3071 952 3149 ὅλων
977 3074 1134 3170 εὐσεβείᾳ·
1168 3071 1211 3164 ῆν
1236 3079 1336 3166 ἐχρῆν
1361 3077 1405 3167 μή
1433 3079 1551 3150 νοθεύ-

248 3203 298 3247 ειν
318 3180 400 3266 μηδὲ
421 3185 565 3266 μιαίνειν
585 3185 637 3265 τῆ,
661 3175 708 3259 αίς
730 3172 821 3266 ἡμεῖς
843 3170 1061 3266 ὀνομάζομεν,
1084 3182 1352 3267 είδωλολατρείᾳ,
1375 3173 1423 3260 οίς
1445 3183 1551 3248 δὲκαὶ

248 3279 280 3347 οί
300 3283 426 3348 πολλοὶ
448 3282 577 3366 λέγοιεν
598 3271 641 3348 ἀν
661 3275 829 3364 χρώμενοι
852 3282 902 3363 τῷ
925 3270 1079 3363 ὀνόματι,
1100 3281 1155 3346 καὶ
1178 3283 1220 3364 τῆ
1242 3280 1490 3368 δεισιδαιμονίᾳ.

331 3470 351 3526 4
369 3471 432 3541 Vgl.
451 3471 538 3526 Μειίι.
557 3474 598 3538 10,
616 3473 657 3528 25.
676 3501 707 3512 -
726 3473 742 3528 5
759 3469 823 3542 vgl.
836 3470 933 3524 Matth.
947 3472 970 3538 λ,
984 3471 1025 3524 14.
1043 3500 1075 3508 -
1096 3473 1110 3528 7
1131 3469 1360 3539 Vgl.Lev.11,4.
1377 3499 1411 3510 -
1430 3471 1467 3528 11
1487 3469 1550 3542 vgl.

247 3556 344 3611 Matth.
363 3559 387 3622 5,
405 3558 429 3612 3.
453 3555 520 3612 Luk.
539 3559 563 3622 6,
581 3557 622 3614 20.
640 3587 673 3597 -
693 3556 731 3612 12
751 3554 814 3626 vgl.
832 3555 899 3610 Luk.
917 3557 941 3620 6,
959 3556 1000 3611 24.
1025 3558 1065 3620 16,
1084 3555 1193 3610 19-31.

332 3733 347 3788 1
371 3727 397 3790 εί
416 3729 446 3788 δέ
462 3725 511 3802 μή]
534 3731 561 3787 εί
581 3729 610 3786 δέ
627 3726 682 3786 κάν
698 3733 841 3786 νεειοαίεα
859 3731 906 3784 Βο.
925 3730 1023 3799 (Notae
1040 3749 1065 3801 p.
1084 3731 1144 3799 394)
1161 3747 1187 3785 ο.
1206 3730 1265 3785 Del.
1289 3729 1311 3797 (1
1327 3729 1378 3786 642
1396 3731 1476 3784 Anm.
1495 3730 1523 3798 b)
1544 3731 1547 3799 Ι

245 3817 339 3872 θεῶν
355 3811 447 3892 ζῴων]
471 3820 548 3885 ζῶον
564 3817 628 3872 lieet
645 3816 728 3870 Guiet
745 3815 801 3884 (bei
818 3815 878 3870 Del.
896 3817 908 3868 1
926 3815 977 3870 642
995 3817 1075 3868 Anm.
1093 3817 1118 3883 ε)
1140 3815 1212 3870 ohne
1230 3813 1325 3868 Grund
1344 3815 1348 3880 Ι
1367 3814 1384 3870 ἐ
1406 3807 1549 3884 τρυμαλιά

245 3904 271 3955 Α
291 3902 433 3969 τρυμαλία
455 3905 557 3972 Ausgg.
585 3903 589 3968 Ι
616 3894 681 3970 (τήν
699 3894 783 3970 ὁδὸν)
807 3900 871 3968 stige
892 3898 938 3954 ich
961 3899 1032 3952 nach
1055 3899 1117 3953 dem
1135 3899 1167 3955 N.
1185 3899 1215 3954 T.
1232 3897 1284 3952 mit
1301 3897 1354 3952 den
1371 3897 1474 3966 Ausgg.
1493 3897 1550 3962 eim

245 3985 294 4040 der
315 3984 458 4040 Schreiber
480 3985 516 4040 ist
539 3984 612 4040 wohl
630 4002 683 4040 von
702 3985 764 4040 dem
783 3986 872 4040 ersten
889 4002 922 4038 zu
941 3983 1003 4038 dem
1022 3983 1137 4037 zweiten
1154 3976 1206 4052 τήν
1224 3982 1346 4052 abgeirrt
1367 3983 1373 4052 Ι
1396 3983 1410 4038 ί
1429 3977 1548 4038 ἀποδεκ-

244 4062 298 4124 τίν
314 4072 339 4125 Δ
358 4063 517 4124 ἀπόδεκτον
533 4073 635 4140 Ausgg.
659 4071 663 4138 Ι
688 4071 706 4128 8
729 4073 918 4141 μαρυκᾱσθαι
939 4069 1018 4124 ΑΗὸ.
1026 4069 1069 4139 Sp.
1087 4071 1275 4140 μηροκᾶσθαι
1293 4067 1353 4122 Del.
1374 4069 1378 4136 Ι
1400 4068 1438 4122 18
1459 4066 1550 4120 hinter

245 4159 335 4212 ταῦτα
352 4153 453 4210 οἰιωοί
470 4155 529 4210 Del.
547 4156 570 4222 (Ι
587 4157 638 4211 642
655 4157 735 4210 Ααοι.
755 4155 782 4224 (1)
800 4155 854 4210 mit
870 4154 965 4214 nocht.
983 4171 1017 4208 w,
1029 4170 1052 4208 e.
1064 4153 1130 4220 neh„
1148 4153 1201 4208 den
1218 4151 1326 4206 Auesall
1344 4151 1419 4206 einen
1431 4150 1548 4214 Wortm,

245 4259 268 4294 z.
274 4241 305 4296 B.
318 4235 438 4311 είρηται,
451 4257 486 4294 an
501 4241 506 4307 Ι
523 4239 560 4296 18
579 4235 758 4310 ἐξευτελῆοαι
770 4245 795 4294 A
809 4241 814 4308 1
830 4239 869 4296 28
886 4227 1103 4308 παραβάλωμεν
1114 4239 1138 4290 Α
1149 4233 1383 4308 παραβάλλωμεν
1393 4235 1549 4304 ΜΑαεςΜ

245 4324 284 4382 25
307 4319 392 4392 ἀξίως
412 4317 467 4380 κᾶν
489 4317 575 4396 αὐτῷ]
599 4318 685 4390 ἀξίως
705 4325 756 4380 καί
778 4316 866 4382 αέτόν
887 4322 953 4378 oder
971 4314 1052 4386 ἀξιον
1069 4322 1119 4376 καί
1136 4313 1225 4376 αὐτὸν
1242 4321 1378 4374 εειοιοίεί
1395 4319 1477 4374 Guiet
1494 4318 1548 4384 (bei

243 4409 303 4464 Del.
322 4412 333 4465 I
352 4411 402 4465 642
420 4413 501 4464 Anm.
520 4411 557 4477 e);
580 4408 729 4478 jedenfalls
751 4409 787 4464 ist
805 4403 881 4481 αὐτῷ
903 4406 1038 4476 εοείθεεὶς
1053 4423 1080 4460 u.
1099 4404 1240 4460 vielleicht
1256 4421 1305 4458 αοε
1323 4398 1413 4460 αὐτὸν
1429 4407 1549 4459 entmu-

244 4495 309 4559 σεο,
332 4495 423 4551 iudom
445 4488 501 4550 κᾶν
523 4495 563 4550 als
580 4488 635 4550 κάν
653 4497 692 4564 (εο
710 4494 732 4547 P
751 4493 836 4548 durch
854 4491 1007 4561 (δονήσεται)
1026 4490 1177 4560 εοίςείεεεί
1196 4489 1288 4544 wurde
1311 4488 1316 4558 Ι
1341 4488 1380 4544 26
1407 4483 1546 4557 νοθεύειν]

243 4577 389 4636 νοθεύθειν
408 4583 440 4634 A.
