3758 5564
621 514 710 569 που
732 514 867 570 muz
894 515 946 586 τι,
963 517 988 572 ο.
1005 516 1029 570 ο.
1049 517 1089 572 10.
1294 595 1298 608 Ι
1441 525 1501 588 369

199 681 260 765 τῆς
282 671 395 759 οῦσίας
410 671 508 747 ταῦτ’
523 674 708 767 εἰρήκαμεν,
732 673 854 766 ἄρτος
875 682 911 748 δὲ
932 681 969 748 έν
984 694 1056 759 τοῖς
1071 674 1137 766 πρὸ
1153 673 1292 749 τούτων
1307 677 1432 768 νοητδς
1446 671 1499 768 ἦν,

200 771 241 848 ὃν
267 781 375 847 αἰτεῖν
405 770 490 864 ἡμᾶς
520 779 634 865 ἐχρῆν,
667 773 852 864 ἀναγκαῖον
887 783 1027 866 συγγενῆ
1057 783 1113 866 τῷ
1145 771 1253 866 ἀρτῳ
1285 775 1349 866 τὴν
1383 774 1500 851 ούσίαν

199 877 284 948 εἰναι
311 893 413 946 νοεῖν·
443 871 484 946 ἵν’
508 869 623 965 ὥσπερ
649 871 668 947 ό
691 873 880 967 σωματικὸς
903 871 924 947 ἀ
931 905 1025 965 ρτος
1046 872 1284 966 ἀναδιδόμενος
1307 881 1353 959 εἰς
1374 875 1415 948 τὸ
1438 887 1501 950 τοῦ

199 980 411 1066 τρεφομένου
432 982 527 1065 σῶμα
548 995 654 1064 χωρεῖ
678 972 785 1048 αύτοῦ
812 981 858 1058 εἰς
885 974 948 1064 τὴν
976 973 1105 1062 ούσίαν,
1134 968 1248 1058 ούτως
1270 969 1310 1058 „6
1333 983 1423 1062 ζῶνθ’
1443 985 1499 1050 καὶ

163 1079 254 1162 5,,έξ
275 1070 442 1165 ούρανοῦκ
468 1077 707 1164 καταβεβηκὼς
733 1071 897 1164 ,,ἀρτος“
923 1071 1164 1165 ἀναδιδόμενος
1188 1077 1233 1158 εἰς
1254 1071 1318 1145 τὸν
1340 1082 1423 1147 νοῦν
1443 1086 1500 1150 καὶ

197 1173 262 1265 τὴν
287 1173 400 1264 φυγὴν
424 1179 559 1264 μεταδῷ
592 1181 653 1265 τῆς
685 1180 771 1259 ἰδίας
797 1170 968 1264 δυνάμεως
999 1181 1049 1266 τῷ
1080 1170 1345 1265 έμπαρεσχηνιότι
1377 1175 1500 1250 έαυτδν

197 1281 241 1363 τῇ
280 1270 340 1346 ἀπ)
370 1270 475 1346 αύτοῦ
510 1282 641 1363 τροφῇ·
676 1280 731 1346 καὶ
767 1267 880 1358 ούτως
920 1278 1013 1346 ἔσται
1053 1269 1094 1348 δν
1131 1279 1289 1364 αἰτοῦμεν
1324 1269 1500 1365 ,,ἀρτον“

129 1373 454 1458 261,,έπιούσιον.“
488 1381 544 1444 καί
563 1382 567 1460 Ι
585 1371 689 1445 πόλιν
711 1368 753 1445 δν
774 1370 908 1463 τρόπον
929 1372 1017 1445 κατὰ
1040 1372 1106 1462 τὴν
1126 1369 1298 1463 ποιότητα
1319 1381 1380 1465 τῆς
1401 1405 1499 1466 ,τρο-

199 1480 274 1564 φῆς,
277 1483 296 1512 “
317 1480 495 1562 ,στερεᾶς“
517 1469 621 1563 ούσης
634 1479 691 1544 καί
706 1469 872 1563 ἀθληταῖς
888 1467 1131 1562 ἀρμοζούσηςῆ
1146 1473 1386 1561 γαλακτώδους
1407 1475 1501 1560 τινός

147 1581 181 1636 10
197 1580 253 1644 καὶ
276 1573 503 1661 λαχανοόδους,
530 1577 567 1644 έν
584 1569 748 1692 διαφόρῳ
776 1567 956 1662 δυνάμει(
938 1601 956 1642 ο
984 1569 1196 1695 τρεφόμενος
1218 1579 1358 1661 γίνεται,
1386 1569 1500 1660 ούτως

197 1668 393 1743 ἀκόλουθόν
420 1677 504 1756 ἐστι,
537 1677 600 1742 τοῦ
636 1666 740 1759 λόγου
769 1677 833 1742 τοῦ
862 1677 947 1743 θεοῦ
977 1667 1055 1762 ἤτοι
1076 1701 1125 1754 ως
1155 1667 1322 1760 γάλακτος
1353 1681 1499 1759 παιδίοις

196 1767 415 1860 ἁρμοζόντως
440 1765 663 1859 διδομένου
643 1798 664 1857 η
695 1767 744 1854 ὦς
774 1765 921 1859 λαγύνου
949 1766 1152 1844 ἀσθενοῦσιν
1182 1767 1423 1861 ἐπιτηδείως
1403 1801 1424 1862 η
1450 1771 1498 1858 τός

196 1870 320 1960 σαρκός
345 1867 607 1994 ἀγωνιζομένοις
626 1874 883 1959 προσ<καίρως>,
912 1863 1055 1942 έκάστον
1076 1877 1150 1941 τῶν
1171 1875 1393 1990 τρεφομένων
1412 1872 1499 1944 κατὰ

197 1970 261 2061 τὴν
282 1961 526 2060 ἀναλογίαν,
499 2001 528 2059 ῳ
550 1969 783 2060 έμπαρέσχεν“
771 1966 895 2040 εαυτὸν
920 1965 1022 2059 λόγῳ,
1039 1965 1119 2040 τόδε
1137 1999 1172 2041 τι
1193 1996 1213 2058 η
1236 1965 1314 2040 τόδε
1336 1968 1499 2042 δύνασθαι

147 2079 179 2132 15
195 2077 251 2141 καί
273 2066 408 2142 τοιόνδε
429 2064 450 2160 ἢ
466 2066 601 2142 τοιόνδε
616 2077 776 2159 γίνεσθαι.
813 2069 882 2138 ἔστι
897 2073 1015 2156 μέντοι
1035 2095 1073 2156 γε
1087 2073 1138 2151 τίς
1153 2075 1352 2158 νομιζομένη
1375 2069 1498 2160 τροφὴ,

197 2161 282 2242 οὖσα
307 2167 523 2260 δηλητήριος,
553 2176 609 2239 καὶ
643 2167 741 2257 ἑτέρα
771 2164 953 2250 νοσοποιός
972 2173 1028 2237 καὶ
1058 2161 1144 2257 ἀλλη
1180 2171 1262 2256 μηδὲ
1287 2164 1500 2260 ἀναδοθῆναι

196 2275 378 2360 δυναμένη·
400 2262 486 2358 ἅπερ
508 2265 623 2340 πάντα
645 2263 720 2338 κατ’
742 2263 926 2356 ἀναλογίαν
947 2271 1166 2356 μετενυιτέον
1190 2271 1260 2338 ἐστὶ
1286 2275 1341 2338 καὶ
1361 2271 1416 2340 ἐπὶ
1438 2266 1499 2352 τὰς

196 2368 361 2458 διαφορὰς
375 2375 449 2440 τῶν
463 2373 693 2457 νομιζομένων
707 2373 888 2456 τροφίμων
902 2362 1124 2456 μαθημάτων.
1154 2364 1359 2450 έπιούσιος
1379 2376 1499 2440 τοίνυν

196 2463 317 2558 ἀρτος
348 2463 367 2539 δ
397 2474 441 2556 τῇ
472 2466 569 2555 φύσει
599 2473 642 2556 τῇ
668 2473 787 2556 λογικῇ
812 2461 1112 2554 καταλληλότατος
1137 2473 1193 2536 καὶ
1219 2472 1262 2554 τῇ
1287 2461 1383 2557 ου’σίςι
1414 2464 1499 2557 αὐτῇ

145 2574 179 2630 20
195 2565 364 2657 συγγενὴς,
386 2563 501 2656 ῦγείαν
522 2559 590 2654 όμα
616 2573 671 2636 καὶ
698 2563 824 2651 εύεξίαν
849 2573 906 2635 καὶ
932 2563 1026 2652 ἰσχῦν
1046 2573 1238 2654 περιποιοῦν
1264 2571 1307 2654 τῇ
1331 2573 1422 2656 φυγῇ
1442 2575 1498 2637 καὶ

196 2671 256 2756 τῆς
281 2669 367 2749 ἰδίας
393 2662 579 2749 ἀθανασίας
601 2661 792 2748 (ἀθάνατος
818 2661 881 2754 γὰρ
908 2658 927 2733 δ
954 2659 1054 2751 λόγος
1084 2669 1148 2735 τοῦ
1179 2669 1276 2751 θεοῦ)
1301 2665 1499 2754 μεταδιδούς

196 2773 246 2856 τῷ
269 2771 422 2838 έσθίοντι
444 2762 558 2838 αύτοῦ.

279 2875 326 2936 16.
362 2855 466 2949 οὗτος
487 2859 568 2954 δὴ’“
550 2893 568 2935 ο
590 2857 837 2988 έπμούσιος
817 2891 937 2953 αρτος
959 2857 1054 2952 ἀλλῳ
1070 2857 1214 2951 δνόματι
1229 2867 1322 2936 δοκεῖ
1333 2891 1389 2951 μοι
1404 2868 1498 2936 έν
1456 2894 1498 2953 τη

195 2971 343 3054 γραφῇ,
345 2963 459 3051 ,ξύλον
486 2970 594 3054 ζωῆςα
621 2960 835 3052 ω’νομάσθαι,
862 2956 960 3052 ἔφη
942 2989 1025 3050 οπερ
1051 2957 1071 3033 6
1097 2967 1245 3045 ἐκτείνας
1274 2963 1361 3053 ,τὴν
1385 2973 1499 3053 χεῖρα(

144 3071 178 3126 25
194 3071 250 3136 καί
272 3061 430 3149 λαβών’
410 3059 467 3136 απ’
490 3058 596 3135 αῦτοῦ
617 3060 773 3153 ,ζήσεται
799 3069 846 3146 εἰς
871 3061 935 3135 τὸν
963 3067 1101 3134 αἰοῦνα.α
1141 3057 1376 3152 καὶτρίτῳ’
1357 3059 1499 3151 ονόματι

194 3169 300 3235 τοῦτο
324 3161 364 3234 τὸ
386 3162 530 3250 ,,ξῦλον“
552 3168 697 3250 ,,σοφία“
719 3169 782 3235 τοῦ
798 3167 885 3234 θεοῦ
901 3158 1102 3250 όνομάζεται
1115 3159 1206 3248 παρὰ
1225 3167 1277 3251 τῷ
1293 3169 1499 3252 Σολομιῦντι

194 3261 249 3334 διὰ
273 3260 425 3333 τούτων·
460 3260 584 3348 ,ξύλον
611 3268 700 3352 ζωῆς
726 3267 797 3334 ἐστι
826 3268 909 3334 πᾶσι
938 3279 1011 3344 τοϊς
1041 3256 1276 3349 ἀντεχομένοις
1302 3256 1421 3350 αὐτῆς,
1442 3270 1497 3333 καὶ

195 3379 267 3446 τοῖς
288 3367 552 3449 έπερειδομένοις
574 3358 622 3444 οῦς
645 3367 700 3433 έπί
720 3361 839 3450 κύριον
861 3357 1043 3450 ἀσφαλής.“
1085 3363 1156 3430 έπεί
1178 3363 1290 3428 δὲκαὶ
1313 3363 1345 3431 οἰ
1367 3356 1498 3449 ἄγγελοι

195 3467 297 3553 σοφίᾳ
324 3465 511 3548 τρέφονται
536 3465 637 3545 θεοῦ,
664 3456 733 3532 ἀπὸ
763 3467 823 3551 τῆς
850 3457 938 3532 κατὰ
970 3458 1035 3548 τὴν
1069 3453 1233 3548 ἀλήθειαν
1263 3458 1347 3548 μετὰ
1377 3468 1498 3548 σοφίας

142 3565 177 3622 30
193 3569 341 3651 θεωρίας
367 3557 612 3650 δυναμούμενοι
638 3557 725 3647 πρὸς
751 3556 791 3630 τό
819 3557 862 3631 τὰ
894 3563 962 3631 ἰδια
993 3561 1072 3646 ἔργα
1097 3560 1276 3642 ἐπιτελεῖν,
1304 3566 1436 3648 λέγεται
1461 3564 1499 3632 ἐν

193 3668 339 3750 φαλμοῑς
360 3667 415 3730 καὶ
431 3658 512 3743 τούς
527 3655 687 3749 ἀγγέλους
702 3665 897 3748 τρέφεσθαι,
918 3654 1186 3729 κοινωνούντων
1202 3665 1277 3730 τῶν
1296 3655 1498 3748 ἀνθρώπων

278 3848 298 3904 4
320 3845 383 3916 73].
401 3846 462 3902 Joh.
475 3847 499 3912 6,
517 3847 558 3900 51.
577 3875 610 3886 -
627 3847 642 3901 7
660 3846 699 3903 18
717 3847 755 3902 26
773 3845 836 3914 Vgl.
850 3845 987 3908 Mamm,
1002 3847 1040 3898 11.
1060 3843 1180 3909 hukn,
1195 3845 1234 3900 13.
1253 3875 1283 3884 -
1303 3846 1321 3901 8
1341 3845 1403 3915 731.
1414 3845 1497 3902 Hebr.

192 3933 217 3996 5,
228 3933 337 3988 12-14.
357 3931 435 3985 Βδω.
449 3933 488 3991 14,
501 3930 518 3984 2
530 3947 556 3985 u.
568 3931 639 3984 oben
651 3929 677 3984 S.
689 3931 740 3986 666
752 3931 778 3983 Ζ.
789 3929 843 3984 411.
857 3959 887 3970 -
903 3929 941 3986 16
960 3927 1024 3997 731.
1035 3927 1097 3985 Joh.
1111 3931 1133 3992 1,
1147 3931 1187 3984 14.
1205 3957 1239 3968 -
1259 3929 1296 3986 16
1316 3929 1496 3999 7311111111).

192 4019 217 4081 4,
234 4015 269 4072 40
284 4033 311 4069 υ.
329 4015 466 4083 Origenes.
485 4013 589 4069 Gomm.
607 4014 634 4066 in
653 4015 714 4069 Joh.
733 4015 797 4068 XIII
815 4015 849 4070 33
866 4017 942 4082 (tom.
960 4013 1080 4083 113162
1098 4012 1140 4067 ed.
1158 4012 1272 4076 Lomm..
1290 4015 1302 4067 I
1319 4014 1379 4080 282,
1396 4015 1429 4070 29
1438 4031 1497 4084 sqq.

192 4099 235 4154 ed.
253 4099 378 4167 Brooke).
397 4129 428 4138 -
447 4098 485 4154 21
507 4098 569 4167 Vgl.
588 4099 649 4152 Joh.
669 4103 692 4162 1,
711 4101 734 4152 1.
751 4128 785 4138 -
803 4097 844 4154 24
863 4097 926 4166 vgl.
939 4097 1007 4152 Gen.
1024 4098 1048 4165 2,
1067 4098 1091 4152 θ.
1115 4100 1139 4161 3,
1157 4099 1199 4154 22.
1218 4127 1250 4138 -
1268 4099 1304 4154 27
1321 4099 1399 4153 Prov.
1413 4100 1438 4166 3,
1457 4101 1497 4156 18.

276 4252 291 4308 7
312 4253 362 4306 καὶ
384 4239 539 4314 οὓτως-8
561 4245 719 4319 ἐπιούσιον]
742 4251 792 4304 καί
815 4235 900 4313 οὗτος
918 4242 998 4304 ἔσται
1022 4236 1056 4302 δν
1074 4244 1217 4317 αἰτοῦμεν,
1239 4241 1330 4320 ἄρτος
1350 4243 1497 4314 έπιούσιος

192 4339 329 4392 vermutet
346 4335 405 4390 Del.
424 4333 641 4404 (1247Anm.b)
658 4335 662 4402 Ι
677 4335 697 4390 θ
715 4329 917 4404 γαλακτύδους
934 4349 988 4386 von
1006 4333 1026 4386 1.
1039 4331 1072 4386 Η.
1091 4350 1140 4387 τοι
1156 4327 1353 4402 γαλακτύδους
1369 4333 1471 4389 corr.'I
1491 4344 1494 4402 γ

193 4421 232 4477 16
250 4419 474 4492 προσριαίρως),
493 4413 618 4474 ἕκαστον
635 4419 758 4473 schreibe
775 4418 828 4482 ioh,
846 4411 1036 4489 προσφόροις,
1054 4411 1180 4473 ἕκαστον
1196 4418 1272 4472 Bona
1290 4417 1496 4486 υ.1)ε1.(1247

191 4509 271 4560 Anm.
290 4509 327 4573 ο),
350 4499 477 4560 ἕκαστον
493 4503 576 4572 Angl.
595 4503 648 4570 (bei
667 4502 727 4557 Del.
745 4503 856 4572 192412)
877 4496 954 4572 πρὸς
970 4495 1095 4557 ἕκαστον
1116 4500 1257 4571 ΤΔυι33.
1273 4501 1333 4570 119
1354 4505 1495 4573 καταλλη-

191 4583 324 4661 λότατος]
342 4582 593 4659 καταλληλότερσς
610 4587 826 4656 0610661211
844 4580 885 4658 δὴ]
905 4578 1284 4656 δέΑιι31.1σ.α.Ο.)Ι28
1264 4604 1303 4650 ως
1321 4581 1368 4641 έπί
1384 4582 1496 4660 κύριον]

191 4691 231 4738 ως
248 4669 294 4729 ἐπὶ
310 4674 394 4729 κίονα
414 4673 490 4726 Boni„
508 4671 564 4740 (bei
581 4672 641 4727 Del.
660 4673 672 4726 I
690 4674 740 4728 247
758 4677 840 4728 Anm.
858 4673 891 4742 ο).

250 4759 367 4814 origenes
381 4757 412 4802 11.
1252 4758 1286 4810 24
