3790 5526
364 507 422 568 116
904 498 1125 552 ΩΡΙΡΕΝΟΥΣ

361 663 476 751 ῥιπτεῖ
503 654 522 730 ό
545 665 683 744 Κέλσος,
713 687 795 732 ουτε
826 663 869 733 τά
899 663 936 732 ἐν
963 667 1013 750 τῷ
1038 659 1162 749 Δανιὴλ
1184 655 1265 731 οῦτε
1287 657 1329 730 τά
1351 656 1443 748 παρά
1467 662 1519 744 τῷ
1541 653 1666 746 Παύλῳ

362 757 529 850 ἀναγνούς
550 767 627 848 περὶ
649 755 756 831 αότοῦ
779 763 934 850 εἰρημένα
956 757 1037 833 οῦτε
1059 759 1102 832 τὰ
1124 765 1161 831 ἐν
1183 779 1256 843 τοῖς
1283 756 1488 848 εὐαγγελίοις
1513 752 1581 829 ῦπὸ
1603 761 1667 828 τοῦ

362 865 518 950 σωτῆρος
541 865 828 949 προφητευθέντα
847 868 924 949 περὶ
946 867 1007 948 τῆς
1032 867 1217 950 παρουσίας
1243 855 1361 941 αῦτοῦ,
1389 853 1485 945 όλίγα
1510 863 1566 928 καὶ
1590 863 1668 944 περί

362 957 489 1030 τούτου
515 965 664 1042 λεκτέον,
698 952 753 1030 ότι
786 953 922 1049 ,ὥσπερ
953 957 1014 1049 οῦχ
1044 954 1143 1048 ὅμοια
1171 955 1339 1048 πρόσωπα
1367 956 1580 1044 προσώποις,
1611 949 1668 1028 οῦ-

327 1072 432 1142 5τως
457 1054 534 1129 οῦδὲ
562 1061 597 1128 αί
622 1063 755 1146 καρδίαι
782 1054 895 1148 ὅμοιαι
922 1079 996 1144 ταις
1021 1065 1171 1149 καρδίαις
1193 1066 1267 1129 τών
1288 1053 1519 1144 άνθρώπων.“
1562 1061 1667 1145 δῆλον

361 1151 416 1230 ότι
438 1159 504 1228 εἶεν
535 1150 578 1228 όν
604 1161 642 1227 ἐν
671 1177 766 1242 ,ταῖς
786 1167 938 1249 καρδίαις
965 1167 1038 1232 τών
1065 1154 1287 1246 ἀνθρώπωνκ
1318 1164 1478 1244 διαφοραὶ
1506 1163 1563 1226 καὶ
1594 1161 1667 1226 τών

359 1258 446 1346 πρὸς
467 1258 509 1330 τό
535 1255 644 1328 καλὸν
666 1255 889 1344 νενευκότων,
915 1257 978 1331 οόκ
998 1256 1049 1331 ἐπ’
1070 1263 1142 1348 ἴσης
1163 1265 1218 1329 καλ
1244 1264 1487 1346 παραπλησίως
1505 1252 1667 1345 ἀλλήλοις

360 1358 506 1429 πάντων
537 1363 777 1428 τυπωθέντων
806 1365 862 1428 καὶ
896 1365 1159 1448 μορφωθέντων
1192 1359 1279 1446 πρὸς
1309 1353 1403 1440 αὐτὸ,
1433 1362 1489 1426 καὶ
1520 1361 1594 1427 τών
1624 1349 1666 1425 δι’

360 1451 517 1544 ἀμέλειαν
539 1461 605 1527 τοῦ
627 1463 736 1528 καλοῦ
758 1461 813 1528 ἐπὶ
835 1459 878 1530 τὰ
900 1463 1063 1530 ἐναντία
1089 1452 1284 1550 ᾇττόντων·
1306 1464 1362 1526 καί
1384 1460 1421 1526 ἐν
1442 1453 1581 1537 τούτοις
1603 1453 1666 1542 γάρ

309 1568 344 1624 10
361 1559 398 1626 ἐν
419 1555 469 1639 σίς
490 1561 552 1642 μέν
574 1561 645 1627 ἐστι
664 1552 796 1646 σφόδρα
816 1565 978 1648 κεχυμένη
1001 1555 1141 1648 ἡκακία
1163 1561 1200 1628 ἐν
1222 1557 1273 1640 οίς
1299 1553 1329 1626 δ’
1355 1555 1408 1627 ἐπ’
1431 1559 1589 1626 ἔλαττον·
1632 1559 1667 1623 τί

361 1647 425 1727 σῦν
446 1651 580 1726 ίτοπον
602 1653 674 1740 δύο,
696 1653 738 1726 ἵν’
761 1649 876 1740 οῦτως
897 1653 1066 1747 όνομάσω,
1088 1653 1290 1745 ἀκρότητας,
1313 1654 1378 1746 τὴν
1398 1661 1460 1745 μὲν
1479 1659 1543 1726 τοῦ
1557 1658 1666 1724 καλοῦ

360 1753 425 1844 τὴν
447 1759 482 1826 δὲ
504 1759 569 1826 τοῦ
590 1757 792 1842 ἐναντίου,
825 1760 863 1827 ἐν
887 1753 1086 1843 ἀνθρώποις
1112 1766 1272 1846 γίνεσθαι,
1300 1749 1390 1826 ώστε
1416 1753 1480 1843 τὴν
1510 1760 1572 1844 μὲν
1601 1758 1664 1828 τοῦ

358 1859 466 1926 καλοῦ
488 1850 664 1942 ἀκρότητα
687 1857 771 1926 είναι
791 1861 829 1928 ἐν
851 1861 903 1945 τῳ
924 1856 1012 1928 κατὰ
1034 1854 1098 1928 τόν
1122 1853 1250 1945 Ἰησοῦν
1277 1859 1451 1944 νοουμένῳ
1474 1849 1664 1942 ἀνθρώπῳ,

358 1949 418 2042 ἀφ’
439 1949 521 2043 ουὴ
544 1953 691 2043 τοσαύτη
721 1957 854 2043 έβὸευσε
881 1961 931 2044 τῷ
958 1962 1045 2043 γένει
1073 1961 1145 2026 τών
1171 1951 1373 2042 ἀνθρώπων
1398 1951 1587 2042 ἐπιστροφὴ
1608 1959 1665 2022 καί

308 2065 340 2118 15
357 2062 523 2142 θεραπεία
544 2062 603 2124 καὶ
617 2061 804 2138 βελτίωσις,
827 2053 891 2144 τὴν
912 2059 947 2124 δὲ
969 2061 1033 2126 τοῦ
1055 2059 1247 2126 ἐναντίου
1267 2058 1304 2124 ἐν
1326 2058 1377 2141 τῷ
1400 2051 1487 2124 κατὰ
1510 2051 1574 2123 τόν
1589 2047 1664 2123 όνο-

356 2155 547 2243 μαζόμενσν
569 2148 804 2240 άντίχριοτσν,·
825 2152 941 2224 πάντα
962 2158 998 2223 δὲ
1020 2162 1062 2242 τῇ
1085 2155 1207 2225 ἑαυτοῦ
1229 2153 1420 2243 προγνώσει
1434 2151 1665 2240 ἐκπεριλαβών

358 2249 377 2325 ό
400 2255 482 2337 θεός
502 2259 560 2324 καί
582 2253 668 2323 ἰδών
688 2253 730 2322 τὰ
752 2261 830 2342 περὶ
850 2249 1055 2342 ἀμφοτέρων
1076 2252 1215 2325 τούτων
1236 2251 1408 2343 ἐβουλήθη
1429 2260 1506 2339 περί
1528 2249 1665 2322 τούτων

271 2368 340 2422 154r
357 2361 519 2443 γνωρίσαι
542 2351 596 2423 διὰ
622 2357 696 2422 τών
717 2359 911 2442 προφητῶν
929 2363 933 2438 Ι
953 2373 1026 2437 τοῖς
1048 2350 1259 2442 ἀνθρώποις,
1283 2357 1337 2424 ἵνα
1352 2356 1385 2424 σί
1400 2357 1569 2434 συνιέντες
1591 2355 1665 2422 τών

325 2513 329 2521 ,
356 2451 471 2542 λόγων
493 2449 612 2523 αότών
634 2457 840 2523 οίκειωθώσι
861 2457 922 2542 μὲν
944 2459 995 2541 τῳ
1014 2462 1195 2542 κρείττονι,
1218 2453 1438 2542 φυλάξωνται
1453 2457 1488 2521 δε
1509 2447 1577 2521 ἀπὸ
1600 2455 1664 2522 τοῦ

303 2570 338 2625 20
355 2555 553 2622 ἐναντίου.
589 2555 691 2640 ἐχρῆν
712 2555 748 2621 δέ
770 2553 835 2624 τόν
855 2557 916 2638 μὲν
938 2552 1056 2642 ἕτερον
1078 2559 1152 2623 τών
1174 2549 1291 2640 ἄκρων
1309 2559 1365 2622 καί
1379 2555 1557 2635 βέλτιστον
1576 2551 1664 2622 υἱὸν

354 2647 617 2740 ἀναγορεύεσθαι
641 2657 706 2722 τοῦ
729 2657 830 2723 θεοῦ
852 2652 907 2722 διὰ
929 2649 994 2740 τὴν
1014 2648 1193 2742 ὑπεροχὴν,
1216 2653 1279 2725 τὸν
1302 2658 1338 2723 δὲ
1357 2647 1471 2738 τούτῳ
1486 2651 1574 2721 κατὰ
1597 2646 1663 2720 διά-

352 2778 476 2840 μετρον
502 2755 693 2822 ἐναντίον
722 2754 814 2824 υἱὸν
843 2757 907 2823 τοῦ
935 2757 1088 2840 πονηροῦ
1119 2758 1310 2842 δαίμονος
1335 2759 1392 2822 καί
1414 2755 1577 2820 Σατανᾶ
1607 2756 1663 2820 καί

280 2885 285 2898 ·
353 2847 552 2934 διαβόλου.
605 2846 664 2921 εἶτ’
696 2856 766 2922 ἐπεὶ
803 2848 884 2922 τότε
915 2848 1060 2940 μάλιστα
1091 2849 1131 2922 τό
1163 2858 1297 2938 φαῦλον
1331 2855 1368 2921 ἐν
1404 2857 1447 2938 τῇ
1480 2848 1572 2938 χόσει
1602 2856 1664 2940 τῆς

351 2957 470 3034 κακίας
491 2957 547 3021 καί
573 2958 616 3039 τῇ
637 2947 803 3041 ἀκρότητι
825 2948 930 3041 αότῆς
951 2951 1036 3021 εἶναι
1055 2959 1343 3040 χαρακτηρίζεται,
1366 2943 1425 3021 ότε
1445 2945 1663 3038 ἀποκρίνεται

301 3064 334 3120 25
353 3047 394 3120 τό
415 3067 583 3138 κρεῖττον,
608 3049 662 3120 διά
689 3056 793 3121 τοῦτο
818 3058 895 3140 περὶ
923 3049 986 3122 τόν
1014 3058 1150 3139 χείρονα
1180 3056 1308 3140 γίνεται
1331 3054 1368 3120 ἐκ
1399 3059 1571 3138 συνεργίας
1601 3055 1662 3139 τῆς

352 3155 416 3220 τοῦ
437 3146 568 3236 πατρὸς
590 3145 697 3220 αὐτοῦ
719 3147 910 3233 διαβόλου
931 3169 1047 3240 σημεῖα
1070 3158 1126 3221 καὶ
1153 3157 1278 3235 τέρατα
1307 3157 1363 3220 καὶ
1395 3147 1552 3240 δυνάμεις
1582 3148 1661 3236 φεύ-

351 3253 439 3330 δους.
488 3244 572 3336 ῦπὲρ
603 3247 665 3338 γάρ
693 3249 755 3333 τὰς
785 3255 830 3333 είς
863 3249 943 3332 τούς
975 3247 1124 3339 γόητας
1154 3255 1329 3339 γινομένας
1358 3245 1427 3321 άπὸ
1459 3246 1661 3335 δαιμόνων

353 3353 528 3436 συνεργίας
546 3357 551 3433 ί
569 3347 657 3436 πρὸς
679 3349 721 3421 τὰ
744 3345 945 3437 φαυλότατα
967 3357 1040 3420 τών
1061 3345 1269 3438 ἀνθρώπους
1290 3346 1510 3421 ἀπατώντων
1532 3356 1658 3435 γίνεται
1682 3361 1734 3416 668

352 3453 507 3537 συνεργία
529 3443 587 3519 ἀπ’
605 3445 712 3520 αῦτοῦ
733 3455 796 3520 τοῦ
822 3445 1012 3534 διαβόλου
1037 3453 1092 3520 έπί
1118 3446 1232 3538 ἀπάτη
1260 3456 1322 3521 τοῦ
1348 3455 1464 3537 γένους
1493 3457 1567 3520 τών
1600 3445 1657 3520 άν-

301 3560 335 3615 30
352 3548 519 3636 θρώπων.

436 3653 533 3735 Λέγει
564 3653 599 3719 δὲ
631 3643 650 3720 ό
682 3654 815 3732 Παῦλος
844 3657 922 3738 περὶ
954 3646 1082 3720 τούτου
1114 3657 1177 3720 τοῦ
1204 3655 1413 3738 καλουμένου
1443 3645 1660 3737 ἀντιχρίστου

352 3745 523 3818 διδάσκων
546 3753 601 3816 καί
623 3746 789 3834 παριστὰς
809 3745 894 3836 μετά
916 3777 1009 3831 τινος
1036 3749 1257 3837 ἐπικρύψεως,
1287 3758 1364 3820 τίνα
1392 3746 1522 3839 τρόπον
1548 3754 1661 3840 ἐπιδη-

441 3917 456 3972 l
476 3917 539 3985 vgl.
557 3918 625 3971 Dan.
643 3918 668 3982 8,
687 3919 719 3973 23
729 3918 757 3972 ff.
781 3921 822 3982 11,
839 3919 880 3973 36.
899 3949 932 3958 -
951 3919 1013 3988 Vgl.
1025 3920 1051 3972 Il
1063 3919 1154 3974 Thess.
1171 3921 1195 3982 2,
1207 3922 1232 3974 3.
1243 3923 1268 3975 4.
1286 3951 1320 3959 —
1338 3921 1356 3976 2
1375 3920 1438 3990 VgL
1451 3921 1550 3974 Matth.
1563 3921 1605 3987 24,
1618 3923 1659 3976 27.

352 4001 419 4055 [sulz.
439 4005 479 4066 17,
498 4003 539 4056 24.
558 4031 591 4040 -
609 4001 630 4057 4
647 4003 726 4057 Prov.
745 4004 785 4068 27,
805 4005 845 4058 19.
864 4033 897 4043 -
915 4004 954 4060 26
973 4003 1035 4073 Vgl.
1053 4005 1079 4058 ΙΙ
1097 4004 1188 4059 Thess
1206 4007 1230 4069 2,
1248 4006 1273 4059 9.

437 4151 456 4207 4
474 4143 573 4224 ὥσπερ
594 4145 645 4222 οὐχ
658 4153 731 4208 LXX
744 4155 787 4208 M²
799 4156 855 4224 (am
867 4154 956 4220 Rand)
969 4159 1072 4224 Ausgg.
1086 4148 1138 4224 ούχ
1155 4145 1254 4226 όίσπερ
1268 4156 1291 4208 Δ
1306 4156 1311 4222 Ι
1326 4149 1453 4210 ὅσόδὲΔ
1469 4149 1528 4211 οόδ
1540 4159 1656 4226 Auum

351 4239 438 4304 δῆλον
456 4227 501 4290 ότι
519 4236 569 4290 Ηδ.
578 4238 621 4308 Sp.
645 4239 683 4291 im
700 4239 778 4304 Text,
796 4235 929 4308 δηλονότι
942 4244 973 4304 Δ,
993 4239 1092 4309 Ησθρ.
1111 4258 1156 4294 am
1174 4239 1264 4304 R4nd;
1283 4241 1369 4309 δῆλον
1386 4227 1475 4309 (οῦν),
1494 4231 1541 4296 ότι
1558 4241 1657 4294 Μθθῐῐ·

276 4309 280 4324 ”
350 4319 410 4374 Del.
434 4321 438 4388 Ι
461 4321 480 4376 ίί
502 4323 552 4377 καί
569 4332 602 4382 <
620 4323 706 4376 PDel.
731 4325 735 4391 Ι
761 4325 799 4380 10
825 4320 856 4378 έν
878 4317 922 4389 οίς
943 4324 1099 4394 (zweimalss
1127 4321 1212 4389 ἐνίοις
1228 4327 1369 4379 vermuten
1387 4325 1431 4395 Sp.
1450 4327 1506 4394 (am
1524 4325 1613 4395 stand)
1631 4343 1657 4380 u.

350 4405 410 4459 Del.
429 4405 512 4473 (1667
531 4410 612 4460 Anm.
625 4409 650 4475 c)
668 4408 740 4462 ohne
758 4407 854 4463 Grund
870 4411 874 4478 Ι
893 4407 948 4476 μέν
964 4425 1018 4463 von
1035 4410 1111 4463 einer
1127 4412 1255 4478 spflteren
1272 4409 1402 4480 plumpen
1419 4409 1453 4463 H.
1471 4410 1501 4463 in
1518 4407 1573 4477 μὲν
1589 4427 1657 4467 corr.

349 4493 375 4544 A
395 4490 400 4558 Ι
421 4482 438 4558 ἦ
457 4507 510 4544 von
528 4491 672 4545 derselben
690 4496 815 4562 ερῑιίοτεα
832 4493 961 4563 ρίαιυρεα
979 4493 1012 4546 Η.
1032 4494 1062 4546 in
1080 4484 1098 4562 ἦ
1116 4510 1183 4547 corr.
1202 4495 1226 4546 Δ
1245 4495 1249 4562 Ι
1271 4495 1309 4549 12
1331 4495 1482 4565 γίγνεσθαι
1500 4497 1630 4564 AAusgg.
1650 4495 1654 4563 Ι

352 4573 390 4630 14
411 4568 512 4647 ἔρεσσε
530 4579 554 4629 A
578 4578 583 4643 Ι
606 4575 645 4632 28
673 4571 704 4630 ἐν
725 4582 760 4647 τῇ
779 4573 861 4648 χόαει
884 4593 930 4631 am
948 4577 1028 4631 Rand
1046 4577 1250 4647 nachgetmgen
1267 4582 1304 4632 Δί
1328 4582 1332 4647 Ι
1356 4579 1396 4637 25
1421 4579 1578 4652 σινεργίας]
1600 4576 1657 4634 tin

350 4660 493 4714 Conantur
510 4665 535 4715 A
550 4662 555 4728 Ι
570 4661 606 4716 27
627 4661 798 4731 γιγνομένας
815 4665 847 4716 4
