3780 5532
353 525 414 588 206
892 517 1120 572 ποιυπποιπ

352 678 457 753 πάλιν
487 675 529 752 ού
560 685 610 764 δίς
641 676 719 751 οῦδὲ
750 687 823 769 τρίς
851 676 938 752 ἀλλὰ
968 678 1010 770 δὴ
1036 675 1204 761 πολλάκις
1233 671 1560 766 ἐπιδρητότατον
1586 676 1658 748 είπε

354 778 418 852 τόν
438 776 541 870 Ἰησοῦ
570 786 667 865 βίον,
697 775 739 850 ού
766 779 849 863 στάς
872 775 953 850 καθ’
977 781 1120 851 ἕκαστον
1146 785 1219 848 τῶν
1245 781 1283 848 έν
1308 783 1359 866 τῷ
1381 783 1452 866 βίῳ
1476 772 1582 848 αὐτοῦ
1602 804 1659 846 πε-

353 884 558 968 πραγμένων
572 885 628 948 καί
642 885 875 968 νομιζομένων
890 881 973 950 εἶναι
994 873 1345 968 έπιῤῥητοτάτων,
1367 879 1422 946 ίνα
1439 871 1534 947 τοῦτ’
1550 877 1658 946 είπών

354 975 436 1066 δόξη
461 976 506 1067 μὴ
531 973 640 1065 μόνον
660 973 914 1062 ἀναποδείκτως
935 975 1187 1066 όποφαίνεσθαι
1209 972 1329 1065 <άλλόι>
1350 982 1406 1045 καί
1427 980 1596 1064 λοιδορεῖν
1617 969 1659 1046 όν

321 1076 417 1152 δοῦκ
447 1082 631 1148 ἐπίσταται,
673 1080 702 1146 εί
728 1075 791 1166 γάρ
813 1075 856 1148 τά
878 1082 948 1168 είδη
970 1085 1034 1150 τοῦ
1059 1073 1388 1166 έπερρητοτάτου
1412 1081 1500 1162 βίου
1525 1078 1564 1144 ἐν
1585 1091 1659 1156 ταῖς

354 1173 516 1266 πράξεσιν
544 1173 652 1247 αύτοῦ
682 1172 870 1265 φαινόμενα
896 1173 990 1267 αύτῷ
1017 1181 1234 1266 ἐκτιθέμενος
1261 1166 1314 1266 ἦν,
1335 1169 1400 1246 κᾶν
1420 1169 1659 1264 ἠγωνισάμεθα

355 1275 442 1366 πρὸς
464 1275 702 1345 ἕκαστοντῶν
724 1273 923 1346 δοκούντων
944 1278 1029 1348 εἶναι
1051 1271 1146 1366 αύτῷ
1168 1271 1512 1364 ἐπιῤῥητοτάτων.

438 1373 480 1446 τό
503 1377 615 1443 δὲκαὶ
641 1370 809 1464 θανάτῳ
836 1377 1029 1467 οἰκτίστῳ
1055 1381 1275 1465 κεχρῆσθαι
1301 1372 1366 1446 τόν
1385 1369 1510 1462 Ἰησοῦν
1531 1367 1658 1444 δύναιτ’

356 1469 398 1544 όν
430 1477 585 1562 λέγεσθαι
624 1477 679 1544 καί
713 1479 789 1562 περὶ
819 1471 1028 1562 Σωκράτους
1061 1483 1118 1546 καὶ
1145 1483 1222 1565 περί
1244 1469 1494 1562 Ἀναξάρχου,
1520 1462 1561 1542 οῦ
1591 1469 1660 1558 πρὸ

305 1594 339 1648 10
356 1577 495 1662 βραχέος
524 1567 761 1661 ἐμνημόνευσε,
789 1580 847 1643 καὶ
877 1580 953 1661 περὶ
983 1571 1100 1645 ἄλλων
1129 1579 1268 1663 μυρίων.
1315 1567 1336 1663 ἢ
1364 1577 1571 1654 οἴκτιστος
1600 1577 1662 1659 μέν

357 1676 449 1742 ἐστιν
474 1665 492 1742 ό
519 1665 624 1759 Ἰησοῦ
651 1668 839 1755 θάνατος,
868 1667 942 1762 ου’χὶ
971 1678 1006 1744 δὲ
1038 1681 1094 1744 καὶ
1123 1669 1142 1746 ό
1170 1677 1327 1758 ἐκείνων;
1352 1666 1374 1760 ἢ
1401 1666 1420 1742 ό
1442 1675 1581 1743 ἐκείνων
1600 1675 1662 1756 μὲν

358 1767 419 1843 ούκ
441 1775 659 1890 οίκτιστῳς,
682 1765 701 1843 ό
724 1777 760 1844 δὲ
782 1777 846 1843 τοῦ
866 1767 970 1860 Ἰησοῦ
996 1777 1217 1857 οἲκτιστος;
1245 1766 1326 1864 ὁρᾷς
1347 1763 1488 1842 οὖνκαὶ
1510 1775 1661 1842 ἐνταῦθα

359 1863 412 1942 ότι
439 1867 565 1953 σκοπός
590 1896 634 1958 ην
659 1877 709 1960 τῷ
735 1876 853 1961 Κέλσῳ
880 1871 922 1943 τὸ
948 1877 1233 1962 διαλοιδορεῖσθαι
1258 1869 1345 1959 πρὸς
1372 1868 1435 1942 τόν
1455 1866 1590 1959 Ἰησοῦν,
1613 1897 1661 1939 κι-

358 1974 512 2060 νουμένῳ
541 1969 632 2057 οίμαι
657 1963 727 2040 ύπό
755 1997 850 2054 τινος
875 1970 1118 2062 πνεύματος,
1145 1975 1400 2054 καταλυθέντος
1425 1966 1493 2042 ῦπό
1519 1974 1582 2040 τοῦ
1607 1964 1662 2057 Ἰη-

307 2089 340 2142 15
359 2073 420 2140 σοῦ
445 2073 500 2139 καὶ
527 2075 811 2158 καθαιρεθέντος,
834 2075 888 2142 ίνα
909 2077 1030 2161 μηκέτι
1051 2073 1108 2159 ἔχη
1129 2076 1264 2153 κνίσσας
1284 2077 1342 2140 καὶ
1364 2073 1496 2159 αἵματα,
1517 2068 1569 2152 οἷς
1590 2095 1662 2156 τρε-

359 2163 511 2256 φόμενον
540 2161 654 2257 ἠπάτα
688 2167 768 2252 τοῦς
798 2171 835 2241 ἐν
864 2189 937 2254 τοῖς
967 2175 1022 2242 ἐπὶ
1052 2177 1112 2261 γῆς
1142 2165 1338 2260 ἀγάλμασι
1364 2174 1552 2257 ζητοῦντας
1576 2165 1663 2239 θεὸν

358 2265 479 2357 καὶμὴ
501 2261 755 2351 άναβλέποντας
777 2274 823 2352 είς
844 2268 908 2341 τὸν
929 2274 983 2341 ἐπὶ
1004 2275 1107 2341 πᾶσιν
1128 2265 1269 2356 άληθῶς
1289 2265 1382 2340 θεόν.

440 2387 535 2454 LVII.
554 2391 558 2469 Ι
578 2380 655 2457 Είθ’
677 2385 752 2476 ἑξῆς
782 2382 926 2474 αόσπερεὶ
953 2383 1083 2457 σκοπὸν
1110 2388 1196 2474 ἔχων
1222 2383 1263 2457 τό
1291 2390 1510 2474 συμπληροῦν
1533 2389 1664 2469 βιβλίον
1683 2397 1733 2451 735
1821 2435 1828 2456 .

360 2481 518 2572 ἐβούλετο
540 2479 626 2573 ἡμᾶς
646 2490 778 2574 μᾶλλον
798 2483 862 2558 τόν
882 2480 1016 2558 Ἰωνῦν
1042 2494 1175 2572 νομίσαι
1202 2483 1300 2556 θεὸν
1325 2479 1411 2575 ἥπερ
1433 2481 1567 2574 Ἰησοῦν,
1588 2477 1662 2552 Ἰω-

309 2599 343 2655 20
360 2587 441 2669 νῦν,
464 2579 527 2654 τὸν
548 2582 739 2673 κηρύξαντα
760 2582 941 2673 μετάνοιαν
962 2591 1020 2678 μιᾷ
1041 2581 1140 2656 πόλει
1161 2592 1205 2674 τῇ
1227 2583 1362 2674 Νινευὴ,
1384 2590 1583 2673 προκρίνων
1604 2578 1662 2671 Ἰη-

359 2687 429 2765 σοῦ,
460 2687 522 2753 τοῦ
547 2682 755 2773 κηρύξαντας
780 2682 963 2773 μετάνοιαν
990 2679 1060 2774 όλῳ
1088 2691 1139 2776 τῷ
1166 2681 1282 2774 κόσμῳ
1308 2693 1364 2754 καὶ
1385 2689 1515 2771 μᾶλλον
1535 2685 1665 2753 ἐκείνου

361 2777 556 2866 ἀνύσαντος.
591 2791 647 2854 καὶ
669 2782 732 2854 τὸν
752 2789 814 2872 μὲν
831 2789 889 2870 ,ἐν
912 2792 954 2873 τῇ
975 2790 1086 2877 κοιλίη
1108 2790 1172 2856 τοῦ
1192 2781 1338 2874 κήτους“
1360 2790 1546 2871 τεραστίως
1567 2778 1664 2870 ποιή-

360 2903 468 2952 σαντα
489 2887 542 2951 καί
566 2879 767 2970 παραδόξως
788 2903 899 2974 ,τρεῖς
921 2881 1043 2974 ἡμέρας
1064 2889 1119 2955 καὶ
1136 2901 1226 2972 τρεῖς
1242 2881 1385 2966 νύκτας“
1403 2880 1561 2966 ἐβούλετο
1580 2877 1664 2970 ἡμᾶς

363 2973 584 3070 ἀναγορεῦσαι
605 2979 717 3065 θεὸν,
740 2982 804 3054 τόν
825 2979 858 3053 δ’
876 2979 1124 3071 ἀναδεξάμενον
1144 2979 1230 3071 ῦπὲρ
1253 2979 1455 3071 ἀνθρώπων
1476 2976 1665 3052 ἀποθανεῖν

309 3091 342 3148 25
362 3075 423 3151 οῦκ
455 3074 559 3170 ἤθελε
582 3085 717 3167 Κέλσος,
748 3081 1024 3172 μαρτυρούμενον
1053 3075 1123 3153 ύπὸ
1155 3089 1219 3153 τοῦ
1249 3089 1334 3154 θεοῦ
1360 3081 1413 3154 διὰ
1440 3087 1513 3152 τῶν
1534 3108 1666 3170 προφη-

363 3185 445 3264 τοῦν,
476 3175 574 3266 όξισν
605 3181 688 3252 είναι
720 3188 780 3272 τῆς
810 3178 1066 3271 δευτερευούσης
1091 3181 1174 3270 μετὰ
1202 3181 1266 3254 τόν
1293 3180 1378 3254 θεὸν
1402 3189 1476 3254 τῶν
1498 3174 1601 3264 ὅλων,
1624 3175 1666 3248 δι’

363 3273 383 3349 ά
410 3281 566 3370 ἐποίησεν
593 3283 630 3351 έν
654 3277 789 3373 ούρανῳ
811 3288 866 3352 καὶ
894 3287 947 3353 ἐπὶ
970 3289 1030 3373 γῆς
1052 3276 1348 3371 όνδραγαθὴματα,
1370 3287 1476 3370 τιμῆς.
1518 3287 1574 3350 καὶ
1595 3275 1666 3350 Ἰω-

363 3383 432 3462 νᾶς
463 3383 532 3468 μὲν,
564 3383 618 3452 ίνα
645 3379 689 3471 μὴ
720 3377 847 3470 κηρύξη
875 3381 916 3452 τὸ
942 3385 1238 3470 προστεταγμένον
1265 3377 1335 3452 ύπό
1363 3385 1425 3450 τοῦ
1447 3385 1543 3463 θεοῦ,
1570 3406 1666 3450 κατε-

449 3583 464 3639 1
490 3581 552 3654 vgl.
571 3583 642 3640 oben
660 3583 734 3650 162,
753 3583 765 3638 Ι
784 3585 833 3640 113
850 3583 877 3640 Ζ.
894 3585 919 3640 8.
943 3583 982 3639 111
1000 3587 1045 3648 50,
1064 3585 1076 3638 l
1094 3585 1145 3640 246
1162 3583 1188 3638 Z.
1206 3585 1231 3640 8.
1258 3615 1290 3624 -
1319 3584 1357 3640 1⁹
1375 3537 1439 3652 Vg'l.
1456 3583 1528 3638 Jona
1545 3586 1569 3648 3,
1586 3586 1611 3638 4.
1634 3612 1668 3622 ·-

365 3665 448 3722 2211.
467 3667 504 3726 22
525 3667 587 3737 5⁷31.
605 3667 677 3723 ίοοε
693 3669 717 3732 2,
736 3671 759 3724 1.

446 3835 467 3892 4
485 3829 589 3910 <δλλᾶ>
609 3837 674 3906 fflge
691 3837 736 3892 ioh
754 3837 806 3891 mit
823 3837 870 3890 Μ2
887 3855 913 3891 u.
932 3837 986 3891 den
1005 3837 1106 3907 Ausgg.
1124 3836 1168 3892 ein
1183 3839 1217 3906 17
1240 3830 1318 3912 αύτῷ
1341 3832 1576 3910 ἐπιρρητοτύτον
1592 3836 1668 3892 lesen

364 3919 411 3976 Bo.
434 3921 531 3991 (Notae
548 3939 573 3994 p.
591 3921 653 3990 403>
675 3921 788 3985 υ.1)ε1.,
811 3918 889 3996 αὐτῷ
911 3917 1142 3993 έπιρρητότατον
1164 3921 1383 3993 M0⁰“·H6.Sp.,
1407 3915 1497 3977 αῦτδν
1517 3915 1669 3994 έπερρητό·

363 4023 452 4062 τατον
473 4007 497 4061 Α
521 4009 525 4078 Ι
549 4009 568 4064 9
596 3997 657 4080 πρῦ
676 4005 738 4078 [εο],
763 4025 808 4062 παι
825 4005 922 4061 Raude
944 4007 1046 4070 υἱοίλε,
1064 4005 1292 4061 wahrscheinlich
1314 4005 1366 4062 soll
1384 4007 1433 4062 der
1450 4008 1554 4062 Δεοευί
1570 4006 1670 4076 getilgt

364 4091 482 4160 werden,
500 4095 525 4146 Δ
544 4095 548 4162 ί
568 4091 608 4148 20
627 4097 720 4162 νινευῆ
737 4089 863 4147 Ανινευί·
875 4089 1012 4161 MAusgg.
1036 4093 1041 4160 1
1065 4091 1104 4146 22
1122 4085 1294 4162 ποιήσαντα]
1317 4107 1396 4146 wenn
1419 4091 1489 4146 auch
1507 4097 1601 4146 ποιεῖν
1619 4091 1670 4145 mit

365 4178 429 4231 Ασο.
446 4179 529 4247 temp.
548 4177 706 4232 verbunden
725 4180 767 4243 (=
787 4176 940 4244 verwoilen,
959 4175 1014 4245 vgl.
1034 4195 1057 4232 τ.
1074 4176 1104 4230 Β.
1123 4178 1184 4232 Aet.
1204 4179 1243 4239 15,
1263 4177 1303 4230 33.
1330 4176 1370 4240 18,
1389 4177 1430 4231 23.
1454 4176 1495 4240 20,
1513 4179 1536 4231 3.
1562 4175 1587 4228 11
1605 4175 1669 4228 Κατ.

366 4263 406 4328 11,
425 4261 468 4326 ’25)
486 4261 546 4316 hier
563 4261 642 4317 einen
660 4265 744 4330 ςυίεο
762 4261 829 4315 Sinn
846 4260 935 4331 giebt‚
953 4277 984 4315 εο
1002 4261 1106 4316 kbnnte
1124 4277 1188 4315 man
1206 4260 1278 4314 doeh
1295 4259 1436 4314 vielleicht
1453 4259 1505 4312 mit
1522 4258 1671 4313 Bneksioht

366 4345 416 4400 auf
425 4345 478 4401 den
491 4345 876 4415 Gedankenzusammonhang
893 4363 929 4400 an
947 4345 1008 4400 eino
1019 4331 1170 4414 Ruderung
1187 4345 1217 4398 in
1228 4339 1376 4418 βιώσαντα
1388 4343 1466 4412 (oder
1475 4339 1670 4410 πνεύσανταλ)

366 4429 487 4496 denken,
514 4429 551 4485 δε
567 4431 696 4500 Origenes
723 4429 785 4484 dem
811 4429 1009 4485 wuuderbaren
1033 4429 1242 4485 Weiterleben
1268 4429 1316 4484 dos
1332 4427 1417 4482 Jonas
1443 4427 1496 4481 den
1516 4426 1584 4481 Τοδ
1606 4426 1672 4482 θεοῦ

366 4506 448 4586 (άπερ
462 4507 627 4586 διθρύπτειν
638 4509 799 4569 ἀποθανεῖν
815 4513 897 4582 124)
915 4515 1149 4584 gegenuberstent
1162 4517 1167 4584 1
1183 4515 1223 4571 2⁸
1242 4529 1291 4568 vor
1304 4507 1354 4568 ἵνα
1367 4515 1502 4567 τετιυιιίεί
1515 4513 1563 4568 Βο.
1576 4511 1673 4579 (Notae

366 4617 392 4670 p.
410 4601 479 4662 403).
497 4599 559 4653 dem
577 4599 636 4654 Del.
649 4599 670 4668 (Ι
684 4599 733 4652 735
745 4601 826 4652 Anm.
838 4599 865 4667 a)
882 4599 963 4668 folgt,
981 4599 1034 4654 den
1053 4599 1160 4654 Ausfall
1179 4599 1254 4654 einos
1267 4597 1384 4664 Wortes,
1402 4597 1454 4652 wie
1472 4617 1495 4652 τ.
1510 4597 1539 4651 Β.
1552 4591 1673 4667 φεύγων,

368 4683 439 4738 nach
457 4685 528 4738 ίοοιι
545 4685 568 4750 1,
586 4685 610 4738 3.
