3758 5564
351 479 411 543 378
891 471 1113 527 αοωανουε

349 631 556 723 ἀποστερεῖν.
602 639 657 704 καὶ
690 640 781 718 τινες
810 641 872 724 μὲν
897 628 1009 705 ούδενὶ
1040 627 1271 720 ὀφείλουσιν
1301 629 1415 705 οόδέν·
1439 637 1529 715 τινες
1551 635 1587 702 δὲ
1610 627 1653 701 τὰ

349 743 488 806 πλείστα
508 729 755 817 ἀποτιννύντες
769 727 882 824 (ὀλίγα
904 727 1129 820 ὀφείλουσι,
1145 739 1235 816 τινὲς
1250 737 1302 822 δὲ)
1317 727 1414 820 ὀλίγα
1429 726 1654 812 ἀποδιδόντες

350 831 392 906 τὰ
406 841 548 906 πλείονα
566 828 789 920 ὀφείλουσι·
803 840 859 905 καί
874 830 960 922 τάχα
975 835 1067 904 ἔστιν
1083 828 1101 904 ὀ
1116 838 1219 923 μηδὲν
1233 829 1416 915 ἀποδιδούς
1434 825 1521 904 ἀλλὰ
1539 825 1653 900 πάντα

350 929 537 1020 ὀφείλων.
572 938 627 1004 καὶ
650 928 668 1004 ὀ
691 930 873 1016 ἀποδιδούς
893 940 1012 1024 μέντοι
1033 960 1069 1022 γε
1083 929 1207 1018 πάντα,
1230 927 1320 1003 ὥστε
1333 937 1436 1020 μηδὲν
1459 925 1652 1016 ὀφείλειν,

315 1029 462 1122 5χρόνηο
484 1036 570 1104 ποτὲ
592 1039 698 1104 τοῦτο
719 1043 898 1119 κατορθοῖ,
926 1029 1083 1121 δεόμενος
1104 1028 1256 1120 ἀφέσεως
1276 1039 1353 1122 περὶ
1376 1036 1450 1100 τῶν
1471 1034 1653 1117 προτέρων

349 1127 513 1220 ὀφειλῶν·
542 1122 681 1220 ἧστινος
710 1129 863 1220 ἀφέσεως
894 1129 1044 1223 εόλόγως
1074 1131 1214 1203 δύναται
1243 1149 1354 1219 τυχεῖν
1386 1125 1405 1201 ὀ
1433 1124 1653 1218 φιλοτιμησό-

348 1259 447 1320 μενος
476 1228 545 1304 ἀπό
576 1259 671 1316 τινος
698 1228 825 1321 χρόνου
851 1239 1009 1315 τοιοῦτος
1035 1238 1203 1322 γενέσθαι,
1227 1225 1315 1302 ὥστε
1336 1235 1438 1320 μηδὲν
1469 1222 1652 1317 ὀφείλειν

349 1337 423 1402 τῶν
453 1327 711 1415 ἐπιβαλλόντων
741 1329 789 1415 σός
818 1329 879 1404 ούκ
905 1328 1170 1420 ἀποδιδομένων.
1213 1320 1314 1401 αὗται
1340 1333 1376 1400 δέ
1401 1331 1435 1400 αἱ
1460 1325 1652 1418 παράνομοι

324 1435 523 1521 εένέργειαι,
554 1435 592 1502 ἐν
622 1437 673 1521 τῷ
704 1427 897 1554 ἡγεμονικῷ
922 1430 1142 1518 τυπούμενοι,
1170 1427 1232 1514 ,τὸ
1257 1425 1337 1500 καθ’
1359 1424 1477 1518 ἡμῶν(
1498 1435 1652 1516 γίνονται

299 1543 332 1598 10
349 1527 625 1621 ,,χειρόγραφον,“
650 1526 708 1618 ἀφ’
731 1559 772 1602 ου
800 1526 1087 1620 δικασθησόμεθα,
1115 1536 1209 1619 δίκην
1236 1535 1361 1614 βίβλων
1383 1535 1457 1600 τῶν
1478 1524 1545 1599 ύπό
1567 1523 1652 1598 πόν-

349 1659 430 1714 των,
446 1627 487 1701 ἐν’
504 1624 617 1713 ούτως
633 1635 728 1714 είπω,
748 1640 752 1713 Ι
771 1635 1125 1720 κεχειρογραφημένων
1139 1633 1464 1716 προαχθησομένων,
1481 1621 1538 1699 ὅτε
1548 1623 1651 1712 ,πόν-
1671 1645 1723 1700 254

351 1757 404 1812 τες
425 1725 710 1819 παραστησόμεθα
732 1735 783 1819 τῷ
806 1726 949 1819 βήματι“
964 1735 1048 1813 ,τοῦ
1063 1734 1221 1816 Χριστοῦ,
1245 1729 1299 1797 ίνο
1320 1734 1496 1816 κομίσηται
1511 1726 1652 1808 ἕκαστος

349 1827 393 1900 τά
423 1828 477 1900 διὰ
507 1836 571 1900 τοῦ
601 1829 757 1918 σώματος
786 1827 873 1916 πρὸς
904 1824 924 1900 ἀ
956 1833 1107 1917 ἔπραξεν,
1138 1831 1205 1898 εἴτε
1234 1825 1369 1917 ἀγαθόν
1397 1830 1464 1898 είτε
1490 1832 1652 1913 φαῦλον.“

349 1927 436 2000 κατὰ
468 1927 595 2011 ταύτας
625 1927 688 2011 τὰς
717 1923 855 2015 όφειλάς
884 1934 941 2000 καὶ
971 1926 1012 1999 τό
1041 1934 1077 1999 ἐν
1109 1947 1182 2011 ταῖς
1203 1933 1400 2016 Παροιμίαις
1421 1931 1564 2015 λέγεται·
1588 1923 1652 2014 ,μὴ

300 2049 332 2104 15
350 2032 445 2098 δίδον
475 2025 622 2098 σεαυτόν
654 2033 701 2110 εἰς
731 2026 852 2117 ἐγγύην
887 2023 906 2098 ό
938 2023 1174 2116 αἰσχυνόμενος
1202 2022 1411 2114 πρόσωπον·
1440 2031 1469 2096 εί
1499 2023 1561 2115 γὰρ
1592 2021 1652 2112 σύγ

351 2129 414 2212 ἕξει
442 2123 555 2198 πόθεν
584 2123 768 2211 ἀποδώσει,
791 2125 962 2216 λήψονται
990 2125 1031 2198 τό
1053 2125 1114 2198 σόν
1141 2133 1281 2215 στρῶμα
1307 2124 1349 2197 τό
1374 2121 1442 2196 ύπό
1470 2123 1532 2206 τὰς
1553 2133 1651 2194 πλευ-

349 2224 410 2315 ράς
431 2235 522 2297 σου.“

432 2338 459 2398 6.
489 2329 516 2396 εί
538 2330 573 2395 δὲ
595 2323 773 2407 τοσούτοις
795 2321 1020 2416 ὀφείλομεν,
1040 2322 1250 2407 πάντωςιιοὶ
1265 2320 1344 2413 ἡμῖν
1358 2352 1448 2406 τινες
1468 2319 1650 2412 ἀφείλου·

349 2449 422 2496 σιν·
444 2429 477 2496 οί
497 2429 558 2514 μέν
576 2423 639 2512 γὰρ
661 2419 894 2512 ὀφείλουσιν
915 2421 993 2515 ἡμῖν
1014 2423 1063 2508 ιύς
1084 2421 1285 2514 ἀνθρώποις
1306 2427 1339 2494 σί
1360 2429 1395 2494 δὲ
1417 2420 1465 2507 σός
1484 2429 1650 2506 πολίταις,

297 2542 332 2598 20
349 2520 446 2595 ἄλλοι
468 2529 504 2596 δέ
526 2520 575 2607 ως
595 2521 741 2612 πατράσι
761 2533 818 2596 καί
836 2554 927 2608 τινες
941 2521 990 2607 οός
1003 2528 1097 2607 υἱοῖς,
1115 2530 1170 2595 καί
1191 2523 1275 2611 μετὰ
1290 2521 1435 2606 τούτους
1449 2520 1498 2606 τός
1511 2518 1651 2612 ἀνδράσι

349 2641 500 2712 γυναῖκες
521 2617 542 2713 ἢ
564 2619 612 2707 ιός
634 2631 746 2711 φίλοις
767 2632 868 2712 φίλοι
897 2622 984 2696 ἐπὰν
1005 2615 1068 2695 ούν
1083 2619 1152 2694 ἀπὸ
1167 2629 1240 2693 τῶν
1254 2631 1425 2694 πλείστων
1440 2618 1518 2712 ἡμῖν
1540 2616 1651 2710 ὀφει-

349 2730 479 2794 λετῶν
501 2720 746 2812 ἀσθενέστερόν
768 2750 859 2806 τινες
879 2731 957 2810 περὶ
979 2722 1043 2813 τὴν
1065 2719 1230 2794 ἀπόδοσιν
1252 2730 1326 2794 τῶν
1344 2719 1430 2810 πρὸς
1445 2718 1530 2812 ἡμᾶς
1544 2731 1650 2812 καθη-

347 2817 485 2894 κόντων
520 2819 777 2911 ἀναστραφιόσι,
818 2819 1151 2911 φιλανθρωπότερον
1190 2819 1376 2912 ποιήσομεν
1417 2817 1651 2911 ἀμνησικάκως

348 2926 543 3010 ἐνεχθέντες
568 2919 654 3010 πρὸς
680 2919 804 3007 αύτούς
833 2930 889 2992 καὶ
917 2927 1015 2993 ἰδίων
1040 2929 1240 3012 μεμνημένοι
1266 2916 1433 3008 όφειλων,
1461 2917 1542 3005 όσος
1568 2932 1650 2992 πολ-

279 3037 330 3092 29ν
347 3017 442 3104 λάκις
471 3029 766 3112 παραλελοίπαμεν
796 3018 837 3094 ού
867 3018 975 3112 μόνον
993 3025 999 3111 Ι
1017 3018 1103 3111 πρὸς
1132 3017 1340 3109 ἀνθρώπους
1369 3017 1455 3093 ἀλλὰ
1482 3028 1538 3092 καὶ
1564 3019 1651 3109 πρὸς

347 3118 454 3192 αύτόν
475 3118 650 3194 τὸνθεόν.
677 3127 878 3213 μεμνημένοι
900 3120 962 3210 γὰρ
985 3111 1036 3192 τόν
1058 3115 1268 3208 ὀφειλέται
1291 3117 1387 3204 ὄντες
1401 3118 1463 3193 ούιι
1478 3117 1650 3194 ἀποδεδώ-

347 3247 450 3310 καμεν
475 3215 562 3293 ἀλλὰ
588 3217 858 3312 ἀπεστερὴσαμεν
883 3216 1164 3310 παραδραμόντος
1190 3227 1253 3291 τοῦ
1277 3216 1416 3309 χρόνου,
1439 3225 1477 3291 ἐν
1499 3211 1528 3311 ᾧ
1551 3224 1650 3310 ἐχρῆν

347 3315 431 3408 ἡμᾶς
458 3316 539 3391 τόδε
565 3319 642 3392 τινὰ
667 3319 756 3410 πρὸς
783 3319 847 3393 τόν
872 3329 1017 3410 πλησίον
1041 3325 1272 3410 πεποιηκέναι,
1298 3317 1483 3413 πρᾳότεροι
1504 3316 1649 3408 ἐσόμεθα

431 3523 456 3594 [1
474 3522 537 3593 vgl.
555 3524 632 3578 stum.
651 3525 696 3594 13,
714 3524 738 3578 8.
756 3524 798 3593 -]
821 3523 841 3580 4
867 3523 930 3592 vgl.
949 3523 1091 3594 Origenes,
1114 3524 1146 3578 In
1167 3522 1266 3578 Jerem.
1284 3524 1357 3579 hom.
1375 3523 1439 3578 XIV
1456 3526 1474 3578 4
1501 3525 1578 3592 (tom.
1596 3521 1647 3576 XV

345 3626 371 3678 p.
388 3609 439 3665 259
458 3608 500 3662 ed.
518 3607 641 3675 Lomm.).
659 3637 692 3646 -
710 3608 730 3663 θ
748 3608 810 3678 Vgl.
829 3607 967 3676 Origenes,
986 3609 1016 3662 In
1034 3607 1132 3662 Jerem.
1150 3608 1223 3662 hom.
1241 3608 1303 3662 XVI
1317 3610 1349 3665 10
1365 3625 1392 3665 υ.
1406 3608 1456 3662 XV
1474 3610 1491 3662 5
1508 3610 1583 3676 (tom.
1596 3607 1647 3661 XV

344 3712 370 3764 p.
383 3694 434 3749 302
451 3711 478 3747 u.
490 3694 541 3750 285
559 3692 601 3746 od.
614 3691 736 3760 homa).
755 3722 788 3732 -
807 3693 979 3762 vgl.K01.2,
994 3695 1034 3748 14.
1052 3723 1084 3732 -
1103 3693 1141 3750 11
1161 3693 1224 3762 Vgl.
1237 3693 1316 3748 Rom.
1330 3698 1370 3760 14,
1384 3695 1425 3750 10.
1449 3693 1474 3746 II
1492 3691 1593 3754 Κστ.5,
1607 3695 1646 3749 10.

345 3807 379 3818 -·
396 3778 435 3834 14
451 3778 530 3832 Prov.
543 3777 584 3843 22,
602 3779 643 3834 26.
661 3779 702 3833 27.

429 3959 447 4016 2
472 3953 670 4026 ὀποτίννυντες
687 3961 768 4016 Tox.
778 3961 837 4016 Del.
856 3954 1041 4026 ἀποτίνυντες
1056 3961 1169 4020 Lomm..
1189 3963 1243 4032 vgl.
1255 3963 1326 4017 oben
1344 3964 1356 4016 Ι
1373 3965 1423 4018 371
1441 3961 1468 4015 Ζ.
1480 3963 1513 4016 21
1529 3964 1533 4030 Ι
1549 3955 1646 4030 (ὀλίγα

345 4039 502 4115 ὀφείλουσι,
520 4042 594 4110 τινές
610 4046 653 4115 δὲ)
672 4047 736 4116 fflge
753 4045 798 4100 ich
821 4047 873 4101 mit
890 4046 949 4100 Del.
968 4048 990 4112 (1
1008 4047 1058 4102 253
1075 4048 1155 4100 Anm.
1174 4048 1201 4116 g)
1220 4047 1277 4108 eim
1295 4046 1344 4100 dor
1361 4046 1503 4101 Sohreibor
1519 4045 1557 4100 ist
1573 4045 1646 4100 wohl

345 4147 398 4184 von
420 4129 483 4183 dem
501 4133 590 4184 ersten
609 4124 691 4200 ὀλίγα
711 4148 745 4184 zu
763 4131 824 4185 dem
844 4131 957 4186 zweiben
976 4131 1097 4201 abgoirrt
1115 4133 1120 4200 1
1140 4132 1159 4188 Β
1178 4126 1391 4198 ἀποδιδομένων
1412 4131 1493 4201 Angl.
1513 4130 1568 4198 (bei
1586 4129 1645 4184 Del.

344 4216 356 4268 1
374 4215 454 4282 σεεν)
471 4233 497 4269 u.
515 4214 574 4269 Del.
593 4215 683 4284 (12153
701 4217 780 4270 Anm.
800 4216 836 4285 h),
860 4209 1077 4284 εποασιμιιοις
1093 4217 1227 4286 TAusgg.
1247 4217 1251 4283 ι
1271 4203 1363 4285 οὗτοι]
1383 4209 1467 4271 ama
1484 4216 1570 4270 hond.
1585 4217 1590 4282 ι
1607 4215 1644 4271 11

342 4297 621 4373 προαχθησομένων]
638 4295 904 4370 προαχθησόμενον
915 4301 992 4355 Βεαί.
1006 4301 1060 4370 (bei
1078 4300 1162 4356 Del.I
1180 4303 1231 4357 254
1248 4301 1328 4356 Δυω.
1342 4301 1368 4368 ο)
1386 4317 1412 4354 u.
1424 4301 1505 4370 Angl.
1519 4299 1573 4370 (bei
1586 4299 1645 4355 Del.

343 4388 355 4439 1
372 4385 460 4453 9262).
478 4385 742 4456 προαχθησομένου
760 4385 820 4440 Del.
839 4387 922 4452 (1254
939 4387 1019 4440 Am
1031 4387 1057 4454 ε)
1073 4387 1077 4454 Ι
1094 4387 1132 4442 15
1151 4379 1214 4446 ό<
1226 4385 1366 4441 Οιῐιουδ.
1386 4389 1388 4452 1
1410 4381 1461 4455 ούχ
1478 4379 1534 4452 ἐξει
1553 4377 1646 4440 πόθεν

343 4465 487 4525 ἀποδῶσει
503 4469 602 4534 wool„
627 4463 679 4525 οόιι
701 4463 766 4539 ἐχης
782 4464 876 4526 πόθεν
893 4464 1047 4540 ἀποδύσας
1064 4471 1115 4526 Ox.
1122 4469 1207 4525 hond.
1228 4473 1232 4540 Ι
1252 4470 1288 4526 21
1309 4471 1387 4540 φίλοι
1405 4471 1483 4525 Βεαλ
1501 4486 1527 4523 u.
1545 4467 1605 4522 Del.
1624 4467 1646 4535 (1

342 4557 393 4612 254
416 4555 495 4607 Ααω.
514 4553 553 4623 d).
572 4555 655 4624 φίλος
680 4555 814 4625 TAusgg.
840 4556 844 4624 Ι
868 4555 907 4610 22
923 4546 1157 4626 ἀσθενέστερόν]
1175 4549 1371 4626 ἀθενέστερον
1389 4553 1590 4626 [Druckfehler.
1609 4551 1645 4606 ob

344 4633 532 4706 ἀτενέστερον
553 4637 704 4708 ρειοοίοίλ]
732 4639 798 4694 oder
820 4634 1015 4711 ἀμελέστερον
1032 4641 1110 4695 Βεαί.
1128 4639 1183 4708 (boi
1201 4639 1261 4696 Del.
1279 4641 1291 4694 I
1309 4641 1360 4694 254
1377 4639 1457 4693 Δοια.
1476 4637 1512 4707 d).
