3772 5526
377 523 417 586 34
919 518 1140 574 ΩΡΙΙἜΝΟΥΣ

377 684 631 750 διοικεῖσθαι·
666 675 726 766 ἀφ’
753 709 805 751 ων
831 689 888 751 καὶ
920 676 940 753 δ
969 688 1095 764 Κέλσος
1125 680 1273 768 (λοβῶν)
1306 675 1367 760 τὰς
1394 679 1585 762 έκκειμένας
1611 673 1863 752 είπεΡ1.1ὃσ,]

377 785 490 865 λέξεις.

461 881 533 948 ἐπεὶ
564 874 597 947 δ’
620 882 653 950 οί
683 877 883 969 κινήσαντες
914 875 993 964 ,ἀπ’
1013 876 1217 952 άνατολῶνί(
1248 872 1333 948 δι’ίά
1364 870 1517 966 ἥμαρτον
1542 868 1685 962 παρεδό-

376 984 490 1064 θησαν
510 981 579 1063 ,,είς
601 973 764 1066 άδόκιμον
785 985 889 1051 νοῦνί(
910 987 967 1050 καὶ
987 983 1054 1064 ,είς
1075 976 1172 1068 πάθη
1195 973 1349 1067 άτιμίαςίί
1370 983 1426 1047 καὶ
1447 977 1684 1060 ,,έντα1ςέπι-

342 1083 512 1163 5θυμίαις
542 1083 616 1148 τῶν
646 1083 797 1166 καρδιῶν
826 1075 944 1150 αὐτῶν
969 1084 1015 1161 είς
1040 1075 1283 1167 άκαθαρσίαν,“
1306 1080 1361 1148 ίνα
1381 1079 1603 1164 κορεσθέντες
1625 1077 1685 1161 τῆς

376 1169 541 1264 άμαρτίας
565 1173 752 1266 μισήσωσιν
777 1173 899 1267 αὐτὴν,
926 1175 987 1267 οὐχ
1006 1173 1257 1264 δποκεισόμεθα
1279 1183 1329 1266 τῷ
1353 1181 1485 1246 Κέλσου
1506 1170 1684 1260 ἀρέσκοντι

376 1271 571 1361 φάσκοντος
601 1274 655 1346 διά
687 1275 768 1360 τούς
798 1281 1090 1366 νενεμημένους
1123 1272 1304 1358 ἐπόπτας
1333 1293 1420 1356 τοῖς
1449 1279 1583 1361 μέρεσι
1614 1275 1683 1358 τῆς

376 1379 444 1462 γῆς
465 1371 513 1444 τά
533 1369 622 1462 παρ’
646 1372 832 1458 ἑκάστοις
854 1369 990 1466 ὀρθῶς
1010 1372 1280 1462 πράττεσθαι,
1308 1371 1393 1446 άλλά
1414 1379 1470 1444 καὶ
1491 1365 1684 1458 βουλόμεθα

377 1470 438 1561 οάχ
461 1467 538 1558 ὅπη
560 1465 581 1559 ᾖ
603 1477 774 1558 ἐκείνοις
796 1483 917 1562 φίλον
937 1494 1049 1546 ποιεῖν
1071 1474 1114 1546 τά
1141 1471 1251 1564 (παρ’)
1274 1479 1423 1545 ἐκείνων.
1466 1465 1600 1559 δρῶμεν
1622 1466 1684 1556 γὰρ

326 1584 360 1639 10
377 1565 433 1643 ότι
463 1566 575 1644 άσιον
604 1577 666 1660 μὲν
696 1572 743 1644 τά
774 1579 814 1659 ἐξ
843 1570 963 1664 ἀρχῆς
993 1576 1095 1646 κατά
1123 1571 1276 1656 τόπους
1303 1577 1569 1660 νενομισμένα
1592 1567 1684 1639 λύειν

376 1676 448 1743 ἐστὶ
477 1667 616 1758 νόμοις
645 1679 815 1762 κρείττοσι
847 1681 903 1746 καί
932 1681 1134 1763 θειοτέροις,
1166 1673 1216 1756 οίς
1247 1670 1295 1756 ῶς
1316 1671 1560 1753 δυνατώτατος
1583 1673 1683 1740 ἔθετο

377 1768 512 1860 Ἰησοῦς,
539 1767 734 1861 ἐξελόμενος
760 1769 867 1864 ,ἡμᾶς
893 1770 962 1846 άπό
984 1780 1047 1844 τοῦ
1068 1779 1194 1856 αἰῶνος
1216 1778 1279 1844 τοῦ
1300 1775 1489 1853 ἐνεστῶτος
1510 1772 1684 1856 πονηροῦίί

376 1877 432 1940 καὶ
447 1878 542 1954 ,τῶν
559 1866 739 1958 ἀρχόντων
757 1881 820 1944 τοῦ
834 1877 960 1957 αἰῶνος
975 1872 1103 1946 τούτου
1117 1879 1191 1942 τῶν
1205 1876 1522 1960 καταργουμένων“·
1544 1864 1684 1940 άνόσιον

376 1977 412 2042 δὲ
439 1967 480 2040 τό
507 1967 552 2058 μὴ
579 1971 753 2059 έπιῤῥίφαι
779 1969 887 2044 αδτόν
914 1981 966 2064 τῷ
993 1971 1138 2044 πάντων
1159 1967 1339 2060 ἀρχόντων
1361 1974 1503 2056 φανέντι
1524 1973 1579 2037 καὶ
1602 1963 1684 2037 άπο-

325 2089 358 2140 15
376 2073 545 2157 δειχθέντι
566 2073 817 2161 <καθαρωτέρῳ
839 2077 910 2160 καί)
933 2077 1172 2159 δυνατωτέρου.
1194 2068 1281 2158 πρὸς
1303 2065 1344 2142 όν
1365 2071 1459 2139 εἶπεν
1481 2063 1500 2139 ό
1523 2064 1614 2150 θεὸς,
1636 2061 1684 2148 ῶς

227 2165 229 2168 ’
375 2172 408 2240 σί
429 2174 606 2257 προφῆται
627 2165 695 2256 πρό
717 2179 860 2241 πολλῶν
882 2191 1050 2260 προεῖπον
1070 2178 1209 2260 γενεῶν·
1238 2173 1393 2258 ,σίτησαι
1414 2164 1493 2254 παρ’
1515 2170 1605 2256 ἐμοῦ,
1627 2173 1683 2235 καὶ

375 2267 476 2338 δῶσω
506 2290 560 2337 σοι
592 2270 677 2356 ἔθνη
709 2267 773 2356 τὴν
802 2277 1031 2358 κληρονομίαν
1062 2293 1123 2340 σου
1156 2275 1212 2342 καί
1245 2268 1309 2357 τὴν
1334 2264 1532 2354 κατάσχεσίν
1558 2289 1620 2336 σου
1640 2262 1682 2334 τό

375 2371 506 2455 πέρατα
536 2371 606 2454 τῆς
637 2372 734 2455 γῆς.“
779 2374 835 2440 καὶ
866 2369 928 2457 γάρ
959 2365 1108 2454 ,,αδτὸς“
1140 2375 1255 2458 γέγονε
1286 2371 1514 2456 ,,προσδοκία“
1542 2373 1545 2440 ί
1575 2359 1681 2452 ἡμῶν,
1698 2371 1750 2426 602

376 2473 450 2536 τῶν
477 2461 545 2535 άπὸ
572 2469 733 2549 ,,έθνῶν“
754 2465 1011 2540 πιστευσάντων
1041 2473 1086 2552 είς
1114 2466 1220 2539 αὐτὸν
1247 2475 1303 2538 καί
1330 2465 1392 2537 τόν
1418 2470 1473 2536 έπὶ
1494 2470 1576 2534 πᾶσι
1598 2458 1682 2534 θεόν

323 2583 358 2637 20
375 2570 506 2653 πατέρα
528 2559 642 2636 αδτσῦ.

459 2683 603 2750 XXXIH.
651 2687 760 2752 Ταῦτα
796 2687 832 2753 δέ
868 2679 910 2754 ου’
943 2679 1051 2774 μόνον
1087 2682 1174 2774 πρὸς
1209 2686 1253 2754 τά
1288 2688 1461 2771 ἐκκείμενα
1497 2684 1572 2768 περὶ
1609 2681 1683 2748 τῶν

292 2783 570 2850 1311έποπτῶν
599 2789 603 2864 Ι
633 2775 711 2869 ἡμῖν
748 2785 914 2870 λέλεκται,
952 2779 1038 2854 άλλδι
1073 2791 1129 2854 καὶ
1157 2792 1303 2874 μετρίως
1333 2776 1610 2872 προλαμβάνουσι
1640 2774 1682 2845 τά

377 2875 445 2950 άπὸ
467 2885 531 2949 τοῦ
553 2884 685 2950 Κέλσου
707 2879 793 2968 πρὸς
816 2877 901 2969 ἡμᾶς
922 2879 1098 2971 λεγόμενα,
1126 2887 1163 2954 έν
1185 2884 1235 2966 οἷς
1258 2906 1373 2971 φησιν·
1401 2885 1475 2952 ’ίτω
1498 2883 1536 2950 δὲ
1559 2871 1577 2948 ό
1601 2873 1683 2948 δεό·

378 3001 507 3066 τερος·
536 2975 728 3068 ἐρήσομαι
759 2985 799 3050 δὲ
829 2977 986 3064 αὐτοὺς,
1017 2978 1147 3052 πόθεν
1177 2975 1343 3071 ἥκουσιν
1368 2975 1389 3069 ἢ
1414 2987 1504 3051 τίνα
1526 2979 1683 3066 ἔχουσιν

461 3182 480 3237 θ
498 3181 561 3250 Vgl.
574 3182 640 3237 Gen.
655 3185 696 3247 11,
709 3184 733 3238 2.
746 3214 780 3222 -
798 3183 861 3254 vgl.
874 3185 951 3240 Ram.
966 3189 988 3248 1,
1001 3187 1042 3240 28.
1056 3186 1117 3240 -4
1135 3185 1198 3254 Vgl.
1212 3187 1290 3239 Rom.
1304 3189 1326 3247 1,
1339 3185 1382 3239 26.
1395 3212 1427 3222 -
1440 3181 1504 3250 Vgl.
1517 3180 1593 3234 Rom.
1605 3181 1629 3240 1,
1641 3177 1682 3232 24.

376 3297 409 3306 -
428 3265 466 3322 12
486 3265 548 3335 vgl.
562 3266 622 3321 Gal.
636 3271 660 3334 1,
670 3271 696 3324 4.
708 3297 742 3306 -
756 3269 794 3324 18
812 3269 875 3339 Vgl.
888 3271 900 3322 I
914 3271 976 3323 Kor.
990 3272 1014 3332 2,
1027 3271 1051 3324 6.
1064 3299 1097 3308 —
1111 3271 1149 3326 1ss
1167 3270 1239 3324 Psal.
1252 3273 1277 3332 2,
1290 3271 1315 3324 8.
1327 3299 1360 3308 -
1374 3268 1412 3323 18
1431 3266 1493 3335 Vgl.
1507 3265 1574 3320 Gen.
1587 3265 1628 3326 49,
1643 3265 1683 3316 10.

375 3381 409 3392 -
427 3351 466 3406 22
485 3351 548 3420 vgl.
566 3357 652 3406 unten
669 3352 694 3404 V
713 3355 745 3407 51
764 3353 852 3407 Mitte.

463 3545 479 3600 l
500 3538 624 3616 (λαβὼν)
648 3545 713 3614 flige
735 3545 779 3598 ich
804 3545 855 3599 mit
873 3545 932 3599 Del.
951 3563 977 3598 u.
996 3545 1064 3600 Rob.
1082 3563 1130 3600 aus
1151 3547 1178 3601 Φ
1200 3547 1245 3601 ein
1268 3547 1272 3611 Ι
1296 3543 1461 3613 έκκειμένας
1482 3543 1578 3598 BRob.
1598 3523 1683 3597 έάκει-

376 3626 465 3695 μένας
483 3629 531 3698 [εο]
554 3625 1079 3699 11έγκειμέιαςΡαιΟΒΕΗΑυερς,
1103 3632 1157 3700 vgl.
1176 3631 1246 3686 oben
1269 3630 1294 3682 V
1312 3631 1358 3692 28,
1381 3630 1406 3683 S.
1425 3631 1457 3683 29
1476 3629 1501 3683 Ζ.
1522 3631 1553 3682 14
1577 3629 1582 3696 Ι
1606 3620 1684 3682 εἶπεν

377 3713 429 3766 Ρεί
444 3715 482 3781 Ιθ
502 3709 536 3783 δ’]
557 3711 585 3768 δέ
605 3715 632 3768 Φ
647 3721 650 3776 Ι
667 3707 724 3782 ἀπ’]
744 3706 801 3768 α’πδ
820 3715 956 3784 MAusgg.
972 3705 1011 3782 Ιά
1032 3714 1206 3784 iibergeschr.
1224 3719 1261 3770 Αἱ
1276 3716 1315 3783 Ιθ
1339 3721 1378 3789 τῷ
1397 3713 1511 3769 Κέλσου
1528 3707 1682 3784 οίρέσκοντι

376 3792 546 3864 φάσκοντος
563 3799 688 3853 schreibe
705 3799 750 3852 ich
768 3798 819 3853 mit
837 3799 946 3869 Sp.Del.
965 3818 991 3854 u.
1010 3798 1078 3853 Rob.
1096 3801 1168 3853 nach
1188 3800 1346 3866 PatBOEH,
1365 3799 1420 3868 vgl.
1439 3798 1510 3852 oben
1524 3799 1548 3851 V
1561 3798 1602 3860 22,
1615 3795 1639 3849 S.
1651 3795 1684 3850 23

376 3897 405 3952 Z.
427 3900 471 3962 13;
498 3904 539 3972 τῷ
561 3896 677 3955 Κέλσου
699 3895 853 3970 ἀρέσκοντι
880 3895 1022 3968 φάσκοντι
1050 3900 1148 3954 B²CD
1171 3907 1211 3975 τῷ
1236 3881 1350 3957 liudi*
1369 3896 1523 3972 α’ρέσκσντι
1541 3893 1684 3968 φάσκοντι

378 3985 415 4036 A¹
433 3985 474 4056 τῷ
492 3981 595 4057 Κέλσῳ
614 3977 768 4053 άρέσκονιι
786 3978 930 4053 φάσκοντι
947 3985 998 4040 Ηὸ.
1015 3984 1050 4052 18
1071 3985 1164 4040 hinter
1182 3981 1280 4056 ὀρθῶς
1298 3981 1375 4058 πράτ
1394 3986 1463 4040 fehlt
1482 3985 1527 4038 ein
1545 3983 1659 4038 Blattc

376 4053 483 4137 θῶ(
502 4067 750 4138 Β[Οίείείί]Ι)ΕΚ
771 4073 775 4136 Ι
795 4062 895 4140 <παρ’>
914 4068 978 4138 stige
996 4070 1040 4122 ich
1058 4070 1110 4124 mit
1128 4071 1194 4124 Rob.
1213 4088 1260 4123 aus
1281 4071 1308 4124 Φ
1325 4071 1369 4125 ein
1389 4073 1393 4138 ί
1415 4072 1451 4126 11
1472 4066 1543 4138 ἐστὶ]
1563 4064 1609 4124 έπί
1626 4067 1685 4121 will

378 4151 426 4206 Bo.
444 4152 542 4220 (Notae
559 4171 584 4224 p.
603 4155 663 4222 390)
686 4153 758 4208 ohne
776 4153 871 4206 Grund
894 4153 1011 4217 finderm
1038 4147 1107 4213 έστϊ.
1127 4156 1175 4208 der
1192 4159 1296 4209 Acuent.
1314 4156 1364 4209 auf
1379 4155 1473 4220 Rasur,
1492 4159 1516 4208 Α
1539 4157 1543 4220 1
1570 4153 1606 4210 12
1633 4159 1687 4208 τοῦ

376 4233 484 4301 αἰῶνος
505 4243 558 4291 τοῦ
575 4233 742 4307 ἐνεστῶτος]
765 4243 819 4293 τοῦ
842 4233 1001 4302 ἐνεστῶτος
1019 4236 1124 4303 αἰῶνος
1148 4239 1175 4292 Φ
1199 4239 1203 4306 ί
1229 4239 1266 4294 14
1294 4233 1382 4293 αἰτόν
1400 4258 1448 4293 aus
1468 4233 1558 4294 αι’τδν
1575 4255 1643 4292 corr.
1660 4241 1685 4290 A

376 4314 482 4374 ἑαυτὸν
501 4321 667 4378 &nemon
687 4316 776 4378 αὐτόν
797 4321 934 4393 11111181).
950 4325 955 4390 Ι
975 4322 1011 4378 15
1030 4321 1243 4397 (καθαρωτέρῳ
1261 4325 1324 4391 καί)
1344 4325 1408 4393 fuge
1425 4324 1471 4376 ich
1489 4324 1540 4377 mit
1558 4323 1618 4377 Del.
1637 4339 1685 4374 aus

378 4404 431 4458 Pat
444 4405 473 4474 [C
486 4405 565 4475 fehlt]
579 4406 663 4460 DEH
681 4406 726 4460 ein
741 4409 745 4475 Ι
762 4407 798 4462 12
824 4400 903 4477 ἔθνη]
922 4400 1000 4462 ἔθνει
1017 4408 1070 4461 Ραί
1084 4409 1088 4473 Ι
1106 4407 1143 4463 18
1163 4406 1264 4477 γέγονε
1283 4409 1446 4478 προσδοκία
1464 4409 1516 4462 ΑΒ
1530 4406 1685 4476 10221121)

378 4487 505 4544 EHRob.
528 4508 648 4561 γεγονεν
672 4492 835 4562 προσδοκία
857 4491 911 4546 Pat
937 4492 1098 4561 προσδοκία
1121 4489 1241 4562 γέγονεν
1265 4493 1400 4562 MAusgg.
1425 4495 1429 4560 1
1453 4494 1493 4548 20
1519 4492 1571 4546 mit
1597 4487 1687 4546 αὐτοῦ

376 4573 496 4643 endigt
518 4575 562 4629 die
580 4574 746 4641 Philokafia,
765 4576 829 4646 Gap.
847 4575 924 4630 XXI]
944 4579 974 4629 1'1
994 4576 1029 4646 (p.
1042 4577 1098 4638 187,
1116 4577 1132 4630 3
1150 4576 1192 4631 ed.
1205 4577 1283 4638 Βοὴ.)
1308 4580 1311 4645 Ι
1336 4578 1374 4633 21
1395 4574 1543 4644 ἐκκείμενα
1562 4575 1686 4630 schreibe

378 4657 432 4722 ich,
450 4659 507 4727 vgl.
527 4659 598 4713 oben
616 4659 641 4713 V
659 4661 700 4723 28,
719 4659 744 4714 S.
762 4661 795 4715 29
813 4661 840 4715 Ζ.
860 4664 891 4714 14
910 4677 936 4713 u.
955 4661 995 4726 32,
1015 4661 1086 4714 oben
1104 4661 1131 4717 Z.
1150 4663 1178 4726 1;
1202 4658 1351 4730 έμκείμενα
1370 4667 1501 4730 AAusgg.
