3780 5538
375 512 436 575 308
915 503 1140 560 ιενινενονε
1218 513 1222 524 ·

374 664 443 739 ἀπὸ
469 675 543 739 τῶν
568 669 654 738 υἱῶν
674 663 816 756 Ἄμμων,
838 672 893 736 καὶ
915 665 1009 736 ἔσται
1030 670 1081 754 τῷ
1103 672 1219 754 κυρίῳ,
1245 673 1300 736 καὶ
1328 663 1454 738 ἀνοίσω
1476 663 1583 740 αύτόν
1605 664 1679 740 δλο-

372 766 565 857 καύτωμαέ(

457 889 486 952 V
511 897 536 956 1.
572 889 613 953 Εἰ
638 882 701 972 χρὴ
732 890 850 953 τοίνυν
880 879 963 970 μετά
994 887 1115 965 ταῦτα,
1148 875 1261 969 ὥσπερ
1288 882 1494 968 ἐκελεύσατε,
1516 889 1679 956 ἐκθέσθαι

374 983 417 1055 τά
450 982 582 1054 πιθανά
612 989 756 1070 πρῶτον
782 989 856 1052 τῶν
881 984 1047 1070 οἰομένων
1072 986 1175 1070 μηδὲν
1200 978 1269 1053 ἀπὸ
1291 991 1365 1054 τῶν
1386 979 1497 1071 εύχῶν
1518 981 1678 1056 ἀνύεσθαι

339 1091 429 1154 ὁκαὶ
456 1082 510 1154 διά
537 1090 642 1154 τοῦτο
671 1077 878 1169 φασκόντων
903 1078 1062 1168 περισσὸν
1089 1083 1173 1151 εἶναι
1199 1079 1240 1152 τὸ
1263 1076 1432 1170 εῦχεσθαι,
1455 1081 1517 1155 οῦκ
1539 1078 1678 1174 ὀκνήσο-

373 1211 434 1270 μεν
459 1181 547 1254 κατὰ
575 1180 716 1270 δύναμιν
737 1187 792 1251 καὶ
815 1185 922 1252 τοῦτο
944 1185 1092 1268 ποιῆσαι,
1113 1176 1313 1268 κοινότερον
1335 1187 1396 1252 νῦν
1417 1190 1472 1252 καὶ
1494 1178 1677 1256 άπλούστε-

374 1313 436 1371 ρον
458 1289 522 1354 τοῦ
544 1288 605 1372 τῆς
624 1278 720 1369 εὐχῆς
738 1275 911 1366 σ’νὸματος
931 1275 1010 1368 ἡμῖν
1030 1286 1211 1368 λεγομένου
1231 1335 1676 1355 .....................

322 1594 355 1649 10
373 1575 467 1654 οὕτω
504 1575 600 1671 δὴ
581 1610 600 1652 ο
643 1575 743 1668 λόγος
782 1583 874 1650 ἐστὶν
910 1575 1030 1664 ἄδοξος
1068 1585 1123 1647 καὶ
1158 1578 1203 1666 μὴ
1246 1581 1359 1667 τυχών
1394 1578 1568 1671 ἐπισήμων
1603 1589 1676 1652 τῶν

371 1685 630 1802 προϊσταμένων
669 1675 787 1762 αύτοῦ,
824 1670 913 1748 ὥστε
951 1683 1033 1767 μηδὲ
1068 1675 1160 1748 πάνυ
1190 1675 1412 1766 εῦρλσκεσθαι,
1457 1674 1550 1764 ὅστις
1590 1685 1676 1752 ποτὲ

372 1789 445 1852 τῶν
478 1777 646 1870 πρόνοιαν
681 1781 964 1866 παραδεξαμένων
994 1785 1049 1847 καὶ
1075 1775 1160 1848 θεὸν
1190 1775 1444 1868 ἐπιστησάντων
1480 1799 1552 1863 τοῖς
1582 1773 1675 1862 ῦλοις

372 1880 471 2006 εύχὴν
502 1880 547 1970 μὴ
576 1886 759 1965 προσίεται.
800 1879 871 1946 ἔστι
901 1876 964 1966 γὰρ
995 1875 1036 1947 τὸ
1063 1873 1224 1967 δόγμα”
1202 1907 1281 1966 ητοι
1313 1885 1386 1948 τῶν
1416 1876 1530 1968 πάντῃ
1560 1876 1676 1951 ἀθέων

370 1988 423 2051 καλ
457 1980 522 2070 τὴν
552 1976 669 2052 ούσέαν
699 1984 762 2048 τοῦ
791 1981 875 2047 θεοῦ
905 1971 1168 2099 ἀρνουμένωνἲ
1147 2005 1188 2100 η,
1195 1985 1268 2048 τῶν
1298 1984 1408 2098 μέχρις
1434 1973 1602 2068 ύνόματος
1628 2009 1674 2050 τι-

321 2093 353 2146 15
372 2086 512 2152 θέντων
546 2075 630 2148 θεὸν
662 2075 725 2166 τὴν
755 2071 921 2165 πρόνοιαν
957 2081 992 2145 δε
1028 2073 1134 2147 αύτοῦ
1168 2073 1460 2164 ἀποστερούντων.
1506 2074 1570 2168 ηδη
1600 2085 1674 2166 μέν·

373 2209 428 2250 τοι
464 2207 500 2267 γε
537 2174 557 2266 ἦ
594 2174 804 2265 ἀντικειμένη
838 2179 994 2263 ἐνέργεια,
1031 2173 1074 2246 τά
1106 2186 1111 2261 λ
1144 2173 1348 2261 ἀσεβέστατα
1388 2184 1461 2248 τῶν
1495 2174 1677 2266 δογμάτων
1695 2187 1746 2240 204

319 2284 376 2367 ss(
404 2282 618 2368 περιτιθέναι
644 2283 792 2347 θέλουσα
818 2280 870 2363 τῷ
897 2269 1040 2364 ἀνύματι
1067 2281 1130 2347 τοῦ
1152 2283 1304 2364 Χριστοῦ
1328 2285 1385 2347 καὶ
1410 2284 1454 2364 τῇ
1481 2283 1676 2369 διδασκαλίᾳ

371 2383 433 2449 τοῦ
454 2381 531 2448 υἱοῦ
553 2381 617 2446 τοῦ
640 2381 737 2458 θεοῦ,
763 2381 817 2444 καὶ
844 2380 921 2462 περὶ
944 2380 1007 2446 τοῦ
1029 2373 1074 2463 μὴ
1096 2380 1166 2446 δεῖν
1188 2371 1345 2464 εὔχεσθαι
1366 2375 1544 2463 δεδύνηται
1565 2385 1675 2448 πεῖσαί

370 2499 477 2559 τινας·
512 2467 551 2566 ἧς
581 2475 716 2564 γνώμης
746 2479 969 2561 προΐστανται
999 2477 1031 2544 οἱ
1061 2472 1104 2544 τά
1135 2474 1282 2563 αἰσθητά
1312 2473 1426 2564 πάντη
1453 2471 1675 2563 ἀναιροῦντες

318 2587 352 2642 20
369 2583 425 2646 καὶ
462 2573 547 2665 μήτε
581 2582 784 2662 βαπτίσματι
818 2570 902 2662 μήτε
939 2568 1126 2665 εὐχαριστίᾳ
1159 2573 1340 2664 χρεόμενοι,
1377 2581 1675 2662 συκοφαντοῦντες

369 2675 431 2759 τδις
457 2673 600 2764 γραφάς,
628 2670 677 2756 οῦς
701 2679 756 2744 καὶ
783 2671 824 2744 τὸ
852 2667 1009 2761 εὔχεσθαι
1037 2678 1143 2745 τοῦτο
1171 2671 1211 2746 ου’
1236 2680 1441 2762 βουλομένας
1461 2671 1536 2747 ἀλλ’
1558 2669 1674 2763 έτερύν

369 2804 404 2845 τι
425 2771 670 2864 σημαινόμενον
690 2771 781 2860 παρὰ
804 2777 910 2844 τοῦτο
933 2772 1159 2856 διδασκούσας.

452 2887 479 2946 2.
515 2876 582 2944 εἶεν
609 2867 642 2944 δ’
664 2867 707 2944 ἀν
735 2877 767 2943 οἱ
800 2868 895 2961 λύγοι
921 2877 996 2944 τοῦν
1022 2869 1246 2945 ἀθετοῦντων
1272 2872 1333 2958 τὰς
1358 2871 1454 2962 εύχδς
1480 2865 1580 2946 οῦτοι
1605 2880 1672 2964 (δη

369 2969 488 3046 λονάτι
517 2972 603 3046 θεὸν
631 2969 849 3060 ἐφιστάντων
877 2990 949 3054 τοῖς
979 2965 1070 3055 ὅλοις
1098 2979 1154 3043 καὶ
1180 2970 1347 3062 πρόνοιαν
1373 2974 1458 3046 εἶναι
1485 2970 1672 3062 λεγόντων·

317 3081 350 3137 25
368 3071 409 3145 ού
434 3073 497 3162 γὰρ
524 3073 700 3161 πρόκειται
726 3078 788 3142 νῦν
814 3067 979 3158 ἐξετάζειν
1005 3070 1048 3142 τά
1074 3068 1235 3161 λεγόμενα
1260 3070 1328 3144 ύπὸ
1354 3081 1428 3144 τῶν
1449 3070 1562 3162 πάντη
1583 3069 1672 3145 ἀναι-

367 3173 524 3262 ρούντων
545 3170 631 3244 θεὸν
653 3166 673 3262 ἢ
695 3168 888 3260 πρύνοιαν)·
918 3165 957 3254 ,δ
978 3169 1081 3253 θεδςέέ
1103 3173 1173 3242 οἶδε
1194 3171 1258 3256 ,τά
1283 3170 1398 3244 πάντα
1422 3170 1491 3260 πρὸ
1514 3179 1672 3262 γενέσεως

368 3269 516 3356 αύτοῦν,“
537 3278 592 3342 καὶ
619 3268 721 3343 ούδέν
745 3274 782 3342 έκ
813 3276 876 3342 τοῦ
898 3274 1122 3360 ’ἐνεστηκέναι
1149 3265 1208 3344 ὅτε
1235 3277 1390 3361 ἐνέστηκε
1411 3279 1555 3360 πρῶτον
1575 3269 1670 3362 αύτῷ

451 3476 471 3531 4
482 3493 509 3531 u.
523 3475 561 3532 18
580 3476 643 3545 Vgl.
656 3475 781 3530 Clemens
793 3473 879 3542 Alex„
892 3473 989 3528 Strom.
1002 3475 1053 3528 VII
1071 3478 1094 3538 7,
1107 3477 1139 3529 41
1158 3493 1185 3544 p.
1197 3475 1255 3530 854.
1273 3478 1324 3532 855
1341 3477 1383 3532 εδ.
1395 3476 1496 3531 Potter.
1509 3507 1542 3516 -
1555 3477 1594 3532 18
1607 3476 1669 3544 vgl.

366 3560 399 3616 H.
412 3560 495 3624 Diels,
512 3560 630 3630 Doxogr.
642 3578 681 3629 gr.
694 3578 720 3631 p.
732 3561 790 3622 591,
807 3559 840 3613 25
849 3575 889 3626 sq.
906 3589 940 3600 -
959 3559 996 3614 15
1015 3558 1079 3627 vgl.
1092 3559 1124 3614 Η.
1137 3559 1246 3624 Usener,
1265 3560 1397 3630 Epicurea
1408 3580 1433 3632 p.
1446 3563 1497 3618 248
1508 3561 1554 3615 Νι.
1566 3563 1624 3616 3419.
1637 3591 1670 3599 -

368 3646 405 3700 16
422 3644 485 3714 Vgl.
497 3645 524 3698 Π
535 3645 628 3698 Thess.
640 3645 664 3709 2,
677 3646 701 3700 9.
714 3674 747 3683 -
759 3643 800 3699 20
816 3642 880 3714 Vgl.
892 3645 1027 3707 Irsnseus,
1040 3643 1110 3698 Δδν.
1122 3643 1196 3698 haer.
1213 3645 1226 3697 Ι
1244 3647 1284 3711 14,
1296 3646 1321 3699 3.
1344 3645 1505 3712 Theodorst,
1522 3645 1602 3700 Hser.
1614 3643 1669 3700 sab.

365 3745 452 3800 comp.
471 3731 483 3782 Ι
502 3732 542 3785 10.
561 3733 601 3784 11.
624 3728 754 3798 Origenes
771 3745 794 3782 ο.
812 3727 919 3784 001⁵.ss
937 3729 977 3792 13,
996 3729 1007 3780 I
1026 3729 1075 3782 142
1093 3727 1118 3781 Ζ.
1131 3727 1175 3783 81.
1193 3759 1225 3768 -
1245 3728 1292 3798 [25
1309 3729 1372 3799 vgl.
1384 3730 1506 3784 Susanna
1518 3729 1550 3783 V.
1563 3729 1613 3798 35.]

452 3914 466 3969 λ
491 3913 583 3968 hinter
606 3911 767 3984 λεγομένου
787 3912 848 3966 eine
867 3911 957 3966 Lflcke
979 3927 1033 3966 von
1051 3913 1176 3968 2zei1en
1194 3939 1227 3956 ==
1244 3913 1382 3983 παρεῖδον
1399 3916 1448 3970 135
1466 3915 1576 3968 Buchst.
1594 3915 1624 3968 in
1640 3913 1670 3976 Τ,

365 4014 408 4051 wo
435 4001 507 4052 ελσε
533 3997 687 4068 Folgendes
713 3997 864 4066 gestandas
890 3996 982 4050 hsben
1008 3997 1095 4050 kann:
1121 3996 1189 4066 (εἰσὶ
1210 3992 1267 4071 γὰρ
1291 3994 1318 4053 οἳ
1342 3993 1406 4054 οῦδὲ
1424 3989 1516 4064 οῦτως
1535 4017 1669 4069 σημαινο-

364 4079 453 4152 μένην
483 4075 535 4151 τήν
565 4075 650 4152 εὐχὴν
680 4079 891 4150 παραδέχονται
923 4074 997 4135 άλλά
1027 4077 1276 4152 καταγελάσαντες
1301 4089 1359 4138 τῶν
1385 4077 1548 4154 εύχομένων
1573 4087 1671 4139 πᾶσαν

364 4159 448 4237 εὐχὴν
471 4158 627 4222 δπιύσποτε
651 4163 809 4236 λεγομένην
831 4168 981 4231 παντελῶς
997 4159 1180 4238 ἀναιρεῖσθαι
1198 4163 1376 4238 βούλονται),
1396 4169 1559 4239 wenigstens
1577 4169 1670 4224 τιδτδε

366 4251 410 4306 δίε
428 4252 670 4308 Buchstsbenzshl
689 4252 815 4304 stimmen
831 4253 836 4318 Ι
853 4251 890 4306 Ῑθ
910 4247 1013 4320 πάντη]
1032 4247 1126 4306 πάντα
1146 4251 1209 4305 liest
1226 4253 1307 4322 Angl.
1326 4253 1380 4320 (bei
1398 4254 1482 4308 Del.I
1500 4255 1580 4320 913⁸)
1599 4253 1669 4308 ohne

366 4337 462 4390 Grund
487 4341 490 4402 Ι
516 4337 555 4393 26
582 4355 626 4390 am
652 4335 732 4389 Rand
760 4352 812 4388 von
831 4335 851 4386 Ι.
871 4334 903 4388 H.
926 4335 986 4388 eins
1008 4335 1102 4400 Notis,
1126 4353 1178 4389 von
1202 4336 1249 4390 der
1271 4337 1399 4407 folgende
1416 4339 1526 4394 Buchst.
1544 4339 1668 4394 erhalben

365 4421 438 4475 sind:
851 4461 857 4472 .
877 4460 882 4472 .
902 4460 908 4473 .
927 4461 933 4474 .
953 4419 1056 4490 εἰρημα
1074 4426 1132 4475 τῶν

906 4523 1051 4571 ..μυτιον
1069 4505 1101 4574 [1]
1121 4499 1155 4560 τὸ

364 4674 404 4728 sie
422 4674 471 4728 hat
488 4672 562 4726 wohl
581 4690 610 4727 so
628 4544 981 4744 ςε]οο1εδ·δκέπιχ>εέρημα
999 4691 1057 4728 των
1075 4668 1291 4745 (αθετ>οι’ντων
1308 4669 1340 4730 τδ
1360 4669 1524 4746 (εὔχεσθαι)
1542 4676 1571 4730 Τ.
