3758 5564
368 459 429 524 386
909 450 1132 506 ΩΡΙΓΕΝΟΥΣ

368 619 521 705 γελοίοις,
544 619 578 684 τί
601 619 651 686 δεῖ
670 619 726 684 καὶ
748 616 866 702 λέγειν,
890 619 964 686 τῶν
986 611 1185 684 δοκούντων
1200 619 1250 703 τῷ
1266 617 1327 702 τῆς
1342 607 1493 701 ἀμελείας
1508 618 1582 684 τῶν
1596 607 1672 685 ἀνα-

368 709 582 803 γνωσμάτων
607 709 791 802 ἐγκλήματι
820 711 864 802 μὴ
896 714 980 785 εἰναι
1011 707 1141 802 ἐνόχων
1169 719 1300 803 μυρίων
1331 704 1424 784 ῦσων
1458 709 1500 782 τὰ
1532 718 1674 782 τοιαῦτα

367 809 586 896 πταιόντων;
607 807 701 882 τόδ’
729 807 813 883 αῦτὸ
838 818 894 882 καί
920 815 975 884 έπί
1002 819 1076 884 τῶν
1101 808 1343 884 ἀποστολικῶν
1366 817 1423 881 καί
1452 807 1675 900 εῦαγγελικῶν

369 906 651 1001 ἀναγνωσμάτων
672 918 797 982 πολλοὶ
818 907 1022 998 πεπόνθασι,
1045 910 1100 984 διὰ
1122 909 1184 995 τάς
1205 915 1290 994 ἰδίας
1305 905 1421 992 ἀνοίας
1439 905 1675 982 ἀναπλάττον-

334 1030 351 1084 ο
370 1040 424 1096 τες
447 1013 564 1100 ἕτερον
585 1007 678 1100 παρὰ
701 1008 765 1082 τόν
785 1009 1058 1101 θεολογοῦμενον
1084 1017 1139 1080 καί
1166 1009 1254 1082 κατὰ
1281 1008 1346 1099 τὴν
1366 1005 1534 1100 ἀλήθειαν
1561 1037 1675 1098 νενοη-

368 1115 471 1201 μένον
492 1129 567 1193 τοίς
589 1103 696 1199 ἀγίοις
716 1107 792 1180 υίὸν
814 1105 835 1201 ἢ
855 1116 995 1199 πατέρα.
1040 1103 1060 1182 ὁ
1082 1108 1144 1200 γὰρ
1165 1108 1211 1199 μὴ
1233 1108 1276 1181 τὰ
1298 1105 1413 1198 ἀληθῆ
1435 1115 1579 1196 φρονῶν
1600 1117 1676 1198 περί

368 1216 453 1281 θεοῦ
475 1203 495 1300 ἢ
520 1215 675 1298 Χριστοῦ
697 1206 804 1280 αῦτοῦ
825 1216 888 1282 τοῦ
908 1215 970 1300 μὲν
991 1206 1160 1299 ἀληθινοῦ
1181 1205 1410 1280 ἀποπέπτωκε
1430 1215 1515 1280 θεοῦ
1535 1214 1592 1280 καί
1615 1214 1676 1280 τοῦ

369 1315 575 1399 μονογενοῦς
597 1304 716 1380 αῦτοῦ·
739 1302 781 1380 ἀν
803 1313 839 1378 δὲ
860 1304 1048 1380 ἀνέπλασεν
1074 1305 1095 1398 ἦ
1122 1301 1220 1380 ἄνοια
1247 1304 1365 1392 αῦτοῦ,
1394 1313 1573 1396 νομίζουσα
1593 1309 1677 1380 εἰναι

369 1415 501 1498 πατέρα
521 1413 578 1479 καί
600 1406 684 1492 υἱὸν,
707 1402 770 1478 οῦκ
792 1402 905 1490 ὄντως
925 1425 1116 1498 προσκυνεῖ,
1140 1412 1245 1478 τοῦτο
1266 1409 1394 1479 παθῶν
1415 1405 1471 1478 διὰ
1492 1405 1533 1478 τό
1556 1403 1619 1478 τὸν
1640 1411 1677 1478 ἰν
1788 1421 1797 1430 “

319 1527 352 1583 10
370 1515 421 1600 τῷ
443 1503 688 1596 ἀναγινώσκειν
710 1505 754 1578 τά
780 1500 858 1595 ἀγια
882 1505 1104 1596 πειρασμὸν
1133 1505 1178 1596 μὴ
1201 1513 1398 1596 νενοηκέναι
1419 1512 1501 1596 μηδὲ
1523 1503 1571 1590 ῶς
1593 1504 1677 1594 πρὸς

368 1603 486 1698 ἀγῶνα
507 1614 565 1678 καί
587 1602 669 1678 τότε
691 1601 784 1696 αῦτῷ
807 1603 1012 1696 ἐνεστηκότα
1033 1601 1258 1696 ὁπλισάμενος
1280 1613 1336 1680 καὶ
1357 1603 1447 1688 στάς.

455 1719 502 1780 11.
536 1705 599 1795 χρὴ
622 1714 742 1776 τοίνυν
762 1699 918 1794 εὔχεσθαι
943 1701 1004 1794 οῦχ
1034 1709 1088 1778 ίνυ
1117 1705 1163 1796 μὴ
1193 1713 1432 1794 πειραοθῶμεν
1453 1709 1572 1793 (τοῦτο
1593 1711 1596 1790 Ι
1615 1703 1677 1793 γάρ
1694 1724 1749 1780 260

369 1803 551 1895 ἀδύνατον)
574 1801 719 1878 ἀλλ’ἵνα
739 1802 783 1894 μὴ
804 1801 872 1875 ῦπό
895 1812 958 1877 τοῦ
979 1812 1201 1895 πειρασμοῦ
1221 1812 1492 1895 περιθληθῶμεν,
1516 1797 1601 1893 ὅπερ
1615 1801 1677 1876 πά-

370 1927 508 1995 σχουσιν
532 1907 564 1976 οἱ
588 1899 779 1993 ένεχόμενοι
801 1901 895 1994 αῦτῶ
917 1910 972 1974 καὶ
1000 1910 1216 1994 νενικημένοι.
1259 1909 1330 1976 ἐπεὶ
1356 1896 1420 1976 οῦν
1448 1907 1513 1992 ἔξω
1533 1911 1595 1993 μὲν
1616 1910 1678 1993 τῆς

319 2014 352 2068 15
370 2001 466 2095 εάχῆς
503 2011 690 2095 γέγραπται
726 2001 796 2092 ,μὴ
831 2007 997 2075 εἰσελθεῖν
1032 2009 1087 2088 εἰς
1120 2003 1372 2094 πειρασμὸν,“
1410 1997 1493 2092 ὅπερ
1529 2007 1566 2074 έκ
1604 2010 1678 2074 τῶν

370 2110 555 2194 εἰρημένων
577 2101 717 2174 δῦναταί
738 2131 815 2186 πως
837 2103 922 2174 είναι
941 2108 1057 2191 σαφές,
1084 2108 1122 2174 έν
1145 2109 1179 2174 δὲ
1202 2111 1245 2192 τῇ
1271 2100 1349 2192 εῦχῇ
1376 2108 1483 2192 λέγειν
1510 2099 1594 2192 ἡμᾶς
1616 2109 1676 2174 δεῖ·

370 2203 438 2294 ,μὴ
462 2207 689 2293 εἰσενέγκῃς
710 2196 809 2291 ἡμᾶς
828 2203 883 2285 εἰς
903 2201 1147 2292 πειρασμόν(
1168 2209 1219 2294 τῷ
1239 2209 1342 2290 κατρί
1361 2209 1448 2291 θεῷ·
1468 2195 1564 2288 ἀξιον
1583 2205 1676 2286 ἰδεῖν,

370 2311 445 2386 πῶς
469 2301 533 2392 χρὴ
561 2318 655 2374 νοεῖν
681 2299 745 2372 τὸν
770 2297 856 2372 θεὸν
882 2298 1025 2390 εἰσάγειν
1051 2298 1116 2372 τὸν
1141 2300 1186 2392 μὴ
1211 2295 1428 2392 εῦξάμενονῆ
1449 2299 1577 2390 τὸνμὴ
1598 2303 1677 2374 έπα-

369 2399 558 2492 κουόμενον
579 2405 674 2485 „ew
696 2397 761 2470 τὸν
781 2395 1053 2489 ,,πειρασμόν.“
1087 2398 1290 2491 ἀπεμφαίνει
1311 2399 1383 2490 γάρ,
1406 2407 1469 2472 τοῦ
1491 2405 1678 2490 νικωμένου

319 2517 354 2573 20
371 2505 601 2591 εἰσερχομένου
620 2501 718 2584 ,,εἰς“
732 2495 796 2570 τόν
810 2497 1080 2588 ,πειρασμόν“,
1103 2498 1266 2573 τὸνθεόν
1281 2508 1428 2590 νομίζειν
1443 2497 1585 2589 εἰσάγειν
1600 2499 1677 2572 τινὰ

369 2607 446 2687 ,εἰς
468 2597 727 2690 πειρασμὸν,“
742 2601 847 2670 οἱονεί
868 2605 919 2688 τῷ
942 2605 1101 2671 νικᾶσθαι
1123 2596 1230 2672 αάτὸν
1250 2595 1457 2690 παραδόντα.
1500 2596 1520 2688 ἡ
1542 2595 1575 2670 δ’
1592 2598 1677 2690 αῦτη

371 2696 560 2788 ἀπέμφασις
582 2703 749 2788 περιμένει
769 2704 825 2769 καί
847 2695 910 2769 τόν
932 2691 1027 2782 ὅπως
1047 2705 1133 2770 ποτὲ
1155 2698 1379 2790 έξηγοῦμενον
1393 2697 1435 2770 τό
1455 2694 1614 2788 ,εῦχεσθε
1628 2699 1677 2791 μὴ

371 2805 534 2872 εἰσελθεῖν
555 2803 611 2880 εἰς
638 2794 888 2886 πειρασμόν.“
924 2803 952 2869 εἰ
973 2797 1036 2887 γάρ
1057 2797 1164 2871 κακὸν
1185 2797 1226 2871 τό
1248 2802 1402 2890 έμπεσειν
1422 2803 1498 2886 ,εἰς
1519 2824 1677 2890 πειρασ-

369 2897 479 2986 μὸν,“
502 2891 586 2984 ὅπερ
614 2900 669 2967 ίνα
694 2894 739 2986 μὴ
764 2893 931 2985 πάθωμεν
957 2894 1136 2987 εῦχόμεθα,
1164 2906 1240 2982 πῶς
1261 2894 1323 2971 οῦκ
1344 2893 1479 2970 ἀτοπον
1500 2917 1593 2972 νοεῖν
1615 2897 1678 2971 τὸν

319 3012 353 3068 25
369 2993 502 3089 ἀγαθὸν
523 2993 626 3084 θεὸν,
649 2994 694 3086 μὴ
716 2993 905 3084 δυνάμενον
926 2995 1117 3084 ,,καρποῦς“
1139 3003 1254 3086 φέρειν
1275 2997 1499 3086 ,,πονηροῦς,“
1525 2995 1678 3086 περιβάλ-

371 3109 441 3170 λειν
462 3095 540 3169 τινά
564 3114 639 3180 τοίς
661 3113 791 3179 κακοίς;

455 3210 503 3270 12.
537 3193 703 3286 χρήσιμον
723 3185 788 3265 οῦν
808 3199 854 3278 εἰς
872 3201 980 3266 ταῦτα
1002 3201 1221 3285 παραθέσθαι
1244 3193 1286 3266 τά
1308 3200 1345 3268 έν
1367 3203 1410 3284 τῇ
1431 3195 1518 3285 πρὸς
1535 3192 1677 3284 Ῥωμαί-

370 3325 429 3380 ους
449 3293 517 3368 ῦπό
544 3301 607 3367 τοῦ
629 3293 768 3366 Παῦλον
788 3295 943 3384 εἰρημένα
965 3301 1093 3366 τοῦτον
1115 3293 1178 3366 τὸν
1194 3291 1338 3382 τρόπον·
1361 3292 1572 3382 ,φάσκοντες
1594 3298 1678 3368 είναι

370 3401 471 3484 σοφοί
494 3391 753 3484 ἐμωράνθησαν,
776 3401 832 3464 καί
854 3389 1003 3482 ἤλλαξαν
1026 3392 1090 3484 τὴν
1112 3390 1215 3480 δόξαν
1241 3400 1303 3466 τοῦ
1330 3390 1514 3483 ἀφθάρτου
1535 3402 1619 3466 θεοῦ
1640 3399 1677 3466 έν

319 3507 354 3562 30
370 3489 559 3586 ὁμοιώματι
583 3490 716 3576 εἰκόνος
737 3500 899 3584 φθαρτοῦ
920 3490 1112 3582 ἀνθρῶπου
1125 3501 1181 3564 καὶ
1194 3502 1365 3566 πετεινῶν
1377 3500 1433 3565 καί
1454 3491 1677 3582 τετραπόδων

369 3602 426 3666 καί
447 3594 613 3684 ἑρπετῶν.
656 3590 710 3664 διὸ
731 3598 929 3679 παρέδωκεν
952 3590 1076 3676 αῦτοῦς
1097 3588 1116 3664 ό
1138 3591 1219 3676 θεὸς
1241 3597 1278 3663 έν
1298 3611 1373 3677 ταῖς
1388 3597 1583 3683 ἐπιθυμίαις
1604 3601 1677 3666 τῶν

303 3709 353 3764 32ν
369 3699 520 3784 καρδιῶν
539 3703 544 3777 Ι
563 3688 682 3764 αῦτῶν
703 3693 749 3774 εἰς
770 3687 992 3782 ἀκαθαρσίαν,
1015 3699 1078 3764 τοῦ
1091 3689 1310 3780 ἀτιμάζεσθαι
1332 3691 1375 3764 τά
1397 3693 1538 3780 σῶματα
1561 3688 1677 3764 αῦτῶν

369 3799 408 3865 έν
429 3793 595 3876 ἓαυτοίς,“
617 3798 673 3862 καί
695 3787 766 3880 μετ’
793 3785 901 3879 ὀλίγα·
931 3789 1007 3876 ,διὰ
1037 3798 1142 3863 τοῦτο
1173 3796 1372 3880 παρέδωκεν
1402 3788 1525 3874 αῦτοῦς
1554 3787 1677 3874 όθεὸς

453 3961 552 4032 4ng
570 3961 702 4030 Origenes
719 3977 741 4015 ο.
760 3961 829 4017 Cels.
848 3961 912 4015 VIII
932 3963 964 4017 16
981 3961 1070 4017 Mitte.
1096 3991 1130 4000 -
1158 3962 1176 4018 8
1201 3961 1504 4032 vgl.J0h.1,14.18.
1534 3961 1676 4026 3‚16.18.

370 4048 462 4104 IJoh.
482 4049 507 4112 λ,
527 4050 552 4104 9.
571 4077 604 4086 -
623 4047 663 4102 15
681 4064 707 4102 u.
720 4046 760 4102 22
779 4047 845 4101 Luk.
864 4048 906 4111 22,
924 4049 958 4103 40
976 4047 1085 4116 (Matth.
1104 4048 1146 4112 26,
1164 4049 1206 4102 41.
1230 4047 1318 4100 Μοτίι.
1339 4050 1378 4115 14,
1397 4047 1449 4117 38).
1470 4075 1503 4084 -
1522 4047 1558 4103 11
1578 4045 1677 4100 matth

370 4133 455 4200 6,13.
479 4130 547 4186 Luk.
568 4132 614 4196 11,
631 4135 656 4186 4.
675 4161 708 4170 -
726 4131 766 4188 25
785 4129 847 4202 Vgl.
865 4131 964 4186 Matth.
983 4133 1011 4194 7,
1029 4132 1070 4187 18.
1093 4161 1126 4171 -
1149 4131 1189 4188 28
1207 4130 1283 4204 Βῦω.
1303 4135 1331 4197 1,
1350 4132 1459 4187 22-24.
1481 4159 1515 4170 -
1538 4129 1578 4187 88
1600 4131 1677 4185 Rom.

371 4219 396 4286 1,
413 4219 454 4275 26.
473 4219 515 4273 27.

456 4369 475 4424 6
501 4357 525 4438 ἦ]
543 4368 593 4423 καί
611 4367 692 4436 Angl.
715 4366 771 4435 (bei
788 4365 849 4422 Del.
867 4367 879 4420 I
897 4365 977 4435 9272)
1000 4367 1005 4436 Ι
1031 4367 1045 4422 I
1070 4359 1097 4436 ἢ]
1115 4367 1164 4422 καί
1184 4365 1266 4434 Angl.
1289 4372 1323 4434 (ε.
1341 4384 1366 4420 ιι.
1381 4367 1422 4435 Ο.)
1446 4368 1451 4435 Ι
1475 4365 1493 4422 8
1515 4355 1551 4421 όν
1568 4363 1606 4436 δέ]
1629 4357 1679 4430 οῦς

372 4449 580 4522 II,1iontAngl.
599 4453 633 4520 Ιε.
644 4450 718 4520 αθ.)
737 4451 808 4506 ohne
827 4450 920 4506 Grund
941 4453 945 4520 Ι
965 4452 984 4507 θ
1008 4443 1109 4520 ὄντος]
1128 4443 1215 4514 ὄντας
1232 4450 1316 4504 Lond.
1332 4451 1338 4520 Ι
1354 4451 1392 4506 15
1410 4450 1503 4506 ίιὶοίει
1519 4447 1678 4522 γέγραπται

371 4542 403 4600 -Ι-
416 4530 537 4608 εῦχεσθε
556 4536 637 4604 Angl.
649 4537 684 4604 Ιε..
696 4552 722 4590 ε.
735 4535 777 4604 0.)
794 4536 864 4590 1]αοί]
884 4535 951 4588 Luk.
969 4537 1010 4604 22,
1028 4535 1070 4600 40,
1083 4541 1115 4600 Ἰ-
1129 4525 1327 4605 προσεῦχεσθε
1344 4535 1447 4588 Lomm.
1466 4535 1538 4590 ohne
1556 4534 1651 4590 Grund
1673 4539 1676 4602 Ι

372 4621 410 4677 82
430 4615 525 4677 αῦτῶν
543 4619 643 4687 (hinter
661 4613 802 4690 σῶματαΙ]
821 4611 916 4676 αῦτῶν
933 4619 1019 4676 Lond.
