3790 5526
376 495 433 556 142
914 487 1139 543 ΩΡΙΓΕΝΟΥΣ

375 644 487 738 λόγον,
512 642 560 731 σάς
582 675 690 718 τινων
710 643 769 734 ἀφ’
792 643 890 736 ἡμῶν
911 645 971 737 ούχ
994 645 1278 739 ὁμολογησάντων
1306 653 1458 736 πνεῦμα
1485 649 1585 719 εῖναι
1607 647 1678 720 τὸν

373 745 472 818 θεὸν
500 743 588 818 άλλά
617 744 690 817 τὸν
721 745 808 817 υἱὸν
837 743 956 831 αὐτοῦ,
978 757 1035 820 καὶ
1057 753 1162 820 οἴεται
1185 744 1342 820 ἀπαντᾶν
1363 753 1473 836 λέγων
1495 739 1549 818 ὅτι
1572 745 1678 820 0666-

372 854 440 932 μία
462 842 631 934 τοιαύτη
654 844 768 933 φύσις
790 850 873 917 ἐστὶ
894 844 1136 936 πνεύματος,
1160 845 1251 922 ὥστ’
1273 842 1332 918 άεὶ
1356 852 1570 934 διαμένειν·
1599 842 1678 918 ωσεὶ

372 951 437 1030 καὶ,
460 941 634 1034 λεγόντων
655 941 753 1035 ἡμῶν
776 939 830 1016 ὅτι
852 940 871 1016 6
893 943 987 1028 θεὸς
1016 953 1126 1035 ,πῦρέέ
1149 949 1250 1031 ἐστι,
1252 951 1523 1032 καταναλίσκον
1525 955 1545 983 “
1567 947 1679 1036 ἔλεγεν

338 1038 428 1120 δὸτι
458 1041 621 1134 οὐδεμία
639 1044 818 1165 τοιαύτη
848 1044 963 1158 φύσις
992 1049 1076 1118 ἐστὶ
1105 1044 1227 1135 πυρὸς,
1256 1040 1347 1116 ὥστ’
1374 1041 1434 1116 άεὶ
1463 1051 1678 1134 διαμένειν·

374 1140 434 1231 ούχ
470 1139 565 1232 ὁρῶν
600 1151 676 1262 πως
703 1150 845 1235 λέγομεν
868 1147 953 1216 εἶναι
982 1152 1092 1234 ,πῦρ“
1121 1143 1193 1217 τὸν
1223 1142 1323 1216 θεὸν
1353 1139 1464 1234 ἡμῶν,
1490 1151 1545 1214 καὶ
1573 1153 1678 1216 τίνων

372 1239 604 1328 άναλωτικὸν,
637 1235 693 1315 ὅτι
725 1239 978 1334 ἁμαρτημάτων
1008 1253 1064 1316 καὶ
1093 1251 1154 1334 τῆς
1181 1251 1307 1326 κακίας
1349 1249 1470 1332 πρέπει
1500 1243 1564 1333 γάρ
1595 1252 1677 1335 θεῷ

372 1339 495 1434 άγοθῷ
517 1341 601 1431 μετὰ
624 1371 666 1413 το
653 1341 832 1415 ἕκαστον
854 1351 1004 1465 6666661
1024 1341 1282 1434 ἀγωνισάμενον,
1302 1337 1421 1426 ὁποῖος
1439 1339 1613 1431 γέγονεν’
1593 1371 1678 1432 αγω

374 1439 498 1531 νιστὴς,
521 1438 695 1514 ἀναλῶσαι
717 1448 767 1531 τῷ
790 1449 871 1531 πυρὶ
892 1451 966 1516 τῶν
987 1441 1162 1515 κολάσεων
1184 1441 1249 1532 τὴν
1271 1449 1400 1512 κακίαν.

322 1562 355 1618 10
457 1543 529 1612 εἶτα
559 1539 663 1613 πάλιν
698 1542 809 1631 ἑαυτῷ
841 1541 881 1615 τὸ
914 1543 958 1633 μὴ
990 1539 1171 1632 λεγόμενον
1201 1536 1260 1628 ὑφ’
1290 1537 1388 1630 ἡμῶν
1418 1541 1590 1631 λαμβάνει,
1624 1537 1678 1614 ὅτι

372 1636 593 1762 άναγκαῑόν
628 1646 712 1712 ἐστι
743 1639 789 1712 τὸ
820 1638 1168 1715 άναπεπνευκέναι
1197 1637 1271 1711 τὸν
1300 1635 1408 1712 θεάν.
1450 1647 1515 1711 καὶ
1545 1639 1676 1731 τούτῳ

373 1735 606 1813 ἀκόλουθον
635 1739 680 1812 τὸ
710 1739 759 1831 μὴ
790 1739 985 1813 δύνασθαι
1013 1738 1233 1862 άναστῑγναι
1265 1738 1363 1828 μετά
1392 1747 1466 1811 τοῦ
1494 1739 1678 1830 σώματος

373 1837 446 1911 τὸν
465 1835 626 1930 Ἰησοῦν
656 1836 726 1911 ούκ
754 1833 800 1911 66
826 1840 899 1931 γάρ
921 1837 1134 1930 ἀπειλήφει
1157 1835 1175 1909 6
1168 1835 1344 1910 δέδωκε
1365 1843 1521 1926 πνεῦμα
1542 1835 1561 1910 6
1583 1841 1678 1923 θεὸς

372 1946 780 2029 καταμεμολυσμένον
808 1947 856 2028 τῇ
878 1945 950 2063 τού
973 1940 1157 2030 σώματος
1178 1935 1301 2026 φύσει.
1344 1932 1465 2027 εὔηθες
1487 1928 1551 2008 οὖν
1572 1934 1677 2009 άπαν-

322 2061 354 2114 15
374 2043 437 2108 τᾶν
459 2035 544 2128 ἡμᾶς
565 2036 653 2126 πρὸς
676 2038 756 2121 τούς
778 2034 950 2127 λόγους(
921 2070 969 2123 ως
992 2035 1173 2130 ἡμετέρους
1195 2035 1275 2120 τούς
1296 2035 1341 2125 μὴ
1363 2032 1553 2125 ἡμετέρους.

455 2159 594 2226 LXXIIL
623 2151 732 2226 Εῐθέ
667 2155 793 2243 θὲξῆς
816 2161 1039 2244 ταυτολογῶν
1060 2153 1144 2244 μετά
1167 2151 1207 2224 τὸ
1230 2154 1343 2224 πολλὰ
1367 2156 1404 2223 ἐν
1426 2171 1498 2234 τοῖς
1514 2148 1677 2240 άνωτέρω

374 2259 479 2325 εἰπεῖν
509 2263 565 2326 καὶ
599 2251 758 2343 χλευάσαι
789 2253 854 2374 την
884 2259 921 2324 ἐκ
951 2259 1128 2344 παρθένου
1158 2258 1314 2342 γέννησιν
1345 2257 1417 2323 τοῦ
1447 2257 1560 2336 θεοῦ,
1591 2250 1678 2339 πρὸς

373 2349 415 2442 66
443 2356 532 2426 κατὰ
566 2352 608 2426 τὸ
639 2351 787 2426 δυνατὸν
816 2348 894 2442 ἡμῖν
921 2350 1175 2443 ἀπηντὴσαμεν,
1207 2358 1324 2441 φησίν·
1357 2354 1389 2420 εἰ
1425 2347 1458 2420 6’
1488 2350 1677 2436 ἐβούλετο

373 2461 527 2542 πνεῦμα
554 2459 594 2540 ἐξ
620 2453 766 2524 ἑαυτοῦ
792 2459 1065 2542 καταπέμψαι,
1093 2460 1132 2524 τέ
1153 2455 1284 2522 ἐδεῖτο
1307 2452 1363 2531 εἰς
1379 2449 1567 2538 γυναικὸς
1589 2475 1678 2541 γασ-

322 2574 356 2631 20
374 2559 468 2643 τέρα
490 2557 667 2642 ἐμπνεῖν,
697 2550 866 2623 ἐδύνατο
894 2551 965 2641 γάρ
992 2547 1063 2641 ἢδη
1085 2547 1278 2623 πλάσσειν
1299 2546 1541 2638 άνθρωπους
1563 2552 1679 2634 εἰδὼς

373 2659 437 2723 καὶ
473 2651 606 2742 τούτῳ
640 2647 881 2741 περιπλάσαι
911 2657 1021 2739 σῶμα
1053 2657 1117 2722 καὶ
1148 2649 1197 2740 μὴ
1228 2646 1274 2720 τά
1305 2652 1409 2719 ἰ’διον
1439 2655 1594 2736 πνεῦμα
1624 2652 1678 2732 εἰς

374 2757 576 2823 τοσοῦτον
598 2756 742 2840 μίασμα
765 2754 961 2876 ἐμβαλεῖν·
983 2743 1115 2833 ούτως
1136 2743 1259 2838 μέν’τ
1282 2741 1328 2818 66
1350 2742 1436 2818 οὐδ’
1452 2743 1677 2836 ἧπιστεῑτο,

375 2856 407 2920 εἰ
438 2845 603 2922 άνωθεν
634 2845 755 2932 εύθύς
786 2851 968 2939 ἐσπαρτο.
1010 2857 1065 2920 καὶ
1096 2843 1193 2920 ταῦτ’
1215 2849 1318 2932 εἶπεν,
1347 2851 1418 2917 ἐπεὶ
1444 2845 1488 2937 μὴ
1519 2849 1584 2919 εἶδε
1615 2847 1679 2936 τὴν

373 2947 585 3040 παρθενικὴν
617 2957 673 3019 καὶ
702 2949 861 3038 καθαράν
891 2955 1046 3038 γέννησιν
1075 2944 1181 3019 κα1’
1160 2947 1229 3019 απὸ
1259 2952 1417 3037 μηδεμιᾶς
1448 2954 1584 3036 φθορᾶς
1614 2953 1677 3019 τοῦ

322 3072 355 3127 25
372 3055 560 3137 μέλλοντος
581 3044 856 3138 ύπηρετήσασθαι
879 3056 922 3137 τῇ
944 3045 1144 3136 ἀνθρώπων
1166 3055 1315 3138 σωτηρίᾳ
1337 3046 1528 3135 σώματος.
1572 3051 1679 3118 οἲεται

374 3156 409 3222 δὲ
443 3143 462 3220 6
493 3146 557 3220 τὸν
583 3146 745 3219 Στωϊκὸν
776 3145 880 3238 λόγον
909 3151 1126 3237 ἐκτιθέμενος
1155 3154 1212 3217 καὶ
1241 3145 1286 3236 μὴ
1317 3143 1607 3235 προσποιούμενος
1637 3145 1681 3215 τά

374 3256 451 3338 περὶ
473 3244 673 3338 ἀδιαφόρων
694 3255 923 3339 μεμαθηκέναι
950 3251 1005 3331 εἰς
1030 3252 1176 3337 μίασμα
1203 3250 1468 3335 ἐμβεβλῆσθαι
1494 3243 1559 3334 τὴν
1581 3253 1680 3316 θείαν

375 3349 493 3438 φύσιν
523 3355 580 3418 καὶ
609 3349 790 3437 μεμιάσθαι
823 3351 890 3418 εἴτε
920 3354 1104 3436 γενομένην
1132 3351 1169 3417 ἐν
1200 3345 1388 3436 γυναικὸς
1418 3343 1584 3434 σάματι,
1618 3346 1680 3427 ἕως

373 3453 630 3538 περιπλασθῇ
650 3442 736 3535 αύτῄ
759 3447 800 3518 τὸ
823 3453 945 3536 σῶμα,
969 3451 1034 3518 εἴτε
1057 3452 1166 3536 σῶμα
1188 3441 1421 3534 άνειληφυῐαν·
1444 3441 1681 3533 παραπλήσιόν

460 3651 477 3706 2
502 3652 566 3721 Vgl.
586 3650 691 3714 Cicero,
710 3649 752 3704 De
770 3650 843 3706 deor.
860 3653 917 3705 nat.
936 3651 975 3704 111
994 3654 1034 3716 14,
1052 3651 1161 3706 35-39.
1185 3647 1292 3703 1115551.
1311 3647 1451 3718 (118519,
1470 3647 1510 3700 19.
1528 3675 1561 3684 -
1581 3646 1600 3700 4
1618 3663 1644 3700 u.
1663 3647 1681 3701 9

374 3735 437 3805 vgl.
456 3736 537 3790 Hebr.
557 3737 602 3803 12,
621 3737 654 3791 29
681 3735 874 3812 (125124.
898 3738 922 3797 9,
940 3738 974 3803 3).
999 3732 1369 3804 -8Vgl.1'11'm.6,12.
1395 3730 1421 3783 11
1438 3729 1550 3794 1164,
1569 3731 1680 3785 9.-11

374 3821 437 3889 vgl,
457 3820 528 3874 oben
545 3821 584 3876 IV
604 3823 644 3876 13.
657 3849 690 3860 —
704 3821 741 3876 11
761 3818 823 3888 Vgl.
841 3819 942 3886 Cicem,
955 3818 1061 3874 (I'uscul.
1081 3818 1147 3889 disp.
1166 3819 1220 3882 19,
1239 3819 1272 3872 19
1290 3816 1345 3870 und
1364 3814 1463 3869 Matth.
1476 3816 1517 3882 21,
1530 3815 1571 3869 50.
1592 3814 1681 3869 Mark.

375 3909 421 3972 15,
438 3907 479 3961 31.
503 3905 571 3959 Luk.
590 3906 632 3970 23,
649 3905 691 3959 46.
717 3904 777 3958 Joh.
796 3905 836 3968 19,
855 3905 896 3959 30.
921 3935 955 3944 -
983 3904 1021 3960 13
1044 3902 1107 3973 Vgl.
1125 3903 1260 3972 Diogenes
1277 3902 1366 3956 1666.
1385 3899 1437 3954 911
1455 3901 1479 3964 1,
1497 3901 1555 3955 157.
1581 3928 1615 3939 -
1642 3901 1680 3954 19

374 3990 438 4060 Vgl.
457 3990 528 4044 oben
546 3991 686 4045 132-35.
705 3991 746 4044 37.
759 4021 792 4030 -
814 3989 853 4044 19
870 3988 932 4058 Vgl.
951 3989 1049 4043 Matth.
1067 3991 1091 4056 1,
1109 3989 1150 4043 20.
1173 3986 1243 4042 Luk.
1262 3990 1285 4054 1,
1304 3989 1345 4042 35.
1369 3984 1505 4054 Diogenes
1523 3984 1611 4040 baert.
1630 3984 1681 4038 VII

374 4076 480 4140 1,151.
511 4103 544 4113 -
575 4075 614 4131 22
643 4073 705 4144 Vgl.
728 4075 795 4129 Lev.
819 4077 846 4138 7,
870 4075 887 4130 8
907 4074 969 4144 (18).
1009 4073 1152 4134 Plutarch,
1179 4072 1220 4126 De
1247 4070 1270 4125 11
1299 4069 1371 4141 apud
1398 4068 1519 4140 Delphos
1545 4068 1610 4140 Gap.
1632 4068 1681 4123 XX

376 4179 402 4232 p.
415 4161 465 4215 393
477 4159 505 4215 0.
523 4159 684 4225 Tertullian,
700 4160 772 4214 Adv.
791 4160 872 4214 Maro.
887 4161 926 4214 111
944 4161 978 4215 10
990 4176 1014 4213 ε.
1028 4160 1060 4213 A.
1079 4160 1110 4214 11
1128 4157 1217 4225 Mitte,
1235 4174 1261 4210 u.
1285 4155 1356 4210 oben
1373 4154 1398 4207 V
1416 4155 1457 4218 14,
1476 4154 1501 4208 S.
1517 4157 1548 4210 15
1566 4155 1591 4208 Z.
1610 4155 1680 4208 2011.

374 4275 407 4284 -
426 4245 465 4301 26
484 4244 548 4314 vgl.
566 4243 637 4300 oben
655 4244 694 4299 91
717 4245 757 4310 11,
776 4245 800 4300 S.
814 4247 862 4300 141
881 4243 965 4300 281.

461 4405 478 4461 1
498 4397 745 4501 6601076666666
756 4406 887 4460 AH11.im
899 4405 976 4468 Text,
989 4403 1033 4474 Sp.
1046 4419 1092 4456 am
1103 4400 1196 4464 Rand,
1215 4391 1462 4469 ὁμολογησάντων
1473 4395 1524 4452 Ηδ.
1536 4413 1581 4452 am
1595 4398 1674 4452 Rnnd

375 4489 418 4561 Sp
424 4490 510 4544 Del
502 4485 907 4559 1mTextl2u6066616
924 4482 1102 4557 ΔΙύφύσις
1119 4481 1180 4541 ἐστὶ
1199 4486 1222 4536 Α
1241 4481 1302 4539 ἐστὶ
1319 4479 1404 4552 φύσις
1420 4481 1556 4552 MAusgg.
1573 4483 1609 4552 17
1633 4502 1680 4538 κα·

375 4575 449 4645 κλας]
473 4571 676 4645 6¹11bergeschr
696 4579 733 4630 A¹
749 4579 754 4645 Ι
769 4577 809 4632 211
826 4570 882 4631 εἶδε
900 4575 980 4629 AH6
986 4574 1077 4642 Sp
1049 4566 1107 4627 οἶδε
1125 4570 1207 4624 Del.
1205 4567 1268 4636 ,24
1285 4559 1465 4638 παρθενικὴν
1482 4568 1531 4622 καὶ
1548 4559 1684 4636 καθαράν

300 4677 303 4684 ⁴
376 4662 400 4714 A
417 4653 555 4732 καθαράν
571 4663 621 4716 καλ
638 4655 816 4732 παρθενικὴν
832 4661 970 4727 MAusgg.
986 4650 1075 4727 1μὴδέ
1091 4661 1158 4723 μιᾶς
1174 4614 1207 4709 A.
