3780 5532
629 486 728 542 ΚΑΤΑ
750 441 909 542 Amol}
933 487 1007 545 VIII
1030 486 1055 541 2.
1073 487 1097 541 3.
1114 490 1139 541 4.
1472 489 1533 552 223

233 643 319 718 άλλόι
338 647 515 733 ,,θεοῦς,“
538 640 590 720 ῶν
604 651 675 720 οἶδέ
688 679 765 722 τινα
780 645 978 740 συναγωγὴν
993 643 1012 720 ό
1026 645 1238 739 προφητικός
1253 643 1363 736 λόγος,
1384 653 1440 716 καί
1462 643 1534 716 τόν

233 750 287 818 ἐπὶ
312 753 394 819 πᾶσι
427 746 523 820 θεὸν
554 748 697 834 τούτους
726 757 944 839 διακρίνοντα
969 755 1024 818 καὶ
1047 743 1354 836 διατασσόμενον
1377 742 1532 834 ἑκάστῳ

148 850 216 905 1911
233 843 274 916 τό
296 851 423 918 οίκεῖον
443 844 541 938 αῦτῷ
563 853 690 939 ἔργον.
727 844 767 934 ,,ό
790 845 904 931 θεός“
924 855 927 935 ί
947 847 1009 938 γάρ
1035 851 1134 937 ,ἔστη
1157 852 1194 918 ἐν
1216 853 1393 935 συναγωγῇ
1415 853 1532 926 θεῶν,

232 949 269 1017 ἐν
289 952 378 1037 μέσῳ
402 953 438 1018 δὲ
458 948 579 1032 θεοῦς
600 955 788 1038 διακρινεῖ.“
831 955 887 1018 καί
909 945 972 1037 γάρ
995 953 1065 1020 ἐστι
1091 944 1211 1032 ,θεὸς
1232 954 1340 1017 θεῶν
1360 944 1533 1034 κῦριος,“

198 1071 214 1124 5
233 1041 270 1128 ῦς
292 1045 346 1117 διόι
368 1053 432 1118 τοῦ
454 1051 529 1118 υίοῦ
551 1045 707 1134 ,ἐκάλεσε
729 1046 794 1137 τὴν
815 1052 878 1137 γῆν
899 1043 967 1118 άιιό
983 1044 1166 1120 άνατολῶν
1181 1041 1279 1136 ἡλίου
1294 1048 1355 1129 ἕως
1370 1049 1533 1134 δυσμῶν.“

231 1151 285 1215 καί
301 1142 621 1237 προστασσόμεθα
642 1149 917 1237 ἐξομολογεῖσθαι
931 1153 1009 1237 ,τῷ
1024 1153 1106 1238 θεῷ
1123 1153 1197 1218 τῶν
1211 1153 1349 1230 θεῶν,“
1363 1141 1534 1235 μαθόντες

230 1253 286 1316 καὶ
308 1244 350 1318 τό
379 1241 420 1332 ,,ό
443 1247 538 1330 θεός
559 1243 623 1318 οῦκ
645 1251 716 1319 ἐστι
738 1253 894 1335 νεκρῶν
915 1241 1002 1316 ἀλλὰ
1024 1242 1204 1332 ξῶντωνίί·
1227 1237 1312 1335 άπερ
1335 1244 1375 1335 δὴ
1402 1251 1534 1334 λέγεται

232 1341 273 1415 οῦ
295 1340 404 1434 μόνον
425 1344 480 1417 διόι
502 1353 575 1418 τῶν
596 1350 798 1438 ἐκκειμένων
819 1343 907 1418 άλλά
928 1353 985 1416 καὶ
1007 1340 1048 1416 δι’
1071 1340 1187 1417 άλλων
1209 1351 1346 1435 μυρίων.
1486 1435 1492 1446 ι

314 1463 368 1530 IV.
415 1468 558 1534 Τοιαῦτα
587 1470 643 1534 καί
673 1471 750 1552 περὶ
780 1468 922 1550 κυρίου
950 1467 1006 1532 καί
1032 1469 1180 1552 κυρίων
1211 1458 1423 1534 διδάσκουσιν
1449 1455 1534 1550 ἡμᾶς

183 1577 216 1632 10
235 1561 238 1646 ί
262 1555 429 1646 ἐξετάζειν
457 1567 513 1632 καὶ
540 1581 680 1650 φρονεῖν
707 1565 739 1633 οί
760 1571 851 1633 θεῖοι
873 1557 981 1649 λόγοι,
1005 1555 1095 1632 ὅπου
1114 1567 1176 1651 μὲν
1198 1566 1368 1650 λέγοντες·
1398 1563 1534 1649 ,,έξομο-
1551 1580 1603 1635 146

233 1667 387 1746 λογεῖσθε
420 1667 476 1750 τῷ
507 1669 589 1752 θεῷ
621 1670 694 1734 τῶν
719 1668 841 1744 θεῶν,
869 1653 924 1730 ότι
951 1665 997 1743 είς
1023 1658 1087 1732 τόν
1106 1666 1214 1731 αἰῶνα
1237 1659 1278 1732 τό
1301 1662 1392 1742 ἔλεος
1413 1654 1534 1729 αῦτοῦ·

232 1760 488 1846 ἐξομολογεῖσθε
509 1767 560 1850 τῷ
586 1767 709 1850 κυρίῳ
733 1767 807 1832 τῶν
827 1764 990 1849 κυρίων,
1019 1753 1074 1832 ότι
1095 1765 1141 1843 είς
1163 1757 1227 1831 τόν
1246 1761 1356 1830 αἰῶνα
1377 1757 1419 1830 τό
1442 1762 1534 1841 ἔλεος

231 1851 368 1941 αῦτοῦ,“
391 1850 481 1929 όπου
503 1865 537 1930 δέ
561 1853 615 1930 ότι
637 1865 728 1932 ἐστίν
750 1855 770 1930 ό
795 1859 892 1942 θεός
918 1858 1091 1944 ,βασιλεῦς
1113 1865 1186 1929 τῶν
1207 1853 1458 1944 βασιλευόντων
1478 1863 1534 1928 καί

230 1953 372 2044 κῦριος
401 1965 476 2028 τῶν
501 1955 760 2047 κυριευόντων.“
796 1960 866 2030 οίδε
893 1963 927 2030 δὲ
950 1952 968 2028 ό
991 1957 1092 2046 λόγος
1114 1957 1235 2041 θεοὺς
1256 1956 1336 2040 τοῦς
1356 1963 1418 2045 μέν
1439 1985 1535 2041 τινας

182 2075 214 2129 15
231 2060 431 2145 λεγομένους
457 2057 538 2140 τοῦς
564 2063 599 2130 δὲ
624 2067 681 2130 καὶ
703 2054 819 2145 ὄντας,
842 2063 910 2129 εἴτε
932 2061 1130 2146 λεγομένους
1152 2061 1219 2129 εἴτε
1240 2053 1299 2146 μή·
1328 2059 1370 2128 τὸ
1391 2053 1425 2126 δ’
1448 2052 1534 2128 αότό

232 2151 400 2226 διδάσκων
421 2164 478 2229 καὶ
499 2165 576 2245 περὶ
598 2167 750 2247 κυρίων
771 2163 846 2230 τῶν
867 2152 983 2229 όντων
1003 2164 1060 2227 καὶ
1080 2156 1125 2246 μὴ
1147 2161 1234 2245 λέγει
1253 2151 1272 2228 ό
1288 2163 1437 2239 Παῦλος·
1459 2163 1536 2241 ,καὶ

230 2252 294 2343 γάρ
327 2258 419 2346 είτιερ
451 2261 510 2328 είσί
539 2255 714 2348 λεγόμενοι
745 2263 834 2328 θεοὶ
876 2253 934 2328 εἴτ’
962 2261 999 2328 έν
1032 2251 1171 2346 οῦρανῷ
1202 2252 1261 2328 εἴτ’
1289 2261 1343 2328 ἐπὶ
1378 2262 1439 2345 τῆς
1466 2261 1534 2345 γῆς,

233 2347 348 2441 ῶσπερ
383 2360 442 2426 εἰσὶ
477 2363 569 2429 θεοί
598 2363 722 2430 πολλοὶ
755 2363 812 2427 καὶ
840 2356 976 2444 κύριοι
1006 2364 1160 2428 πολλοί.“
1202 2351 1263 2427 εἶτ’
1289 2361 1360 2428 ἐπεὶ
1390 2350 1431 2440 ,,ό
1461 2360 1535 2426 τῶν

231 2459 342 2526 θεῶν
363 2455 479 2538 θεὸς(
492 2467 588 2528 καλεῖ
599 2451 679 2542 »ἀπ’
693 2452 896 2528 άνατολῶν“
910 2461 966 2526 καὶ
982 2461 1159 2544 ,,δυσμῶν“
1174 2459 1229 2527 ἐπὶ
1251 2455 1317 2545 τὴν
1339 2456 1462 2526 ἑαυτοῦ
1483 2482 1535 2542 με·

180 2573 215 2628 20
232 2559 307 2641 ρίδα
337 2552 393 2625 διὰ
425 2561 489 2626 τοῦ
509 2552 615 2646 Ἰησοῦ
647 2551 707 2640 οῦς
736 2553 907 2639 βούλεται,
938 2552 1079 2642 κύριος
1109 2559 1144 2626 δέ
1174 2549 1226 2628 ῶν
1252 2550 1271 2626 ό
1294 2555 1442 2642 Χριστός
1463 2559 1535 2624 τοῦ

230 2658 329 2724 θεοῦ
359 2659 526 2726 δείκνυσιν
556 2651 597 2726 δι’
621 2645 672 2727 ῶν
703 2660 803 2744 ἐπέβη
834 2671 907 2737 τοῖς
933 2650 1079 2726 πάντων
1100 2648 1206 2744 όρίοις
1226 2661 1281 2726 καί
1304 2654 1390 2743 πρὸς
1411 2651 1535 2725 ἑαυτόν

231 2748 300 2825 άπὸ
326 2751 472 2825 πάντων
498 2749 605 2842 όρίων
624 2766 722 2828 καλεῖ
742 2748 796 2828 ότι
817 2759 888 2826 ἐστὶ
909 2753 1056 2824 πάντων
1077 2761 1151 2824 τῶν
1171 2753 1401 2842 κυριευόντων
1422 2757 1534 2840 διαφέ-

231 2873 317 2939 ρων·
348 2851 402 2925 διὰ
433 2859 539 2925 τοῦτο
570 2851 667 2926 ταῦτ’
690 2851 910 2942 ἐπιστάμενος
940 2847 1117 2936 όΠοῦλός
1144 2875 1226 2943 φησι
1251 2849 1327 2941 μεθ’
1351 2849 1535 2940 άααρεθέ·

230 2977 314 3040 μην·
336 2948 430 3036 ,ἀλλ’
453 2949 532 3042 ἡμῖν
555 2953 602 3037 είς
622 2953 715 3037 θεός
736 2949 755 3025 ό
776 2953 900 3044 πατὴρ,
923 2957 958 3039 ἐξ
980 2944 1021 3023 οῦ
1043 2951 1086 3024 τά
1108 2951 1232 3038 πάντα,
1254 2959 1310 3024 καὶ
1333 2953 1379 3035 είς
1396 2950 1535 3039 κύριος

180 3069 212 3123 25
229 3046 354 3140 Ἰησοῦς
373 3050 534 3141 Χριστός,
557 3049 598 3124 δι’
621 3043 662 3124 οῦ
686 3051 729 3124 τόι
750 3050 874 3136 πάντα,
896 3059 952 3124 καὶ
975 3049 1067 3142 ἡμεῖς
1089 3048 1129 3124 δι’
1152 3051 1290 3124 αότοῦ.“
1326 3057 1475 3140 θεωρῶν
1497 3077 1534 3122 τε

231 3149 421 3240 θαυμάσιόν
442 3179 521 3222 τινα
541 3159 597 3223 καὶ
618 3152 835 3242 μυστηριώδη
856 3151 960 3240 λόγον
980 3150 1068 3222 κατὰ
1091 3150 1154 3222 τὸν
1176 3149 1288 3222 τόπον
1309 3157 1459 3240 ἐπιφέρει
1482 3146 1535 3220 ai»

231 3268 315 3333 τοῖς·
340 3246 437 3334 ,ἀλλ’
457 3247 521 3323 οῦκ
547 3256 585 3323 ἐν
610 3258 713 3324 πᾶσιν
739 3247 760 3340 ἡ
787 3257 941 3340 γνῶσις.“
983 3249 1070 3322 ἐπάν
1092 3254 1127 3321 δὲ
1149 3255 1241 3340 λέγη·
1270 3247 1364 3336 ,ἀλλ’
1387 3247 1465 3342 ἡμῖν
1489 3249 1534 3332 είς

230 3350 326 3433 θεός
359 3344 529 3440 όπατὴρ,
559 3355 596 3436 ἐξ
625 3341 667 3422 οῦ
699 3349 742 3422 τόι
764 3347 892 3433 πάντα,
917 3358 973 3422 καὶ
996 3350 1042 3434 είς
1067 3347 1208 3438 κῦριος
1229 3345 1354 3439 Ἰησοῦς
1376 3351 1533 3440 Χριστός,

230 3445 271 3519 δι’
295 3439 336 3520 οῦ
359 3448 403 3521 τὰ
423 3447 570 3534 ιιάντα,“
593 3449 634 3523 τό
656 3446 776 3540 ,,ἦμῖν“
796 3457 882 3539 λέγει
905 3446 957 3538 ἐφ’
974 3450 1096 3520 ἑαυτοῦ
1117 3457 1173 3520 καὶ
1194 3446 1339 3522 πάντων
1361 3455 1435 3521 τῶν
1454 3445 1533 3521 άνα·

179 3567 213 3622 30
229 3547 424 3639 βεβηκότων
455 3551 541 3640 πρὸς
572 3549 646 3623 τόν
677 3554 732 3622 ἐπὶ
761 3556 844 3622 πᾶσι
873 3549 973 3621 θεόν
1001 3555 1097 3634 ,,τῶν
1121 3554 1258 3621 θεῶνίί
1283 3552 1447 3640 καὶπρὸς
1469 3550 1535 3622 τόν

230 3653 284 3720 ἐπὶ
305 3655 388 3720 πᾶσι
408 3647 554 3740 κόριον
575 3654 670 3735 ,τῶν
691 3657 872 3738 κυρίων.“
911 3645 1095 3739 άναβέβηκε
1117 3654 1152 3720 δὲ
1173 3647 1260 3738 πρός
1282 3648 1354 3722 τόν
1376 3654 1431 3721 ἐπὶ
1452 3656 1534 3722 πᾶσι

314 3823 330 3878 1
353 3819 565 3892 Vgl.Psal.81,
585 3821 608 3874 1.
631 3849 665 3860 -
688 3820 706 3876 A
729 3819 792 3890 Vgl.
811 3820 882 3875 oben
905 3819 957 3875 VII
980 3819 1021 3884 68,
1044 3817 1069 3874 8.
1088 3820 1138 3875 217
1156 3817 1182 3873 Ζ.
1196 3819 1249 3875 6ff.
1271 3849 1305 3859 -
1328 3819 1347 3876 8
1369 3819 1495 3884 Ρευ1.81,
1510 3823 1533 3875 1.

229 3935 263 3946 -
280 3905 298 3961 4
314 3905 387 3960 Ρειιί.
405 3907 446 3970 49,
467 3909 489 3960 1.
512 3934 546 3944 -
569 3905 588 3960 0
606 3903 669 3974 vgl.
687 3904 760 3958 Psal.
780 3907 837 3970 135,
855 3905 879 3960 2.
897 3935 930 3945 -
951 3905 965 3961 λ
990 3905 1089 3959 Μαίίίι.
1108 3905 1149 3970 22,
1169 3905 1210 3958 32.
1233 3904 1322 3959 Μοιίι.
1342 3906 1382 3969 12,
1400 3905 1441 3959 27.
1465 3905 1533 3959 Luk.

229 3991 270 4054 20,
289 3990 330 4046 38.
353 4021 385 4030 -
411 3990 449 4046 10
471 3990 542 4044 Ρεοί.
562 3991 620 4055 135,
637 3990 662 4044 2.
680 3989 704 4045 3.
722 4019 755 4028 -
774 3989 929 4046 131Am.
948 3991 971 4051 6.
991 3991 1030 4045 15.
1049 4019 1083 4029 -
1102 3989 1140 4044 18
1163 3989 1176 4044 1
1193 3988 1258 4044 Kor.
1276 3990 1300 4056 8,
1319 3991 1343 4044 5.
1360 4020 1394 4030 -
1413 3991 1451 4046 18
1469 3989 1533 4060 Vgl.

229 4074 301 4128 Psal.
318 4075 361 4139 49,
380 4079 404 4130 1.
423 4105 456 4114 -
474 4075 626 4131 241K0r.
644 4075 668 4136 8,
686 4075 710 4130 6.
728 4105 761 4114 —
780 4075 817 4132 θλ
837 4074 850 4128 Ι
867 4073 933 4129 Kor.
950 4075 975 4136 8,
994 4075 1018 4128 7.
1036 4103 1068 4112 -
1086 4073 1099 4126 I
1117 4073 1180 4128 Kor.
1192 4074 1218 4138 8,
1234 4075 1259 4129 6.
1276 4105 1310 4114 -
1328 4074 1368 4130 30
1385 4073 1448 4144 Vgl.
1461 4073 1533 4128 Psal.

230 4160 287 4226 135,
305 4159 329 4213 2.
347 4161 372 4214 3.
395 4157 475 4214 Dent.
494 4160 534 4224 10,
553 4161 593 4214 17.

317 4309 332 4365 7
353 4304 384 4378 δὴ
403 4311 501 4362 Μῦθῐῐ·
512 4313 615 4380 Ausgg.
634 4307 664 4366 δέ
680 4311 703 4362 A
724 4311 728 4378 1
748 4309 765 4365 A
786 4308 879 4364 hinter
895 4311 1017 4364 τοιαῦτα
1035 4314 1067 4373 -1-
1085 4305 1254 4378 AAusgg.1
1272 4311 1323 4364 καί
1341 4309 1400 4376 (vor
1416 4308 1532 4379 κυρίων)

230 4393 317 4463 tilgen
335 4393 435 4464 HASp.
454 4403 487 4454 <
504 4394 563 4448 Del.
583 4397 588 4463 Ι
611 4394 648 4450 12
672 4390 909 4464 ἐξομολογεῖσθε]
928 4389 1170 4462 ἐξομολογεῖσθαι
1188 4397 1212 4446 A
1228 4396 1231 4461 Ι
1249 4391 1288 4448 14
1305 4389 1504 4464 κυριευόντων]
1524 4414 1533 4448 ι

230 4477 258 4530 in
277 4478 419 4533 Correctur
436 4483 461 4534 A
476 4479 480 4546 1
498 4479 534 4534 Ῑῦ
552 4476 727 4548 λεγομένους
739 4478 783 4548 (1)]
803 4496 837 4533 ου
855 4495 904 4531 aus
922 4495 940 4532 α
959 4494 1025 4532 corr.
1038 4480 1063 4530 A
1078 4479 1082 4544 1
1100 4476 1138 4532 10
1156 4479 1205 4532 καί
1223 4479 1281 4542 (vor
1298 4479 1384 4550 περλ)]
1403 4497 1422 4532 α
1440 4495 1532 4548 ausge-

229 4561 349 4616 brochen
367 4566 392 4616 A
407 4569 411 4631 Ι
426 4563 500 4633 περί]
517 4579 539 4617 ιι
556 4561 760 4632 ausgebroehen
777 4565 802 4616 A
817 4564 821 4630 Ι
838 4562 873 4618 Ῑί
894 4567 944 4632 τῆς
961 4571 994 4621 <
1011 4562 1147 4630 MAusgg.
1164 4561 1222 4630 122
1244 4567 1304 4618 τῶν
1320 4572 1353 4621 <
1371 4563 1507 4632 MAusgg.
1527 4563 1530 4631 1

230 4645 270 4700 20
287 4640 368 4700 ταῦτ’
386 4650 409 4700 A
427 4651 517 4703 ταῦτα
535 4651 637 4717 Auugg.
654 4649 658 4715 Ι
674 4647 711 4703 27
732 4646 845 4717 γνῶσις]
865 4665 881 4701 ν
898 4646 949 4700 auf
963 4647 1050 4701 Rasur
1068 4652 1099 4703 A.
