3780 5538
612 521 711 575 ΚΑΤΑ
733 521 894 576 ΚΚΛΣΟΥ
915 521 989 578 vlu
1012 524 1053 576 δι’).
1072 521 1113 575 56.
1131 524 1172 576 57.
1491 527 1551 588 273

246 709 296 772 με,
318 681 420 772 κύριε,
443 691 499 753 καὶ
520 679 680 771 πείρασόν
701 712 749 774 με,
772 683 934 774 πύρωσον
956 682 1037 765 τοῦς
1058 681 1206 771 νεφρούς
1227 710 1292 770 μου
1312 689 1368 753 καὶ
1390 681 1455 772 τήν
1474 693 1552 769 καρ-

248 786 324 853 δίαν
345 791 439 871 μου.“
481 789 536 852 καὶ
559 783 621 872 γὰρ
644 779 755 865 οὐδεὶς
776 789 1038 870 ,,στεφανοῦται,
1061 781 1121 854 έᾶν
1142 781 1186 870 μή
1210 788 1381 871 νομίμωςίί
1403 786 1554 853 ἐνταῦθα

247 889 302 951 καὶ
325 886 389 952 έπί
411 888 479 972 γῆς
500 884 584 972 μετὰ
605 882 764 972 σώματος
785 889 849 953 τοῦ
871 889 954 972 ,τῆς
977 881 1236 962 ταπεινώσεως(
1258 877 1442 970 ,,άθλήση.“

329 979 416 1068 πρὸς
448 986 483 1052 δὲ
514 981 651 1065 τούτοις
680 979 758 1054 ούδὲ
789 978 1034 1071 ᾶποδίδομεν
1064 980 1133 1062 τᾶς
1160 987 1380 1069 νομιζομένας
1407 979 1555 1071 προσή·

213 1099 333 1152 5κειν
355 1079 470 1166 τιμᾶς
492 1080 544 1164 οίς
566 1089 653 1170 λέγει
670 1088 798 1164 Κέλσος
820 1081 863 1152 τᾶ
879 1087 960 1170 τῇδε
982 1077 1289 1168 ἐπιτετράφθαι.
1318 1079 1476 1168 ,,κύριον“
1492 1080 1554 1170 γάρ

246 1177 331 1264 ,πᾶν
348 1179 455 1252 θεὸν“
477 1176 575 1270 ήμῶν
596 1187 851 1270 προσκυνοῦμεν
873 1189 950 1264 ,καὶ
968 1177 1062 1270 αύτῷ
1085 1176 1200 1269 μόνῳίί
1224 1177 1439 1268 λατρεύομεν,
1462 1176 1554 1268 εῦχό-

247 1309 343 1369 μενοι
357 1287 496 1370 μιμηταὶ
512 1287 663 1370 Χριστοῦ
681 1287 842 1370 γίνεσθαι,
866 1275 904 1364 ῦς
919 1286 970 1370 τῷ
986 1276 1120 1352 εἰπόντι
1134 1276 1229 1368 αύτῷ
1245 1275 1406 1369 διαβόλῳ·
1422 1277 1555 1364 ,ταῦτά

248 1403 302 1450 σοι
323 1376 437 1450 πάντα
459 1380 568 1464 διάσω,
591 1380 653 1452 ἐᾶν
673 1382 789 1451 πεσών
811 1377 1045 1469 προσκυνήσῃς
1066 1387 1143 1468 μοι“
1167 1381 1239 1450 είπε
1261 1375 1315 1450 τά·
1338 1377 1477 1466 ,κύριον
1492 1377 1555 1450 τόν

248 1475 332 1550 θεόν
359 1503 420 1550 σου
443 1477 686 1570 προσκυνήσεις
711 1486 766 1550 καί
793 1476 887 1569 αύτῷ
901 1475 1009 1568 μόνῳ
1038 1477 1257 1565 λατρεύσεις.“
1292 1485 1348 1548 καὶ
1371 1478 1419 1548 διδ
1446 1476 1554 1550 τοῦτό

182 1591 231 1658 Ι10
248 1605 285 1666 γε
315 1577 388 1661 τᾶς
418 1585 636 1667 νομιζομένας
667 1577 887 1668 προσήκειν
918 1576 1034 1667 τιμᾶς
1066 1578 1116 1661 οίς
1147 1601 1228 1666 φησι
1251 1583 1378 1660 Κέλσος
1404 1577 1446 1649 τᾶ
1474 1583 1555 1666 τῇδε

248 1675 548 1766 ἐπιτετράφθαι
577 1675 639 1750 οδκ
671 1674 929 1767 ᾶποδίδομεν,
962 1681 1034 1748 ἐπεὶ
1065 1673 1193 1760 ,οὐδεὶς
1225 1675 1365 1749 δύναται
1393 1681 1464 1747 δυσὶ
1491 1706 1555 1748 κυ-

249 1783 352 1864 ρίοις
388 1775 621 1848 δουλεύειν“
644 1785 712 1848 ’καί
744 1775 784 1849 οῦ
814 1775 986 1865 δυνάμεθα
1022 1771 1089 1864 ᾶμα
1124 1781 1220 1866 ,θεῷ
1257 1774 1466 1847 δουλεύειν
1500 1784 1555 1847 καὶ

247 1881 420 1968 μαμωνᾶ,“
445 1871 508 1946 εἴθ’
533 1868 551 1946 ό
579 1905 612 1946 τι
634 1883 720 1947 ποτὲ
743 1879 778 1947 έν
798 1871 819 1964 ἢ
841 1881 982 1947 πλείονα
1002 1881 1210 1965 καλουμένῳ.
1246 1871 1331 1946 άλλᾶ
1353 1882 1408 1945 καὶ
1431 1881 1459 1946 εί
1479 1878 1556 1962 ,διὰ

248 1981 317 2064 τῆς
336 1972 559 2063 παραβάσεως
584 1980 648 2046 τοῦ
670 1971 795 2065 νόμου(
819 1971 970 2064 ἀτιμάζει
991 2005 1043 2058 τις
1064 1973 1127 2046 τὸν
1148 1980 1425 2063 νομοθετοῦντα,
1453 1982 1556 2062 σαφὲς

198 2090 230 2142 15
249 2069 326 2163 ήμῖν
354 2083 511 2161 φαίνεται
538 2067 594 2145 ότι
621 2072 680 2145 δύο
705 2071 823 2163 νόμων
850 2073 1076 2163 ἐναντιότητα
1098 2071 1183 2161 πρὸς
1205 2069 1373 2163 ἀλλήλους
1394 2074 1555 2162 ἑχόντων,

249 2180 312 2245 τοῦ
338 2169 444 2261 νόμου
471 2179 533 2245 τοῦ
555 2179 640 2244 θεοῦ
665 2181 721 2244 καὶ
749 2179 811 2245 τοῦ
833 2169 941 2261 νόμου
960 2179 1024 2244 τοῦ
1043 2179 1196 2262 μαμωνᾶ,
1221 2173 1449 2262 αἱρετώτερον
1471 2168 1556 2262 ἡμᾶς

250 2271 323 2357 ,διᾶ
351 2279 413 2362 τῆς
439 2270 661 2361 παραβάσεως
693 2280 756 2344 τοῦ
782 2269 909 2363 νόμουίί
936 2279 999 2344 τοῦ
1026 2278 1171 2362 μαμωνᾶ
1203 2270 1266 2342 τὸν
1295 2277 1459 2361 μαμωνᾶν
1485 2269 1555 2344 ᾶτι-

248 2369 374 2460 μάζειν,
406 2375 460 2444 ίνα
492 2370 546 2443 διᾶ
576 2377 638 2460 τῆς
664 2371 838 2463 τηρήσεως
865 2380 928 2443 τοῦ
950 2369 1058 2462 νόμου
1079 2378 1143 2444 τοῦ
1164 2378 1249 2443 θεοῦ
1271 2369 1334 2442 τὸν
1355 2368 1441 2442 θεὸν
1462 2369 1556 2462 τιμή-

248 2495 369 2562 σωμεν,
405 2467 426 2559 ἢ
455 2471 532 2557 ,διὰ
564 2478 625 2562 τῆς
660 2470 878 2560 παραβάσεως
914 2477 978 2544 τοῦ
1007 2467 1135 2561 νόμουί(
1166 2478 1230 2542 τοῦ
1261 2476 1347 2542 θεοῦ
1377 2468 1441 2543 τόν
1469 2469 1555 2543 θεὸν

196 2587 231 2642 20
249 2567 434 2658 ᾶτιμάζειν,
468 2575 523 2641 ίνα
553 2568 689 2660 τηρήσει
720 2579 784 2644 τοῦ
814 2568 921 2661 νόμου
952 2578 1015 2642 τοῦ
1045 2577 1188 2660 μαμωνᾶ
1218 2569 1282 2642 τὸν
1311 2576 1475 2660 μαμωνᾶν
1507 2599 1554 2640 τι·

247 2668 413 2760 μήσωμεν.
1078 2691 1081 2700 ·

163 2799 230 2855 207v
330 2774 424 2840 LVII.
462 2775 612 2855 ΚέλσοςΙ
636 2776 696 2858 μὲν
719 2762 782 2842 οῦν
805 2775 912 2842 οίεται
938 2776 993 2859 τῷ
1020 2774 1093 2858 βίῳ
1116 2781 1367 2859 λειτουργεῖν
1389 2769 1437 2842 τᾶ
1459 2777 1553 2860 πρέ-

247 2898 391 2954 ποντα,
423 2874 534 2958 μέχρι
565 2863 613 2940 ᾶν
644 2877 727 2940 τεᾶν
757 2874 912 2958 δεσμοᾶν
950 2865 1213 2940 ἀπολυθῶσιν
1244 2865 1437 2957 ἄνθρωποι,
1468 2869 1554 2941 έπᾶν

247 2968 335 3041 κατὰ
363 2969 406 3039 τᾶ
433 2975 652 3055 νενομισμένα
679 2987 753 3052 τοῖς
778 2979 921 3050 πολλοῖς
944 2967 1005 3051 τᾶς
1027 2975 1147 3050 θυσίας
1169 2996 1222 3050 τις
1243 2964 1398 3058 ᾶποδιδρᾶ
1422 2967 1553 3060 ἑκάστῳ

196 3088 230 3142 25
248 3078 322 3141 τεᾶν
344 3067 431 3139 κατᾶ
453 3064 557 3138 πάλιν
579 3073 809 3156 νομιζομένων
831 3075 935 3152 θεῶν,
960 3063 1001 3138 ού
1021 3065 1147 3156 νοήσας
1169 3066 1214 3138 τό
1236 3063 1376 3157 ᾶληθοᾶς
1398 3073 1554 3156 πρέπον

247 3165 314 3238 ῦπᾶ
341 3173 403 3256 τής
434 3164 591 3255 ἀκριβοῦς
621 3163 782 3251 εύσεβείας
812 3163 1148 3255 ῦπολαμβανόμενον·
1180 3163 1272 3256 ἡμεῖς
1298 3172 1336 3238 δέ
1360 3195 1470 3257 φαμεν
1497 3173 1553 3256 τοῦ

247 3275 319 3358 βίῳ
347 3276 600 3354 λειτουργεῖν
625 3265 709 3354 μετὰ
738 3273 821 3337 τῶν
845 3263 1088 3355 πρεπόντων
1115 3265 1178 3337 τὸν
1199 3272 1419 3356 μεμνημένον,
1443 3271 1495 3350 τίς
1516 3295 1552 3338 τε

248 3361 267 3437 δ
294 3363 537 3456 δημιουργήσας
568 3371 624 3434 καὶ
655 3370 732 3435 τίνα
758 3363 801 3436 τᾶ
827 3368 944 3454 ἐκείνῳ
967 3374 1063 3453 φίλα,
1091 3373 1147 3436 καὶ
1174 3363 1289 3436 πάντα
1315 3362 1555 3454 πράττοντα

247 3464 333 3554 πρὸς
357 3463 398 3537 τὸ
422 3471 525 3552 φίλον
548 3470 599 3554 τῷ
623 3469 705 3552 θεῷ.

196 3584 231 3638 30
330 3572 386 3635 καὶ
416 3561 520 3636 πάλιν
545 3571 672 3647 Κέλσος
701 3570 762 3652 μὲν
789 3560 829 3635 οῦ
855 3570 948 3635 θέλει
970 3561 1055 3654 ἡμᾶς
1077 3561 1320 3654 ᾶχαρίστους
1342 3564 1446 3636 είναι
1466 3563 1554 3652 πρὸς

249 3665 328 3747 τοῦς
359 3670 439 3752 τῇδε
470 3671 675 3752 δαίμονας,
712 3659 865 3752 οἰόμενος
896 3659 981 3752 ήμᾶς
1016 3659 1165 3751 ὀφείλειν
1196 3659 1312 3748 αῦτοῖς
1340 3661 1554 3754 χαριστήρια·

248 3771 303 3834 καὶ
338 3761 429 3853 ἡμεῖς
460 3769 495 3834 δὲ
526 3769 730 3852 τρανοῦντες
761 3760 823 3832 τὸν
853 3771 931 3852 περὶ
962 3761 1168 3852 εὐχαριστίας
1199 3759 1303 3852 λόγον
1335 3769 1444 3853 φαμὲν
1469 3761 1556 3853 πρὸς

332 3935 350 3989 2
369 3933 431 4002 Vgl.
450 3935 475 3986 Il
487 3933 555 3986 Tim.
574 3935 597 4000 2,
616 3935 640 3988 5.
659 3963 692 3972 —
711 3933 729 3988 3
756 3931 819 4001 Vgl.
838 3932 908 3985 Phil.
927 3935 951 3996 3,
969 3935 1010 3989 21.
1029 3933 1334 4004 -5V31.Matth.4,
1354 3935 1394 3988 16.
1416 3933 1484 3988 Luk.
1496 3937 1521 3998 4,
1540 3936 1557 3988 8

248 4019 336 4087 (Dent.
354 4019 378 4084 6,
397 4020 448 4086 13).
467 4047 499 4056 -
517 4019 531 4072 2
549 4018 647 4072 Μείθε.
664 4021 690 4083 4,
707 4018 731 4072 9.
751 4047 783 4056 -
803 4017 821 4072 8
839 4017 937 4071 Matth.
955 4021 979 4084 4,
1000 4020 1032 4074 10
1051 4018 1140 4086 (Deuh
1159 4019 1253 4086 6,13Ι.
1272 4049 1305 4057 -
1324 4018 1360 4072 11
1381 4016 1443 4086 Vgl.
1457 4017 1557 4071 Matth.

247 4105 273 4170 6,
289 4103 323 4157 24
342 4103 419 4170 [Luk.
438 4103 478 4166 16,
498 4103 539 4161 13ι
563 4120 589 4156 u.
607 4101 678 4157 oben
696 4101 760 4156 VIII
779 4103 802 4156 2.
821 4131 854 4140 -
874 4101 911 4157 12
936 4101 999 4170 Vgl.
1017 4103 1116 4158 Matth.
1134 4105 1158 4166 6,
1177 4105 1217 4156 24.
1247 4102 1314 4157 Luk.
1335 4103 1375 4169 16,
1395 4103 1435 4156 13.
1459 4131 1493 4140 -
1518 4101 1557 4156 13
1575 4165 1578 4174 y

248 4187 311 4256 Vgl.
329 4187 407 4242 Βοω.
425 4189 449 4255 2,
467 4188 508 4242 23.
531 4217 564 4226 -
583 4187 621 4242 31
641 4185 703 4255 Vgl.
722 4187 794 4240 oben
811 4185 875 4240 VIII
893 4187 934 4250 33,
953 4187 978 4240 S.
997 4187 1047 4241 248
1065 4187 1090 4242 2.
1110 4189 1141 4242 12
1152 4187 1170 4241 f.
1361 4215 1362 4218 ε

336 4340 349 4394 7
370 4339 521 4409 γίγνεσθαι
538 4339 669 4406 AAusgg.
692 4337 696 4404 Ι
718 4337 756 4392 13
774 4333 942 4409 καλουμένῳ
960 4337 1096 4408 MAusgg.
1114 4334 1301 4404 καλουμένων
1318 4337 1342 4390 Α
1358 4339 1362 4404 Ι
1379 4337 1492 4393 12-13
1511 4355 1557 4391 am

248 4424 328 4478 Rand
342 4441 377 4494 ση
389 4425 423 4477 A¹
441 4424 445 4489 Ι
461 4423 500 4478 23
517 4421 600 4494 μέχρι
614 4419 748 4493 Αμέχρις
759 4424 861 4491 Ausgg.
878 4422 882 4488 Ι
897 4421 937 4478 25
956 4419 1154 4490 νομιζομένων
1170 4425 1249 4477 θεῶν
1266 4421 1431 4490 PIIAusgg.
1444 4422 1556 4489 νομιζο·

248 4506 325 4575 μένω
343 4511 411 4570 θεῶ,
430 4510 452 4562 θ
468 4507 498 4560 In
516 4506 665 4572 Correebur,
682 4508 707 4560 A
722 4507 726 4575 Ι
742 4506 782 4562 26
800 4499 887 4575 ἡμεῖς]
906 4523 932 4560 ει
949 4505 978 4560 in
996 4507 1139 4562 correctur
1156 4506 1257 4575 11130
1281 4499 1317 4562 ου’
1334 4503 1413 4560 θέλει
1431 4505 1556 4560 schreibe

249 4592 301 4656 ich,
321 4579 373 4647 οῦν
389 4589 469 4647 θέλει
485 4591 625 4663 ΑΗσ.3ρ.,
643 4589 722 4647 θέλει
735 4591 794 4646 Del.
811 4592 815 4659 Ι
831 4586 1004 4662 ἀχαρίστους
1022 4593 1046 4644 Α
1064 4587 1250 4663 εὐχαρίστους
1264 4591 1401 4660 MAusgg.
1417 4592 1421 4659 Ι
1438 4591 1476 4646 31
1497 4583 1555 4645 οίό-

248 4693 336 4744 μενος
352 4677 402 4731 Ηὸ.
420 4693 466 4730 am
483 4677 571 4740 Rand,
589 4675 697 4746 Sp.Del.
716 4676 754 4729 im
771 4675 852 4739 Text;
873 4673 1024 4744 οἰομένους
1042 4677 1073 4730 Α.

302 4759 418 4814 Origenes
432 4761 462 4807 11.
1313 4761 1347 4814 18
