3780 5532
356 469 417 532 τοι
866 458 1090 514 sammon

355 622 494 710 ,λάβετε
519 628 673 712 πνεῦμα
695 615 812 710 δίγιονα
833 619 899 711 τὴν
919 618 1095 713 ποσότητα
1116 628 1181 694 τοῦ
1202 626 1380 710 διδομένου
1401 621 1520 709 ἑτέραν
1541 623 1657 708 ἐμφαί-

355 753 426 796 νειν
455 721 545 811 παρά
576 721 640 811 τήν
670 727 878 810 δηλουμένην
907 724 944 792 ἐκ
974 727 1038 794 τοῦ
1068 717 1362 810 ,βαπτισθήσεσθε
1393 725 1430 792 ἐν
1459 722 1658 812 πνεύματι

355 823 440 916 ἀγίῳ
463 819 504 894 ού
523 819 607 910 μετὰ
628 819 760 903 πολλάς
780 818 906 904 ταύτας
927 816 1078 911 ήμέρας.“

437 925 553 1013 ἐργον
580 927 618 992 δέ
641 923 711 991 ἐστι
734 917 829 991 ταῦτ’
851 923 1017 1008 ἐπιμελῶς
1039 916 1211 1010 νοήσαντα
1232 925 1315 991 ἰδεῖν
1336 919 1504 1010 διαφορὰν
1526 929 1600 993 τῶν
1621 927 1658 993 ἐκ

320 1041 337 1094 5
355 1019 604 1113 διαλειμμάτων
630 1016 803 1092 πλειόνων
827 1016 1060 1110 χωρησάντων
1082 1018 1146 1109 τήν
1167 1025 1229 1110 τῆς
1251 1015 1443 1109 ἀληθείας
1463 1017 1657 1110 κατάληψιν

355 1129 441 1214 <καλ>
471 1132 625 1210 βραχεῖαν
657 1125 812 1190 ἐπίνοιαν
838 1126 923 1190 θεοῦ
953 1125 1009 1189 καί
1036 1126 1110 1190 τῶν
1136 1123 1190 1190 ἐπί
1216 1129 1335 1191 πλεῖον
1362 1127 1657 1210 θεοφορηθέντων

353 1230 409 1296 καὶ
431 1219 480 1294 ἀεί
502 1219 586 1310 μετὰ
608 1226 692 1291 θεοῦ
714 1215 912 1307 ἑστηκότων
931 1223 987 1288 καί
1009 1218 1064 1290 διὰ
1082 1217 1214 1301 παντός
1228 1213 1296 1290 ύπό
1310 1224 1409 1290 θείου
1429 1217 1657 1310 πνεύματος

353 1320 541 1413 ἀγομένων·
574 1313 658 1407 ὅπερ
689 1324 718 1389 εί
746 1309 790 1406 ἦν
819 1321 1000 1403 ἐξετασθὲν
1029 1323 1084 1388 καί
1110 1325 1315 1408 νενοημένον
1341 1325 1471 1406 Κέλσῳ,
1498 1316 1560 1391 ούκ
1582 1314 1656 1410 (ἂν)

354 1419 530 1510 ἀμαθίαν
558 1417 636 1510 ἡμῖν
666 1415 815 1490 ἐνεκάλει
836 1415 914 1489 οῦδὲ
935 1422 1144 1506 προσέταττε
1169 1417 1218 1508 μή
1246 1424 1377 1508 λέγειν
1398 1419 1657 1506 τυφλώττειν

305 1537 337 1592 10
354 1523 447 1605 τούς
473 1524 510 1594 ἐν
531 1517 659 1601 ῦλικαῖς
681 1523 812 1606 τέχναις
833 1514 1044 1606 ἀνθρώπων,
1071 1535 1145 1601 ταῖς
1170 1516 1322 1589 κατὰτὰ
1348 1513 1567 1608 ἀγάλματα,
1590 1525 1658 1592 οίο-

353 1627 472 1713 μένους
493 1625 726 1692 ἐνδείκνυσθαι
747 1615 810 1706 τήν
833 1613 1005 1706 εὐσέβειαν.
1047 1613 1154 1700 οὐδεὶς
1175 1615 1238 1706 γάρ
1260 1623 1419 1702 βλέπων
1441 1623 1509 1708 τῆς
1531 1623 1658 1708 ψυχῆς

354 1718 582 1809 ὀφθαλμοῖς
612 1713 706 1808 ἀλλῳ
739 1711 859 1806 τρόπῳ
888 1723 975 1801 σέβει
1005 1713 1046 1788 τό
1072 1724 1171 1788 θείαν
1197 1715 1288 1804 παρά
1320 1715 1384 1787 τόν
1408 1714 1657 1790 ὑποδεικνύντα

352 1827 474 1910 ἐνορᾶν
505 1815 555 1890 ἀεὶ
584 1825 636 1908 τῷ
666 1823 730 1889 τοῦ
759 1813 890 1900 παντός
916 1823 1108 1906 δημιουργῷ
1135 1822 1191 1887 καὶ
1217 1822 1330 1888 πᾶσαν
1355 1813 1456 1906 εύχήν
1476 1812 1657 1906 ἀναφέρειν

353 1927 470 2011 ἐκείνῳ
500 1925 556 1990 καί
585 1914 700 1990 πάντα
729 1911 892 2002 πράττειν
918 1913 966 1999 οῦς
992 1921 1029 1988 ἐν
1055 1911 1284 2006 ὀφθαλμοῖς
1310 1921 1409 2000 θεοῦ,
1434 1921 1491 1987 ἐπὶ
1515 1923 1655 2000 θεατοῦ,

304 2041 335 2095 15
353 2025 545 2111 ἐνορῶντος
567 2013 664 2107 ἡμῶν
685 2023 740 2087 καί
763 2034 835 2097 τοῖς
855 2025 1033 2105 λογισμοῖς.

436 2114 601 2207 εὐχόμεθα
628 2108 691 2189 οὖν
716 2110 808 2204 ἡμεῖς
829 2123 885 2186 καί
906 2120 1068 2200 βλέπειν
1089 2122 1145 2186 καὶ
1166 2109 1283 2204 δδηγοὶ
1305 2117 1389 2188 εἶναι
1414 2125 1568 2204 τυφλῶν,
1591 2115 1656 2199 ἐως

353 2213 605 2309 προσελθόντες
632 2223 682 2304 τῷ
709 2211 801 2304 λόγῳ
828 2221 892 2286 τοῦ
918 2221 1001 2286 θεοῦ
1028 2211 1227 2299 ἀπολάβωσι
1252 2214 1313 2297 τὰς
1338 2211 1405 2286 ύπὸ
1432 2221 1493 2306 τῆς
1519 2212 1657 2305 ἀγνοίας

352 2321 630 2406 τυφλωθείσας
653 2311 766 2401 ὄψεις
788 2319 858 2402 τῆς
884 2320 1008 2403 ψυχῆς
1030 2311 1168 2386 αὐτῶν·
1190 2313 1250 2386 ἐὰν
1273 2319 1385 2385 δὲκαὶ
1406 2322 1558 2404 ποιῶμεν
1580 2311 1659 2402 ἀξια

354 2425 416 2492 τοῦ
446 2411 605 2498 είπόντος
636 2432 708 2496 τοῖς
737 2422 920 2502 μαθηταῖς·
948 2411 1059 2502 ,ὑμεῖς
1085 2419 1160 2486 ἐστε
1187 2413 1228 2486 τό
1251 2421 1326 2501 φῶς
1348 2420 1411 2486 τοῦ
1431 2412 1579 2505 κόσμουη
1599 2422 1656 2486 καί

303 2538 337 2593 20
354 2525 417 2590 τοῦ
448 2513 646 2602 διδάξαντος
676 2509 780 2600 λόγου
811 2507 865 2585 ότι
890 2512 953 2599 ,τὸ
980 2521 1056 2600 φιῦς
1081 2521 1118 2586 ἐν
1140 2520 1183 2602 τῇ
1206 2522 1324 2606 σκοτίᾳ
1346 2520 1489 2602 φαίνει,“
1510 2511 1656 2604 ἐσόμεθα

353 2624 409 2690 καὶ
430 2623 547 2704 ,,φοῦς“
570 2622 643 2685 τοῦν
664 2616 701 2684 ἐν
726 2607 837 2684 σκότει
857 2621 913 2684 καὶ
934 2612 1155 2703 παιδεύσομεν
1177 2613 1257 2698 τούς
1278 2608 1430 2703 ἀφρονας
1450 2623 1506 2686 καί
1528 2610 1657 2701 διδάξο-

353 2745 414 2806 μεν
436 2715 517 2798 τούς
539 2722 689 2803 νηπίους.

435 2835 500 2902 ΙιΙΙ.
537 2829 593 2920 Μὴ
623 2825 857 2919 ἀγανακτείτω
888 2833 924 2899 δέ
952 2835 1092 2916 Κέλσος,
1121 2829 1207 2902 ἐπὰν
1236 2831 1392 2919 χωλούς
1422 2839 1572 2922 λέγωμεν
1602 2838 1658 2903 καὶ

354 2931 416 3015 τὰς
444 2929 556 3016 βάσεις
587 2935 657 3018 τῆς
686 2935 812 3018 ψυχῆς
841 2935 1155 3020 πεπηρωμένους
1186 2930 1267 3014 τούς
1295 2935 1350 3002 ἐπί
1381 2929 1424 3002 τὰ
1453 2928 1656 3022 νομιζόμενα

303 3051 336 3106 25
353 3030 424 3121 ἱερά
455 3029 503 3115 οῦς
532 3026 680 3118 ἀληθινὰ
711 3028 781 3117 ίερὰ
800 3035 805 3117 Ι
824 3027 1032 3113 σπεύδοντας
1057 3037 1112 3101 καί
1141 3029 1186 3120 μὴ
1214 3024 1369 3120 δρῶντας
1395 3024 1450 3103 ότι
1476 3029 1575 3104 ούδέν
1601 3039 1656 3117 βα-
1679 3057 1728 3112 732

354 3123 488 3204 νούσων
515 3133 614 3219 ἔργον
642 3128 783 3200 δύναται
810 3127 896 3200 είναι
921 3125 1022 3217 ίερόν.
1065 3137 1248 3220 τρέχουσι
1275 3137 1311 3203 δέ
1337 3138 1392 3204 καὶ
1419 3137 1451 3204 οί
1477 3131 1565 3205 κατὰ
1592 3131 1656 3222 τὴν

353 3237 569 3303 διδασκαλίαν
589 3225 694 3318 Ἰησοῦ
716 3225 939 3314 εὐσεβοῦντες,
963 3229 1027 3310 ίως
1048 3232 1103 3301 ἐπὶ
1124 3227 1166 3301 τό
1189 3237 1288 3315 τέλος
1310 3229 1507 3319 φθάσαντες
1529 3228 1656 3322 δρόμου

353 3335 493 3402 εἴπωσιν
523 3329 693 3418 ἐῤῥωμένη
725 3335 781 3401 καί
815 3324 1028 3417 ἀληθευούοη
1059 3337 1102 3418 τῇ
1133 3335 1294 3401 διαθέσει·
1329 3328 1414 3414 ,τόν
1445 3328 1563 3421 ἀγῶνα
1592 3329 1656 3402 τὸν

277 3435 284 3444 “
351 3429 458 3501 καλὸν
483 3424 683 3518 η’γοόνισμαι,
711 3426 774 3498 τὸν
801 3423 928 3519 δρόμον
950 3435 1121 3513 τετέλεκα,
1148 3428 1214 3519 τὴν
1237 3437 1352 3502 πίστιν
1374 3429 1557 3521 τετήρηκα·
1587 3439 1657 3502 λοι-

301 3547 335 3602 30
351 3528 420 3601 πόν
449 3524 627 3600 ἀπόκειταί
655 3555 713 3616 μοι
746 3522 765 3598 ό
796 3533 858 3618 τῆς
887 3527 1098 3618 δικαιοσύνης
1128 3535 1326 3616 στέφανος.“
1368 3537 1424 3600 καί
1454 3525 1594 3613 έκαστός
1621 3557 1658 3618 γε

352 3624 449 3718 ἡμῶν
471 3621 625 3713 ,,οότως“
647 3633 777 3716 τρέχει
804 3622 876 3714 ,,οός
902 3625 964 3700 ούκ
990 3624 1144 3718 ἀδήλωςα
1167 3637 1223 3700 καὶ
1245 3623 1384 3713 ,,ούτω“
1406 3627 1491 3718 πρὸς
1513 3628 1577 3718 τὴν
1599 3657 1655 3698 κα-

352 3737 428 3801 κίαν
454 3725 610 3800 πυκτεύει
641 3723 709 3811 ,σός
735 3722 797 3798 ούκ
823 3723 905 3818 ἀέρα
931 3733 1060 3816 δέρων“
1082 3723 1169 3800 ἀλλὰ
1195 3729 1275 3814 τούς
1301 3725 1369 3800 ύπό
1396 3727 1480 3814 ,τόν
1506 3724 1655 3818 ἀρχοντα

438 3901 455 3956 l
474 3899 535 3954 Joh.
548 3900 588 3964 20,
602 3901 643 3955 22.
655 3928 688 3938 -
701 3899 719 3954 2
733 3901 793 3953 Act.
806 3901 830 3964 1,
842 3899 866 3953 5.
880 3928 911 3936 -
923 3899 938 3953 λ
951 3899 1013 3968 vgl.
1026 3901 1137 3964 Rbm.8,
1151 3903 1190 3956 14.
1212 3901 1308 3965 (1215,
1318 3900 1358 3956 18.
1371 3930 1403 3940 -
1419 3900 1456 3956 19
1470 3901 1569 3955 Matth.
1579 3901 1603 3966 5,
1615 3901 1655 3953 14.

352 4013 385 4024 -
398 3984 438 4040 2⁰
455 3985 516 4040 Joh.
530 3987 553 4052 1,
566 3987 590 4038 5.
602 4015 636 4023 -
654 3983 692 4039 28
711 3985 736 4037 Π
748 3982 817 4037 Tim.
829 3986 854 4050 4,
867 3985 890 4039 7.
903 3985 928 4040 8.
940 4015 974 4023 -
986 3984 1024 4040 81
1044 3983 1106 4054 Vgl.
1118 3985 1131 4038 Ι
1144 3984 1206 4039 Kor.
1219 3987 1244 4048 9.
1256 3986 1297 4041 26.
1307 4015 1341 4025 -
1354 3985 1394 4040 22
1410 3984 1472 4054 vgl.
1485 3983 1586 4055 Ephes.
1595 3985 1619 4050 2,
1630 3985 1654 4038 2.

438 4120 454 4175 1
474 4115 621 4189 ἐμφαίνειν
638 4119 845 4188 M⁰⁰¹¹·Ausgg.
863 4114 995 4186 ἐμφαίνει
1006 4122 1031 4173 A
1046 4121 1050 4188 Ι
1066 4119 1084 4176 2
1104 4115 1144 4189 ἐκ]
1164 4138 1178 4175 ε
1195 4119 1226 4174 in
1237 4119 1380 4175 Conantur
1397 4124 1423 4174 A
1437 4121 1441 4190 1
1457 4121 1476 4176 θ
1495 4121 1572 4189 (καί)
1591 4119 1655 4188 fflge

351 4203 396 4256 ioh
415 4202 466 4258 mit
488 4203 546 4258 Del.
568 4193 639 4258 πτολ]
657 4203 751 4259 PJol²
768 4205 823 4273 (am
841 4203 930 4273 Rand)
947 4204 993 4258 ein
1016 4207 1021 4273 Ι
1047 4207 1061 4262 λ
1086 4198 1241 4270 διαπαντός
1263 4205 1287 4258 A
1311 4206 1315 4272 Ι
1338 4204 1357 4260 8
1384 4198 1450 4277 (ἐν)
1469 4207 1534 4276 fflge
1551 4205 1596 4260 ich
1613 4205 1655 4259 als

351 4286 510 4356 notwendig
526 4287 571 4342 ein
587 4291 591 4357 Ι
608 4289 645 4345 11
664 4305 713 4343 vor
729 4293 779 4359 τῆς
797 4295 829 4353 -1-
847 4295 909 4353 τοῖς
926 4288 1061 4360 MAusgg.
1077 4291 1081 4358 Ι
1098 4289 1137 4346 14
1155 4285 1202 4344 ἐπί
1219 4292 1330 4346 θεατοῦ
1347 4289 1493 4361 ΜΔοεςς,
1511 4291 1566 4363 vgl.
1583 4283 1655 4346 obeb

351 4371 390 4424 111
408 4373 449 4440 57,
466 4373 479 4426 Ι
496 4373 547 4427 252
564 4372 590 4426 Ζ.
604 4375 643 4428 19.
670 4373 708 4428 IV
728 4375 768 4438 26,
787 4374 799 4426 1
817 4374 868 4430 295
885 4373 912 4426 Z.
931 4375 976 4438 12;
1000 4368 1061 4429 ἐπεί
1077 4377 1186 4430 θεατοῦ
1203 4377 1227 4428 A
1242 4377 1247 4442 Ι
1264 4375 1302 4431 Ῑθ
1325 4368 1479 4446 εύχόμεθα]
1498 4372 1529 4432 εδ
1546 4375 1575 4430 in
1593 4377 1655 4432 Gor-

351 4458 441 4510 rectur
458 4457 482 4510 A
497 4461 501 4520 Ι
518 4457 555 4512 11
574 4455 790 4528 προσελθόντες
807 4459 943 4527 MAusgg.
956 4455 1151 4530 προελθόντες
1167 4462 1193 4514 Α
1207 4460 1212 4528 1
1228 4459 1267 4515 25
1286 4453 1470 4530 σπεύδοντας]
1488 4461 1577 4515 Ιίοεοτ
1588 4462 1655 4516 uber

351 4535 383 4595 εύ
400 4542 424 4593 A
448 4541 452 4608 Ι
477 4540 513 4596 27
534 4557 583 4596 vor
601 4535 711 4610 δρόμου
728 4549 761 4607 -1-
779 4545 831 4598 τοῦ
848 4543 997 4611 M²Ausgg.
1021 4543 1025 4608 Ι
1049 4543 1085 4598 21
1108 4533 1199 4608 οὕτως
1216 4546 1240 4597 A
1259 4535 1335 4600 οῦτοι
1353 4545 1455 4616 Ausgg.
1475 4547 1479 4614 1
1505 4545 1544 4602 22
1564 4543 1656 4616 δέρων

351 4626 556 4696 MoomAusgg.
575 4626 682 4695 διείρων
698 4630 734 4689 A;
753 4627 808 4696 vgl.
826 4626 899 4682 oben
916 4623 1030 4680 Exhort.
1049 4627 1113 4696 Gap.
1126 4627 1247 4696 XLVIII,
1265 4629 1278 4682 Ι
1294 4630 1329 4684 44
1346 4628 1372 4683 A
1393 4633 1432 4684 14.
