3772 5526
597 475 698 530 ιιιυι
724 475 884 531 κυκνον
906 477 932 534 v
953 479 994 531 47.
1012 478 1054 534 48.
1072 478 1113 533 49.
1314 455 1325 476 ”
1481 481 1521 544 53

217 641 404 725 δυναμένου
432 634 499 724 πρὸ
528 642 591 708 τοῦ
620 640 760 761 αἵματος
789 644 845 708 καὶ
875 644 1068 726 παυομένου
1098 637 1152 710 διὰ
1182 637 1224 710 τό
1251 645 1312 728 τῆς
1338 642 1522 774 περιτομῆς

216 732 307 823 αίμα·
337 727 440 822 ἐφ’
413 765 441 826 ῳ
464 744 519 808 καί
541 742 663 826 ἐλέχθη
685 735 780 828 αύτῷ
803 735 857 810 τό
880 747 1047 828 ,νυμφίος
1068 736 1220 828 αἱμάτων
1243 736 1282 810 66
1303 746 1388 827 606

299 829 386 906 ἇλλὰ
412 842 522 906 ταῦτα
546 842 608 923 μὲν
632 833 868 927 περιεργότερύ
894 867 969 920 πως
996 839 1082 910 είναι
1104 844 1272 909 δοκοῦντα
1292 843 1347 908 καὶ
1373 832 1415 906 66
1435 833 1522 906 κατὰ

217 931 282 1022 τὴν
303 941 378 1004 τῶν
399 931 584 1006 πολλῶν’
564 933 671 1024 ακοὴν
692 943 1087 1026 παρακεκινδυνευμένως
1104 942 1159 1008 ἐπὶ
1174 943 1344 1008 τοσοῦτον
1358 939 1521 1023 λελέχθω,

182 1048 199 1101 5
216 1032 304 1116 οίς”
289 1061 339 1103 ετι
361 1030 446 1104 ἓν
418 1064 466 1116 ως
489 1041 685 1157 Χριστιανῷ
707 1041 841 1124 πρέπον
862 1043 1024 1125 προσθεὶς
1050 1041 1106 1107 ἐπὶ
1127 1035 1171 1107 τὰ
1193 1037 1268 1125 ἑξῆς
1288 1031 1521 1123 μεταβήσομαι.

215 1129 358 1254 ἐδύνατο
380 1129 443 1222 γὰρ
465 1125 568 1218 οὗτος
591 1134 682 1256 οἶμαι
705 1128 724 1205 6
746 1129 886 1224 ἄγγελος
907 1133 993 1206 κατὰ
1016 1163 1090 1207 τῶν
1103 1163 1147 1224 μη
1170 1138 1522 1224 περιτεμνομένων

215 1227 283 1304 όπό
315 1239 378 1304 τοῦ
408 1241 493 1304 λαοῦ
522 1241 578 1304 καὶ
610 1229 820 1319 ἁπαξαπλῶς
849 1231 994 1306 πόντων
1025 1242 1098 1306 τῶν
1127 1229 1298 1318 σεβόντων
1323 1229 1432 1322 μόνον
1458 1229 1522 1302 τὸν

216 1330 451 1454 δημιουργὸν,
457 1339 513 1404 καὶ
535 1336 591 1404 ἐπὶ
612 1330 780 1404 τοσοῦτόν
802 1361 838 1422 γε
860 1328 1063 1418 666vat6⁰
1044 1357 1126 1406 οσον
1149 1331 1210 1406 ούκ
1231 1330 1405 1422 ἀνειλήφει
1427 1337 1523 1420 σῶμα

215 1425 234 1502 6
260 1426 388 1520 Ἰησοῦς.
432 1425 492 1504 ότε
521 1427 554 1500 6’
578 1428 751 1521 ἆνείληψε,
783 1439 838 1503 καὶ
869 1439 1159 1523 περιετέμνετο
1191 1433 1232 1505 τὸ
1259 1438 1390 1504 ἐκείνου
1416 1437 1521 1520 σῶμα,

165 1541 198 1596 10
214 1537 392 1621 καθῃρέθη
419 1537 510 1603 πᾶσα
536 1527 557 1620 6
582 1530 669 1602 κατὰ
691 1539 766 1603 τῶν
788 1537 825 1604 ἐν
846 1539 890 1620 τῇ
910 1539 1083 1624 θεοσεβείᾳ
1106 1531 1213 1620 ταύτη
1236 1533 1521 1622 περιτεμνομέ-

215 1658 297 1702 νων
318 1628 457 1718 δύναμις
479 1626 596 1700 αύτοῦ·
619 1627 742 1720 όψότῳ
766 1631 828 1720 γὰρ
850 1628 1004 1721 θειότητι
1026 1643 1184 1704 καθεῖλεν
1203 1634 1332 1703 ἐκεῖνον
1355 1625 1373 1701 ό
1391 1625 1522 1719 Ἰησοῦς.

215 1726 267 1799 διὸ
303 1747 376 1812 τοῖς
404 1739 572 1818 μαθηταῖς
601 1727 709 1800 αὐτοῦ
739 1726 918 1819 ἀπείρηται
952 1737 1269 1820 περιτέμνεσθαι
1302 1737 1358 1801 καὶ
1389 1735 1523 1819 λέγεται

216 1823 344 1911 αύτοῑς·
365 1820 443 1912 ,ότι
464 1827 524 1898 ἐὰν
545 1835 855 1918 περιτέμνησθε,
879 1827 1026 1919 Χριστός
1049 1826 1148 1900 οὐδὲν
1169 1826 1253 1918 ῦμῦς
1275 1825 1472 1918 ῶφελῆσει.“

297 1947 406 2014 XLIX.
446 1937 533 2015 Ἀλλ’
556 1938 634 2015 οῦδὲ
664 1949 718 2015 ἐπὶ
750 1951 801 2035 τῷ
833 1951 938 2016 συῶν
969 1941 1188 2034 ἀπέχεσθαι
1220 1941 1268 2027 ῶς
1293 1941 1429 2034 μεγάλῳ
1454 1949 1522 2014 τινὶ

165 2053 197 2106 15
214 2039 396 2115 Ἰουδαῖοι
419 2041 701 2130 σεμνύνονται,
723 2048 778 2114 έπὶ
801 2047 836 2114 δε
858 2050 909 2133 τῷ
933 2042 997 2134 τὴν
1019 2053 1213 2134 καθαρῶν
1234 2051 1289 2115 καὶ
1312 2039 1523 2132 ἀκαθάρτων

216 2141 315 2232 ζῴων
344 2140 445 2230 φύσιν
473 2138 705 2231 μεμαθηκότες
730 2149 785 2214 καὶ
808 2141 873 2232 τὴν
896 2141 1022 2215 τούτου
1044 2150 1156 2216 αἰτίαν
1177 2149 1382 2262 ἐγνωκέναι
1382 2148 1437 2212 καί
1459 2138 1523 2212 τὸν

215 2249 284 2314 σῦν
305 2246 342 2313 ἐν
363 2237 573 2330 όκαθόρτοις
594 2239 768 2330 τετύχθαι.
801 2250 856 2314 καὶ
879 2249 1045 2315 ταῦταδὲ
1067 2241 1215 2333 σύμβολό
1238 2271 1343 2314 τινων
1365 2233 1407 2330 ἦν
1427 2246 1522 2328 μέχρι

214 2347 276 2430 τῆς
297 2337 403 2431 Ἰησοῦ
430 2344 618 2430 ἐπιδημίας,
646 2338 721 2431 μεθ
746 2337 786 2414 6v
815 2349 866 2433 τῷ
896 2350 1034 2432 μαθητῇ
1063 2341 1170 2415 αύτοῦ
1192 2349 1358 2424 λέλεκται,
1380 2345 1521 2430 μηδέπω

214 2446 352 2512 νοοῦντι
374 2438 438 2512 τόν
459 2447 534 2527 περὶ
557 2438 696 2512 τούτων
718 2437 823 2529 λόγον
843 2449 899 2512 καί
921 2439 1130 2530 φάσκοντιῃ
1132 2438 1242 2527 ,οῦδὲν
1263 2440 1382 2513 κοινὸν
1403 2433 1424 2529 6
1443 2435 1522 2511 666-

162 2552 196 2608 20
215 2547 349 2628 θαρτον
379 2544 536 2629 εἰσῆλθεν
567 2543 612 2624 είς
642 2538 684 2612 τό
715 2537 823 2630 στόμα
852 2551 947 2631 μου,“
971 2537 1024 2612 τό·
1055 2537 1097 2627 „6
1124 2537 1142 2613 6
1169 2539 1250 2624 θεὸς
1276 2537 1457 2629 ἐκαθόρισε
1483 2537 1523 2610 66

214 2637 259 2728 μὴ
281 2645 427 2712 κοίνου.“
465 2633 540 2710 οὔτ’
563 2631 626 2711 οῦν
648 2639 735 2730 πρός
760 2637 972 2724 Ἰουδαίους
999 2636 1081 2713 υύτε
1106 2640 1192 2728 πρὸς
1219 2638 1303 2731 ἡμᾶς
1325 2645 1396 2712 ἐστι
1418 2637 1459 2711 τό
1482 2633 1523 2709 66

213 2734 322 2826 μόνον
360 2744 466 2810 συῶν
496 2734 583 2811 ἇλλδι
618 2747 785 2830 προσέτι
821 2746 947 2830 αίγῶν
981 2749 1047 2812 καὶ
1082 2746 1181 2813 οίῶν
1216 2748 1279 2812 καὶ
1315 2747 1422 2826 βοῶν
1457 2741 1523 2808 καί

214 2833 368 2925 ίχθύων
389 2832 607 2926 ἀπέχεσθαι
625 2838 706 2924 τοῦς
720 2843 958 2930 Αἰγυπτίων
980 2843 1083 2927 ίερεῑς.
1113 2836 1187 2912 ἄλλ’
1203 2843 1274 2912 ἐπεί
1289 2835 1351 2925 ,ού
1365 2837 1408 2909 τὰ
1423 2840 1522 2926 είσερ-

211 2931 337 3025 χόμενα
367 2940 413 3018 είς
441 2935 483 3009 τό
514 2933 623 3026 στόμα
651 2959 763 3010 κοινοῖ
791 2937 854 3011 τόν
883 2935 1106 3029 ῦνθρωπον,“
1131 2945 1187 3010 καὶ
1214 2945 1353 3028 ,βρῶμα
1375 2933 1459 3027 ἡμᾶς
1482 2931 1523 3007 06

162 3047 195 3101 25
213 3032 420 3124 παραστήσει
448 3043 500 3126 τῷ
533 3043 638 3126 θεῷ,“
660 3035 701 3109 ού
729 3044 812 3128 μέγα
841 3044 1035 3128 φρονοῦμεν
1062 3037 1107 3128 μὴ
1144 3043 1318 3120 ἐσθίοντες
1354 3033 1430 3108 οὐδ’
1452 3032 1521 3107 ἀπὸ

211 3141 473 3224 γαστριμαργίας
501 3129 628 3224 ἥκομεν
653 3138 709 3206 ἐπὶ
731 3135 772 3208 τό
795 3142 929 3209 ἐσθίειν.
972 3133 1088 3226 διόπερ
1119 3135 1160 3208 τό
1193 3131 1275 3209 ὅσον
1301 3132 1354 3222 ἐφ’
1377 3132 1455 3225 ἡμῖν
1484 3137 1521 3206 οί

214 3230 290 3304 ἀπὸ
313 3229 554 3323 Πυθαγόρου
583 3232 769 3323 ἐμψύχων
800 3234 1041 3327 ἀπεχόμενοι
1070 3232 1272 3326 χαιρόντων.
1315 3230 1377 3323 όρα
1405 3240 1440 3304 δὲ
1466 3241 1522 3304 καὶ

213 3331 277 3422 τὴν
300 3330 468 3421 διαφορὰν
489 3339 553 3404 τοῦ
574 3337 686 3405 αἰτίου
707 3340 768 3425 τῆς
790 3343 863 3407 τῶν
885 3333 1071 3426 ἐμψύχων
1093 3332 1222 3425 όποχῆς
1244 3341 1326 3407 τῶν
1349 3330 1426 3406 ἀπὸ
1449 3339 1521 3404 τοῦ

298 3520 317 3574 θ
341 3519 404 3588 vgl.
422 3519 492 3574 Luk.
511 3520 539 3588 2,
557 3521 641 3575 21.-
655 3521 692 3576 11
712 3521 775 3590 vgl.
793 3521 891 3577 Matth.
903 3525 928 3588 4,
944 3525 1036 3578 1-11.
1058 3522 1183 3585 Mark.1‚
1197 3521 1292 3578 1213.
1309 3521 1415 3586 144184,
1428 3520 1520 3575 1-13.

212 3633 246 3642 -
265 3603 305 3742 ἐξ
322 3602 383 3741 66
401 3605 425 3668 5,
433 3605 519 3744 6'6
538 3604 576 3661 ιε
595 3605 658 3675 Vgl.
671 3607 731 3660 Act.
743 3608 784 3674 ιο,
795 3609 835 3662 14.
852 3638 886 3648 -
905 3608 945 3665 ιο
962 3610 1023 3662 Act.
1037 3609 1077 3674 ιο,
1090 3609 1131 3663 15.
1149 3637 1182 3647 -
1201 3607 1240 3664 88
1258 3606 1520 3668 Matth.15‚11.17.

213 3717 246 3726 -
378 3704 416 3742 or.
452 3729 459 3756 ,
495 3728 502 3743 .

298 3837 317 3892 θ
335 3835 535 3909 περιετέμνετο
548 3839 684 3908 MAusgg.
702 3837 888 3912 περιετέμετο
901 3845 926 3895 A
941 3844 945 3910 Ι
962 3841 1001 3898 16
1019 3840 1278 3914 περιτεμνομένοιν]
1296 3834 1335 3910 μὴ
1354 3857 1521 3913 περιτεμνο-

212 3937 309 4006 μὲνων
326 3940 462 3994 vermutet
478 3939 526 3996 Βο.
544 3941 642 4010 (Notae
658 3957 686 4011 p.
705 3941 765 4010 392)
788 3941 928 4012 unn'chtig
951 3944 955 4011 Ι
979 3943 1017 3998 11
1040 3939 1179 4013 θειότητι]
1198 3927 1314 4014 θέύτητι
1333 3942 1381 4012 [ευ]
1399 3945 1437 3997 A¹
1455 3936 1519 3996 θεύ-

213 4041 275 4093 τητι
293 4023 432 4093 MAusgg.
448 4025 453 4092 1
468 4019 588 4095 ἐκεῖνον]
614 4021 724 4096 ἐκείνην
742 4028 878 4082 νετωυίεί
894 4027 943 4082 Βο.
962 4027 1060 4094 (Notae
1077 4046 1102 4098 p.
1121 4029 1190 4097 392),
1209 4029 1275 4082 aber
1293 4023 1404 4083 ἐκεῖνον
1420 4025 1456 4080 ist
1474 4024 1524 4080 auf

212 4100 336 4178 ἄγγελος
352 4108 434 4177 (oben
452 4108 478 4162 Z.
496 4109 522 4178 6)
541 4127 574 4163 zu
592 4110 723 4166 beziehen
747 4112 751 4179 1
777 4109 815 4167 14
838 4111 924 4182 συῶν]
943 4109 1031 4166 Βεευτ
1048 4113 1116 4168 fiber
1134 4115 1191 4168 vA
1215 4114 1220 4180 l
1245 4113 1283 4170 16
1306 4112 1375 4166 iiber
1390 4113 1520 4180 μεμαθη-

213 4186 297 4257 κότες
315 4191 365 4246 das
381 4191 497 4248 Zoichen
513 4199 541 4250 ἔτ
558 4211 585 4248 u.
604 4211 648 4249 am
666 4195 747 4250 θεοῦ
769 4191 810 4263 ζτ’
827 4212 883 4250 von
904 4197 939 4250 11.
956 4194 989 4252 Η.
1008 4197 1036 4250 A
1058 4194 1258 4266 μεμαθηκέναι
1280 4199 1417 4252 τειωοίείι
1439 4194 1522 4248 Guiet

214 4276 268 4343 (bei
284 4277 345 4332 Del.
363 4278 444 4332 1615
462 4281 542 4332 Anm.
560 4278 585 4347 e)
603 4279 676 4334 ohne
694 4279 790 4335 Grund
809 4281 814 4348 Ι
835 4281 872 4338 17
897 4280 957 4349 οῦν]
977 4274 1030 4336 οῦν
1045 4283 1071 4336 Α
1086 4283 1090 4348 Ι
1106 4277 1145 4351 ἐν]
1163 4281 1248 4336 vaus
1263 4282 1351 4336 Rasur
1367 4281 1412 4348 Al
1429 4279 1466 4335 18
1485 4268 1521 4333 δν

213 4361 301 4416 sicher
317 4363 355 4426 A,
378 4361 450 4416 doch
466 4361 552 4416 leieht
572 4362 601 4416 in
619 4351 655 4432 ἣν
672 4379 706 4416 zu
723 4363 847 4418 verlesen
870 4367 874 4433 Ι
897 4365 1022 4434 μαθητῇ]
1046 4383 1064 4420 α
1086 4365 1142 4420 fast
1158 4383 1229 4436 ganz
1247 4365 1451 4436 ausgebroohen
1469 4367 1494 4418 A
1514 4365 1517 4431 1

212 4455 252 4532 μὴ
271 4459 346 4518 ειπω
363 4465 389 4517 A
408 4463 414 4531 ι
433 4463 472 4518 ει
490 4447 590 4531 μιιῶι
608 4463 657 4533 [0]
675 4464 713 4517 44
732 4465 737 4532 ι
757 4463 797 4520 88
820 4460 914 4534 ερας]
937 4483 962 4521 ει
980 4466 1032 4520 auf
1045 4465 1134 4521 666
1150 4467 1194 4536 41
1214 4467 1254 4524 ιε
1276 4461 1309 4522 α’
1328 4457 1401 4539 ὅπερ
1419 4465 1444 4519 A
1459 4468 1464 4534 ι
1479 4464 1517 4522 ει

214 4541 351 4618 ἐμψύχων
366 4547 461 4612 1266,
488 4547 544 4618 vgl.
563 4544 701 4619 ἐμψύχων
720 4549 805 4603 ωιίειι
829 4549 856 4602 Z.
874 4550 909 4604 28
927 4567 952 4604 u.
970 4549 995 4603 S.
1013 4553 1047 4606 54
1064 4551 1091 4606 Z.
1109 4552 1138 4615 2;
1164 4547 1294 4622 ἐμψύχου
1311 4551 1449 4622 ΑΗδθρ,
1472 4551 1520 4604 der

213 4631 312 4687 Fehler
328 4632 358 4685 in
374 4634 400 4686 A
417 4631 491 4687 wohl
509 4632 595 4686 durch
613 4633 661 4687 das
680 4633 903 4702 vorhergehende
921 4630 1101 4706 Πυθαγόρου
1118 4636 1277 4691 ventumst.
