3790 5526
329 371 369 436 gg
870 362 1094 418 ανιναιιονε

414 524 534 618 τρόπῳ
567 524 607 616 66
633 519 793 616 Ἑβραῖκῷ
824 553 894 597 τινι
920 529 1050 615 λέγεται
1076 529 1153 612 περὶ
1180 527 1243 594 τοῦ
1269 526 1354 593 θεοῦ
1378 524 1416 592 ἐν
1442 522 1637 592 ἑπτακαιδε-

330 626 426 719 κάτω
453 631 578 716 ψαλμῷ
605 618 696 710 ότι,
698 627 809 709 ,ἔθετο
837 621 960 709 σκότος
979 621 1023 713 Ι’
1002 621 1207 712 αποκρυφὴν
1234 616 1390 704 ‹5666-
1417 625 1472 692 ἵνα
1493 624 1637 740 δηλωθῇ
1654 630 1708 686 643

332 723 388 802 ότι
415 723 530 849 ἀφανῆ
556 732 612 796 καὶ
638 719 797 814 ἄγνωστά
824 729 895 796 ἐστι
921 724 964 796 τά
990 719 1065 794 κατ’
1088 719 1185 810 ἀξίαν
1208 713 1426 811 νοηθέντα”
1405 750 1449 792 αν
1456 719 1551 810 περὶ
1574 726 1637 792 τοῦ

331 829 426 911 θεοῦ,
455 822 723 912 ἀποκρύψαντος
756 821 878 895 ἑαυτὸν
906 827 1010 896 οἱονεὶ
1036 828 1074 895 ἐν
1095 818 1209 911 σκότῳ
1242 838 1314 905 τοὶς
1339 819 1384 943 μῇ
1413 825 1553 910 φέρουσι
1575 819 1637 904 τὰς

297 933 392 1017 5τῇς
422 925 580 1014 γνώσεως
616 920 722 996 αῦτοῦ
751 922 967 1014 μαρμαρυγὰς
997 929 1080 1011 μηδὲ
1109 893 1307 1009 δυνάμένοις
1336 917 1444 992 αῦτόν
1474 915 1559 1008 ὁρᾶν
1587 926 1636 1008 πῇ

330 1023 466 1117 μένδιά
488 1022 552 1096 τὸν
573 1021 718 1114 μιασμόν
739 1030 802 1094 τοῦ
824 1029 895 1107 νοῦ,
917 1021 1079 1110 σώματι,
1081 1019 1349 1106 ,ταπεινώσεως“
1368 1016 1636 1110 ἀνθρώπωνέν·

331 1130 518 1214 δεδεμένου,
543 1129 592 1210 πῇ
619 1126 655 1193 δὲ
682 1121 736 1194 διά
762 1121 828 1211 τὴν
853 1127 1063 1212 βραχυτέραν
1085 1120 1226 1208 δύναμιν
1247 1116 1354 1191 αὐτοῦ
1382 1125 1443 1209 τῆς
1470 1115 1635 1208 κατανοή-

333 1249 418 1308 σεως
439 1230 503 1296 τοῦ
524 1229 618 1294 θεοῦ.
663 1226 718 1292 ἵνα
741 1227 776 1293 δὲ
783 1228 942 1344 δηλωθῇ
963 1221 1006 1294 τὸ
1028 1227 1178 1303 σπανίως
1200 1226 1246 1302 είς
1268 1217 1477 1310 ἀνθρώπους
1498 1215 1638 1305 φθάνον

331 1331 387 1395 καὶ
414 1328 451 1395 ἐν
479 1319 571 1394 πάνυ
600 1315 727 1411 ὀλίγοις
755 1317 992 1411 εὑρισκόμενον
1019 1327 1079 1410 τῇς
1106 1320 1264 1410 γνώσεως
1286 1327 1350 1420 τοῦ
1371 1325 1467 1404 θεοῦ,
1490 1323 1639 1407 Μωῦσῇς

281 1436 315 1492 10
333 1421 583 1513 ἀναγέγραπται
605 1425 885 1510 εἰσεληλυθέναι,
887 1426 943 1505 ,εἰς
965 1418 1028 1491 τὸν
1051 1416 1192 1509 γνόφον,
1215 1411 1306 1490 όπου
1327 1409 1370 1509 ἦν
1392 1413 1410 1490 6
1433 1414 1548 1500 θεός“·
1582 1422 1639 1486 καί

333 1529 409 1612 περὶ
432 1525 606 1603 Μωῦσέως
627 1516 747 1592 πάλιν·
776 1523 900 1640 ,έγγιεῑ
920 1526 1072 1688 Μωῦσῇς
1093 1515 1197 1609 μόνος
1221 1516 1308 1607 πρὸς
1334 1515 1518 1601 τὸνθεόν,
1549 1517 1580 1589 οί
1603 1521 1638 1587 δε

333 1628 448 1692 λοιποὶ
475 1617 537 1690 οῦκ
564 1622 738 1708 έγγιοῦσιθ
780 1616 885 1690 πάλιν
907 1647 945 1690 τε
966 1611 1009 1690 66
1028 1619 1082 1690 ἵνα
1105 1616 1146 1690 τὸ
1167 1615 1275 1703 βάθος
1296 1616 1494 1708 παραστήσῃ
1517 1611 1536 1688 6
1557 1644 1638 1705 προ·

334 1718 445 1810 φὴτης
471 1727 543 1790 τῶν
569 1724 645 1808 περὶ
667 1725 753 1790 θεοῦ
776 1716 967 1809 δογμάτων,
994 1715 1151 1807 άληπτον
1178 1715 1346 1806 τυγχάνον
1368 1735 1441 1800 τοις
1461 1715 1506 1807 μὴ
1528 1719 1639 1804 έχουσι

333 1825 506 1905 ,,πνεῦμα“
532 1818 574 1890 τὸ
604 1815 696 1890 πάντ
697 1815 893 1906 ’έρευνών,
920 1822 1068 1908 ἐρευνῶν
1094 1822 1131 1888 δε
1156 1824 1232 1902 ,καὶ
1258 1815 1302 1888 τά
1326 1813 1418 1905 βάθη
1440 1823 1503 1888 τοῦ
1523 1821 1638 1899 θεοῦ,“

282 1935 316 1988 15
334 1920 405 1990 είπε
427 1913 481 1990 τό·
512 1912 674 2002 ,ἀβυσσος
696 1915 744 2001 ώς
766 1915 902 2007 ἱμάτιον
923 1917 965 1990 τό
986 1913 1207 2007 περιβόλαιον
1229 1913 1366 1988 αῦτοῦ.“

417 2014 579 2090 ἀλλὰκαὶ
602 2012 621 2088 6
646 2016 760 2107 σωτὴρ
782 2013 956 2107 ἡμῶνκαὶ
977 2016 1093 2110 κύριος
1114 2013 1216 2106 λόγος
1237 2021 1301 2087 τοῦ
1323 2021 1408 2087 θεοῦ
1430 2014 1472 2088 τὸ
1494 2021 1638 2105 μέγεθος

334 2115 499 2206 παριστὰς
529 2123 590 2206 τῆς
621 2116 778 2206 γνώσεως
807 2122 872 2189 τοῦ
902 2116 1046 2206 πατρὸς,
1079 2111 1133 2187 ότι
1158 2111 1233 2186 κατ’
1255 2113 1352 2202 ἀξίαν
1373 2119 1639 2204 προηγουμένως

334 2213 430 2306 αῦτῷ
456 2213 551 2306 μόνῳ
579 2213 784 2305 λαμβάνεται
811 2221 866 2286 καὶ
892 2215 1106 2305 γινώσκεται,
1135 2221 1298 2304 δευτέρως
1320 2220 1356 2287 δὲ
1378 2233 1451 2296 τοῖς
1472 2217 1638 2303 έλλαμπο-

335 2323 447 2406 μένοις
477 2319 520 2388 τὸ
552 2311 755 2406 ἡγεμονικὸν
786 2311 843 2386 ἀπ’
866 2311 972 2386 αὐτοῦ
999 2321 1063 2386 τοῦ
1092 2311 1196 2403 λόγου
1221 2321 1276 2385 καί
1298 2319 1393 2398 θεοῦ,
1416 2321 1531 2403 φησίν·
1563 2308 1639 2397 „06

284 2430 319 2486 20
337 2421 402 2499 δείς
434 2418 522 2503 έγνω
553 2413 616 2487 τόν
643 2415 719 2486 υἱὸν
745 2419 774 2484 εί
800 2413 844 2504 μὴ
872 2409 891 2485 6
916 2414 1045 2504 πατὴρ,
1073 2409 1150 2486 ου’δὲ
1172 2414 1236 2485 τὸν
1256 2419 1387 2503 πατέρα
1408 2411 1501 2502 εἰμὴ
1524 2406 1544 2484 6
1565 2410 1639 2494 υἱός
1732 2441 1735 2446 ·

336 2522 392 2584 καὶ
422 2505 451 2603 ᾦ
484 2509 526 2586 ἀν
552 2509 571 2585 6
598 2511 669 2596 υἱός
695 2509 931 2601 ἀποκαλάψηθ
973 2511 1054 2586 οῦτε
1082 2512 1145 2603 γάρ
1171 2514 1236 2586 τὸν
1260 2509 1426 2603 ἀγένητον
1451 2519 1507 2584 καὶ
1532 2509 1640 2601 πάσης

337 2619 480 2702 γενητῇς
513 2610 645 2700 φάσεως
676 2609 905 2701 πρωτότοκον
933 2611 1009 2685 κατ’
1031 2610 1128 2700 ἀξίαν
1159 2617 1280 2684 εἰδέναι
1311 2641 1363 2696 τις
1388 2608 1580 2684 6666666‘
1550 2605 1640 2695 ωςό

337 2708 498 2802 γεννήσας
527 2709 634 2783 αὐτόν
664 2711 792 2835 πατῇρ,
826 2709 907 2784 οὔτε
934 2712 997 2785 τόν
1023 2718 1152 2802 πατέρα
1178 2709 1226 2796 ώς
1253 2742 1272 2783 ο
1262 2707 1441 2802 ἔμψυχος
1463 2709 1564 2830 λόγος
1583 2717 1641 2782 καί

338 2819 440 2898 σοφία
473 2808 579 2884 αὐτοῦ
610 2820 666 2884 καὶ
692 2808 850 2902 ἀλήθεια
879 2803 921 2884 06
949 2819 1074 2902 μετοχῇ
1104 2818 1364 2902 περιαιροῦντος
1390 2808 1459 2884 ἀπό
1486 2817 1549 2882 τοῦ
1575 2837 1640 2880 πα-

286 2933 319 2988 25
337 2911 418 3000 τρὸς
445 2913 486 2984 τὸ
512 2908 694 3002 λεγόμενον
719 2908 897 2997 ,,σκότος,“
924 2907 1094 3000 3,,ἔθετο
1120 2907 1325 3001 ἀποκρυφὴν
1351 2909 1479 2995 αῦτοῦβ
1483 2917 1573 2982 (καὶ
1599 2907 1642 2982 τό

338 3007 521 3102 λεγόμενον
546 3007 805 3102 ,,περιβόλαιον“
831 3009 952 3096 αὐτοῦ,
980 3011 1044 3101 τὴν
1070 3007 1225 3096 ἄβυσσον,
1251 3019 1307 3083 καὶ
1335 3005 1643 3094 ἀποκαλύπτοντας

253 3119 343 3200 1441,
370 3104 466 3184 οῦτω
489 3112 552 3183 τὸν
572 3117 704 3200 πατέρα
727 3105 819 3196 ὅστις
840 3107 919 3182 ποτ’
934 3105 977 3182 ἀν
998 3119 1091 3200 χωρῇ
1113 3111 1289 3201 γινώσκειν
1309 3107 1415 3184 αὐτόν
1437 3110 1601 3200 γινώσκει.

420 3231 536 3298 XVIH.
583 3233 695 3299 Ταῦτα
727 3225 760 3299 6’
787 3224 961 3318 ἡγησάμην
994 3233 1115 3317 βραχέα
1145 3225 1213 3301 ἀπὸ
1244 3234 1414 3298 πλείστων
1446 3220 1539 3299 όσων
1569 3233 1643 3299 τών

338 3335 413 3416 περὶ
440 3333 525 3399 θεοῦ
552 3345 624 3410 τοις
649 3329 749 3415 ίεροῑς
776 3323 916 3416 ἀνδράσι
943 3333 1161 3417 νενοημὲνων
1186 3333 1412 3417 παραθέσθαι,
1434 3319 1643 3410 δεικνῦς,ότι

287 3440 321 3495 30
339 3434 412 3497 τών
447 3432 721 3516 θαυμασθέντων
756 3425 824 3498 ῦπὸ
862 3433 993 3498 Κέλσου
1027 3434 1305 3499 Πλατωνικῶν
1341 3423 1472 3516 λόγων
1509 3429 1573 3514 ἔχει
1609 3456 1643 3499 τι

339 3522 542 3615 σεμνότερον
570 3546 642 3610 τοῖς
669 3531 800 3616 έχουσιν
822 3521 1034 3616 ὀφθαλμοὺς,
1056 3533 1192 3611 βλέπειν
1215 3525 1257 3597 τά
1280 3525 1382 3616 σεμνά
1405 3533 1479 3598 τών
1501 3533 1644 3616 γραφῶν

422 3705 442 3760 2
461 3703 533 3760 ΡειιΙ.
551 3708 592 3772 11,
611 3708 651 3761 12.
669 3736 702 3744 -
720 3707 738 3762 0
756 3705 819 3775 vgl.
838 3705 909 3760 Phil.
927 3707 951 3770 3,
970 3707 1011 3760 21.
1030 3736 1063 3745 -
1082 3707 1121 3762 10
1143 3707 1206 3776 vgl.
1224 3705 1310 3760 Exod.
1330 3709 1371 3773 20,
1389 3708 1430 3761 21.
1447 3737 1481 3746 -
1500 3705 1537 3762 11
1556 3703 1642 3759 Exod.

338 3792 384 3850 24.
402 3791 426 3845 2.
453 3819 486 3828 -
514 3789 553 3844 14
575 3790 638 3860 vgl.
657 3789 750 3846 1301.
769 3791 798 3858 2,
817 3793 857 3847 10.
883 3821 917 3830 —
946 3791 984 3848 15
1011 3791 1082 3846 Ρεε1.
1100 3793 1162 3857 103,
1180 3794 1204 3847 6.
1231 3821 1265 3831 -
1288 3791 1327 3847 19
1351 3789 1583 3860 vgl.Joh.1,1.
1609 3821 1643 3830 —

338 3873 437 3929 Matth.
456 3875 496 3934 11,
514 3875 546 3927 27
565 3874 644 3942 [Luk.
662 3877 702 3940 10,
721 3875 771 3940 22).
790 3907 823 3915 -
841 3877 880 3932 21
900 3877 963 3945 vgl.
982 3875 1042 3930 Kol.
1062 3879 1085 3938 1,
1105 3879 1144 3932 15.
1163 3906 1196 3914 -
1214 3875 1256 3931 23
1274 3875 1337 3944 Vgl.
1354 3875 1541 3937 Joh.1‚1.14.
1566 3877 1606 3942 14,
1618 3875 1643 3929 6.

339 3959 380 4026 17,
398 3960 439 4014 17.
463 3957 531 4011 Luk.
551 3961 592 4022 11,
608 3960 651 4014 49.
674 3959 687 4012 1
706 3959 769 4014 Kor.
789 3963 811 4027 1,
829 3961 871 4016 30.
889 3989 921 3999 -
940 3961 978 4016 25
997 3960 1061 4030 Vgl.
1079 3960 1257 4025 Ρεε1.17,12.
1275 3991 1309 4000 -
1327 3961 1366 4017 20
1385 3959 1448 4030 Vgl.
1465 3959 1536 4014 Psal.
1550 3961 1607 4023 103,
1619 3962 1643 4014 0.

356 4155 358 4161 .
423 4107 442 4163 4
464 4103 568 4164 ἑαυτὸν
584 4108 635 4164 Ηδ.
654 4127 699 4163 am
717 4108 804 4173 Rana,
822 4111 866 4182 Sp.
884 4110 944 4165 Del.
962 4111 1000 4164 im
1018 4109 1099 4175 Tem
1126 4109 1226 4176 έαντῶ,
1245 4131 1263 4167 α
1281 4129 1330 4166 aus
1347 4131 1369 4179 μ
1386 4127 1463 4175 corr„
1481 4113 1506 4164 Δ
1521 4109 1561 4178 10
1582 4103 1643 4178 τόν]

340 4185 374 4248 τό
392 4191 452 4246 Ι)ε1.
476 4195 480 4261 l
506 4193 545 4248 14
572 4190 703 4264 ἐρευνῶν,
731 4189 855 4267 ἐρευνῶν
879 4195 1029 4266 ΜΑιιεςς,
1057 4197 1113 4268 vgl.
1135 4197 1206 4252 oben
1229 4195 1474 4262 142,1932.1;
1503 4191 1644 4266 έρευνοϋν.

339 4272 509 4346 έρευνοῦνΑ
524 4279 528 4346 1
546 4279 584 4334 15
602 4271 745 4350 ἀβνσοςΑ
760 4281 764 4345 Ι
780 4275 976 4351 περιβόλαιον]
995 4284 1050 4352 βολ
1070 4281 1121 4336 auf
1135 4281 1228 4346 Ram,
1246 4300 1272 4336 u.
1285 4281 1374 4336 Rasur
1391 4281 1458 4336 iiber
1469 4279 1532 4335 dem
1544 4281 1568 4334 2.
1581 4279 1647 4334 Jota

338 4362 363 4414 A
379 4362 383 4428 Ι
399 4361 438 4417 18
456 4357 646 4432 γιγνώσκεται
663 4367 794 4433 AAusgg.
812 4365 872 4432 124
891 4352 926 4420 οῦ
943 4365 1053 4436 Sp.Del.
1072 4361 1108 4421 06
1123 4370 1148 4420 Α
1162 4367 1166 4436 Ι
1183 4367 1223 4423 20
1241 4361 1351 4438 ἀβυοον
1368 4365 1465 4434 1121
1487 4355 1565 4430 όοτις
1581 4356 1647 4419 ποτ’

339 4445 464 4500 schreibe
475 4447 520 4500 ich
532 4447 585 4502 mit
596 4449 644 4504 Βο.
658 4448 754 4517 (Notae
774 4467 799 4519 p.
812 4451 881 4516 394),
900 4449 955 4519 vgl.
968 4451 1038 4505 oben
1051 4450 1077 4504 Z.
1090 4451 1135 4512 22;
1155 4441 1172 4506 6'
1190 4451 1219 4506 τί
1234 4447 1299 4508 ποτ’
1311 4454 1442 4521 AAusgg.
1458 4452 1462 4519 Ι
1477 4444 1647 4521 γιγνώσκειν

339 4533 364 4584 Α
380 4533 384 4599 1
399 4526 551 4601 γιγνώσκει
569 4537 699 4602 AAusgg.
716 4535 720 4602 Ι
736 4533 776 4588 28
797 4525 955 4604 ῇγηοάμην]
975 4527 991 4604 6
1009 4535 1038 4588 in
1056 4535 1198 4591 Correctur
1215 4537 1247 4591 Δ.
