3780 5538
625 499 726 553 ΚΑΤΑ
751 497 910 552 ΚΕΔΣΟΥ
933 497 1006 554 vm
1026 499 1067 554 52.
1085 501 1126 553 53.
1471 505 1532 568 269

224 657 373 746 δόξαντα
405 679 477 744 τοῖς
509 657 674 750 ἀρχαίοις,
705 669 761 732 καὶ
791 667 868 750 περὶ
898 667 963 732 τοῦ
990 657 1159 732 Ἰουδαίων
1189 657 1293 750 λόγου
1324 666 1532 752 δηλουμένου

223 759 314 847 παρὰ
345 778 417 842 τοῖς
446 764 586 832 ἐκείνων
616 759 811 851 προφήταις
840 766 895 832 καὶ
924 768 999 848 περί
1030 767 1093 831 τοῦ
1113 756 1232 850 Ἰησοῦ,
1256 767 1285 831 εί
1305 760 1350 850 μὴ
1372 761 1531 846 ἐβούλετο

224 867 416 944 πιστεῦσαι,
442 854 507 931 κάν
535 858 760 950 ἀμφιβάλλειν
780 866 835 930 καὶ
858 867 1024 951 σκοπῆσαι
1047 854 1101 932 ότι
1121 859 1211 944 εἰκὸς
1231 852 1276 949 ήν
1296 869 1352 931 καὶ
1374 861 1454 946 τοῦς
1475 873 1533 935 θε-

228 959 461 1048 ραπεύσαντας
484 959 547 1032 τόν
573 969 655 1032 τῶν
679 955 787 1032 όλων
815 958 901 1032 θεόν
922 967 976 1032 καί
1000 961 1113 1032 ένεκεν
1133 967 1195 1052 τῆς
1218 967 1262 1045 είς
1284 968 1413 1033 τοῦτον
1436 970 1533 1052 τιμῆς

190 1066 279 1130 ὁκαὶ
310 1065 356 1142 είς
386 1058 430 1131 τὰ
463 1067 711 1154 πεπιστευμένα
740 1057 798 1132 ἀπ’
820 1057 927 1132 αὐτοῦ
956 1066 1250 1150 νενομοθετῆσθαι
1280 1059 1446 1146 πολλάκις
1475 1091 1533 1151 μυ-

225 1165 316 1247 ρίους
345 1158 523 1248 κινδύνους
549 1171 605 1232 καὶ
631 1158 806 1244 θανάτους
831 1157 1094 1248 ἀναδεξαμένους
1120 1159 1165 1250 μὴ
1186 1157 1444 1250 ὑπερεωρᾶσθαι
1465 1157 1532 1232 ύπό

225 1265 288 1330 τοῦ
318 1266 412 1344 θεοῦ,
445 1256 531 1332 ἀλλὰ
561 1270 616 1332 καὶ
647 1260 763 1346 αύτοῖς
790 1291 867 1334 τινα
894 1258 1095 1348 ἐπιφάνειαν
1115 1266 1301 1350 γεγονέναι,
1323 1259 1367 1332 τὰ
1388 1267 1450 1351 μὲν
1472 1267 1533 1351 τῆς

227 1354 451 1449 ἀνθρωπίνης
477 1369 554 1450 περὶ
580 1359 624 1432 τά
646 1358 854 1452 ἀγάλματα
882 1367 1000 1448 τέχνης
1020 1357 1317 1452 ῦπερηφανήσασιν
1339 1357 1534 1444 ἀναβαίνειν

226 1462 262 1528 δε
292 1469 482 1548 πειραθεῑσι
512 1469 563 1551 τῷ
589 1468 739 1551 λογισμῷ
767 1459 818 1533 ἐπ’
841 1458 948 1534 αὐτόν
974 1459 1038 1532 τόν
1064 1466 1118 1532 ἐπὶ
1144 1467 1226 1532 πᾶσι
1251 1457 1352 1544 θεόν;
1381 1465 1481 1550 ἐχρῆν
1505 1457 1534 1532 δ

174 1574 209 1629 10
227 1555 334 1630 αὐτὸν
369 1566 536 1649 σκοπήσαι
568 1554 622 1632 ότι
651 1557 754 1632 πάντ’
782 1565 921 1650 έφοροῦν
950 1566 1006 1630 καί
1037 1556 1139 1630 πάντ’
1161 1559 1340 1632 ἐπακούων
1371 1557 1390 1632 δ
1419 1561 1534 1645 κοινός

227 1655 370 1730 πάντων
404 1660 517 1749 πατήρ
545 1667 598 1729 καὶ
631 1658 833 1750 δημιουργός
864 1658 929 1748 τήν
960 1656 1102 1730 ἑκάστου
1131 1666 1335 1748 προαίρεσιν,
1367 1669 1533 1750 ζητοῦσαν

229 1754 335 1829 αῦτόν
361 1765 416 1829 καί
443 1757 587 1846 εὐσεβεῖν
608 1765 827 1849 βουλομένην,
856 1757 932 1830 κατ’
955 1755 1052 1844 ἀξίαν
1068 1765 1198 1849 κρίνων
1219 1766 1276 1829 καὶ
1297 1758 1434 1843 τούτοις
1456 1759 1534 1832 τινὰ

228 1854 389 1946 ἀπονέμει
418 1857 551 1946 καρπόν
581 1865 643 1949 τῆς
673 1866 882 1949 προστασίας
913 1855 1032 1943 αύτοῦ,
1061 1862 1116 1928 ίνα
1150 1864 1281 1948 μᾶλλον
1313 1855 1460 1946 αῦξωσιν
1477 1856 1534 1947 -ίΙν

228 1950 319 2042 ἀπαξ
351 1955 577 2047 παρειλήφασι
611 1967 689 2048 περὶ
727 1955 833 2030 αὐτοῦ
870 1961 1013 2029 ἔννοιαν.
1057 1965 1164 2030 ταῦτα
1202 1959 1266 2047 γὰρ
1297 1961 1325 2030 εἰ
1342 1962 1533 2049 ’ἐλογίσατο

176 2072 209 2125 15
230 2062 357 2138 Κέλσος
386 2063 442 2127 καὶ
473 2061 506 2128 οί
533 2063 710 2147 μισοῦντες
737 2064 884 2128 Μωῦοέα
909 2065 965 2127 καὶ
991 2057 1073 2140 τοῦς
1099 2062 1136 2129 έν
1156 2053 1327 2140 Ἰουδαίοις
1351 2057 1534 2149 προφήτας

227 2164 283 2228 καί
304 2151 429 2245 Ἰησοῦν
452 2165 508 2227 καὶ
535 2157 616 2239 τοῦς
637 2153 807 2244 καμόντας
832 2155 887 2227 διά
914 2155 977 2228 τόν
999 2153 1102 2244 λόγον
1124 2155 1230 2228 αὐτοῦ
1252 2165 1408 2246 γνησίους
1426 2169 1533 2249 μαθη-

142 2269 210 2325 2016Γ
227 2256 290 2340 τὰς
311 2253 427 2340 αύτοῦ,
450 2252 512 2326 οῦκ
534 2251 576 2327 ἀν
599 2250 715 2338 οῦτως
737 2254 1029 2346 διελοιδορήσαντο
1049 2265 1053 2342 Ι
1073 2263 1215 2328 Μωῦσεῑ
1233 2261 1289 2328 καί
1312 2278 1384 2341 τοῖς
1402 2257 1535 2349 προφή-

229 2385 304 2440 ταις
325 2362 381 2427 καὶ
401 2352 508 2446 Ἰησοῦ
528 2363 584 2426 καί
607 2375 681 2439 τοῖς
703 2351 909 2439 ἀποστόλοις
929 2352 1048 2427 αὐτοῦ·
1076 2353 1153 2428 οῦδὲ
1171 2353 1296 2446 μόνους
1315 2358 1406 2446 παρὰ
1421 2355 1537 2429 πάντα

228 2457 271 2528 τά
298 2460 352 2527 ἐπὶ
379 2462 438 2545 γῆς
460 2458 545 2544 ἔθνη
570 2450 749 2538 ’Ἰουδαίους
771 2451 1026 2546 ἀπεδοκίμαζον,
1049 2462 1206 2545 λέγοντες
1228 2453 1352 2539 αύτοῦς
1374 2459 1536 2529 εἶναικαὶ

177 2570 211 2625 20
229 2561 430 2644 Αἰγυπτίων
458 2561 626 2644 χείρονας,
658 2563 732 2627 τῶν
762 2561 856 2645 μέχρι
886 2552 1022 2644 ἀλόγων
1051 2555 1152 2646 ζῴων
1179 2562 1245 2628 ε’ίτε
1271 2557 1358 2628 κατὰ
1385 2562 1536 2628 δεισιδαι-

227 2662 349 2742 μονίαν
384 2658 452 2725 εἴτε
487 2654 574 2726 κατὰ
606 2651 804 2744 οἱανδήποτ’
832 2661 944 2727 αἰτίαν
978 2649 999 2743 ἢ
1030 2654 1164 2745 πλάνην
1193 2653 1462 2746 καταγαγόντων
1495 2655 1535 2728 τὸ

230 2749 312 2826 ὅσον
332 2750 383 2825 ἐπ’
407 2750 524 2838 αύτοῑς
546 2754 611 2844 τήν
632 2754 717 2842 πρός
740 2753 780 2827 τό
803 2765 900 2827 θεῖον
922 2752 1031 2844 τιμήν.

310 2861 419 2926 ταῦτα
442 2851 474 2924 δ’
491 2852 667 2944 εἰρήκαμεν
690 2851 752 2925 οῦκ
774 2859 829 2926 έπί
851 2853 893 2926 τό
914 2852 1135 2943 ἀμφιβάλλειν
1153 2853 1426 2945 προτρεπόμενοί
1441 2884 1537 2940 τινας

228 2961 305 3043 περὶ
335 2959 399 3024 τοῦ
432 2953 520 3024 κατὰ
554 2953 810 3043 χριοτιανισμόν
847 2952 951 3044 λόγου
987 2952 1073 3025 ἀλλὰ
1110 2952 1336 3043 παριστάντες
1373 2949 1427 3026 ότι
1464 2975 1537 3038 τοῖς

177 3067 211 3123 25
228 3055 341 3140 πάντη
364 3059 692 3142 διαλοιδορουμένοις
713 3059 765 3144 τηῦ
784 3061 1001 3142 Χριστιανῶν
1024 3052 1115 3143 λόγῳ
1138 3051 1365 3142 αἱρετώτερόν
1388 3059 1459 3126 ἐστι
1473 3050 1538 3126 κάν

229 3149 454 3242 ἀμφιβάλλειν
484 3158 559 3238 περὶ
592 3149 709 3224 αὐτῶν
741 3159 797 3223 καὶ
833 3154 877 3242 μή
908 3148 1004 3224 οῦτω
1036 3160 1193 3242 θρασέως
1225 3158 1334 3242 λέγειν
1365 3160 1441 3242 περὶ
1474 3161 1538 3226 τοῦ

229 3249 334 3342 Ἰησοῦ
360 3247 380 3342 ἢ
407 3259 481 3323 τῶν
506 3260 677 3341 μαθητῶν
704 3249 823 3336 αύτοῦ,
856 3249 877 3324 ἀ
903 3253 948 3343 μή
975 3259 1255 3325 ἐπίστανταικαὶ
1281 3250 1537 3340 ἀποφαίνονται

230 3349 271 3424 οῦ
297 3353 381 3442 μετὰ
408 3358 470 3442 τῆς
495 3357 705 3441 καλουμένης
730 3353 823 3441 παρὰ
851 3372 923 3435 τοῖς
949 3348 1016 3424 ἀπό
1039 3360 1100 3442 τῆς
1122 3360 1236 3436 Στοᾶς
1257 3359 1537 3443 ,καταληπτικῆς

233 3460 440 3540 φαντασίας(
474 3447 549 3522 οὐδ’
572 3448 629 3522 ἀπ’
652 3447 760 3522 ἀλλον
791 3451 887 3536 τινός
917 3459 1106 3542 κριτηρίου,
1139 3460 1215 3540 περὶ
1243 3443 1283 3523 οὗ
1313 3449 1434 3542 ἑκάστη
1463 3461 1537 3524 τῶν

177 3565 212 3620 30
230 3547 432 3640 φιλοσόφων
453 3556 575 3640 αίρεσις
598 3549 639 3623 τό
663 3547 881 3642 φαινόμενον,
906 3550 953 3635 σός
976 3557 1077 3637 ἔδοξε,
1100 3550 1347 3623 κατεσκεύασεν.

314 3739 353 3794 10
377 3738 440 3808 Vgl.
459 3739 574 3802 Homer,
593 3739 758 3794 Ι1.111277.
782 3739 833 3794 od.
851 3740 889 3793 XI
907 3741 964 3796 109.
991 3739 1118 3793 1111323.
1145 3769 1177 3777 -
1205 3739 1243 3795 19
1267 3739 1329 3809 Vgl.
1348 3739 1418 3794 oben
1442 3741 1480 3794 IV
1495 3742 1536 3794 31.

230 3823 314 3878 V41.
339 3823 376 3876 VI
393 3825 434 3880 80.
462 3853 495 3864 —
522 3824 561 3880 28
585 3823 648 3895 Vgl.
668 3823 774 3888 Cicero,
792 3824 877 3878 Acad.
895 3829 966 3893 post.
983 3825 996 3878 I
1015 3828 1059 3888 11,
1077 3825 1118 3879 40.
1136 3827 1177 3879 41.
1207 3825 1291 3878 Aead.
1309 3823 1392 3893 prior.
1411 3825 1436 3878 II
1454 3827 1477 3889 θ,
1497 3826 1537 3880 18.

231 3907 366 3977 Diogenes
385 3908 475 3964 LaArt.
494 3909 547 3963 VII
567 3913 589 3972 1,
606 3911 649 3964 46.
674 3909 770 3963 Sextus
788 3908 900 3980 Empir„
919 3908 989 3963 Adv.
1007 3910 1138 3962 mathem.
1156 3909 1220 3962 VIII
1238 3910 1296 3964 397.

315 4067 334 4122 2
353 4063 470 4123 ἐκείνων
487 4067 625 4137 MAusgg.
644 4063 755 4124 ἐκεῖνον
772 4073 798 4122 A
813 4070 816 4137 Ι
833 4069 851 4124 8
874 4062 1129 4140 ίπερηφανήσασιν
1145 4069 1269 4122 schreibe
1286 4069 1339 4129 ich,
1358 4062 1538 4140 ῦπερφρονή-

232 4167 317 4207 σασιν
334 4151 434 4223 HASp.
452 4171 497 4206 am
515 4153 603 4220 Rand,
622 4152 681 4207 Del.
699 4153 738 4205 im
755 4153 836 4218 Text5
859 4145 1077 4223 ῦπερηφάνισαν
1093 4154 1137 4222 ΑΙ
1155 4154 1193 4209 13
1217 4147 1356 4222 ἀπονέμει
1373 4153 1403 4220 Ρ,
1422 4153 1473 4208 Hb.
1492 4170 1538 4205 am

233 4237 319 4300 θεοῦ,
338 4237 446 4308 Sp.Del.
464 4237 503 4292 im
521 4237 602 4304 'Iext3
628 4231 785 4303 ἀπονέμειν
802 4242 827 4292 Α
842 4239 846 4306 Ι
863 4238 902 4294 14
921 4232 1084 4308 ἐλογίσατο]
1101 4237 1217 4308 θρίείίοε
1235 4238 1304 4292 fehlt
1321 4239 1346 4290 A
1362 4239 1365 4305 Ι
1381 4238 1415 4292 17
1439 4239 1539 4292 διελοι·

233 4318 396 4394 δορήσαντο
414 4323 559 4392 MAusgg.‚
578 4323 633 4391 vgl.
651 4323 737 4376 unten
756 4323 782 4378 Z.
801 4323 842 4386 25,
862 4322 932 4376 auch
950 4326 1027 4376 sonet
1043 4323 1196 4390 gebraucht
1208 4322 1337 4391 Origenes
1354 4339 1406 4375 nur
1423 4321 1471 4375 das
1483 4321 1539 4375 Μο

231 4407 318 4471 dimn;
337 4402 554 4479 διελοιδδρησαν
570 4409 594 4460 A
613 4410 618 4475 Ι
638 4406 740 4475 μωῦσῆ
758 4409 891 4476 AAusgg.
914 4410 917 4475 Ι
938 4407 977 4463 19
1000 4403 1046 4462 ἐπί
1063 4413 1115 4478 γῆς
1131 4408 1304 4476 fibergeschr.
1322 4410 1359 4460 A¹
1375 4409 1379 4475 Ι
1394 4406 1432 4462 21
1450 4424 1538 4460 κατα-

231 4486 383 4562 γαγόντων
399 4493 523 4546 schreibe
540 4492 594 4558 ich,
612 4491 649 4545 da
666 4491 714 4545 das
726 4492 855 4563 Particip.
868 4490 918 4546 auf
927 4487 1087 4562 Αἰγυπτίων
1104 4493 1160 4546 und
1178 4493 1256 4546 nicht
1273 4491 1323 4546 auf
1337 4484 1487 4554 Ἰουδαίους
1505 4507 1538 4544 ιω

232 4575 364 4630 beziehen
389 4576 437 4641 ἱείς
463 4569 686 4647 καταγαγόντος
715 4579 851 4646 AAusgg.
879 4578 883 4646 Ι
911 4577 949 4632 26
978 4570 1080 4646 αύτῶνΙ
1108 4570 1196 4632 αὐτοῦ
1220 4579 1358 4632 νεεωυίεί
1374 4577 1422 4629 Βο.
1442 4575 1539 4643 (Notae

228 4678 254 4730 p.
271 4661 340 4727 407).
