3758 5564
585 493 678 548 ΠΕΡΙ
697 492 833 548 ΕΥΧΗΣ
854 491 1022 560 21,10.11.
1042 489 1140 544 1213.
1449 495 1507 558 371

207 653 430 748 μεταβάλλων
455 661 510 726 καὶ
536 651 641 740 αῦτός
662 661 708 738 είς
730 651 825 744 όφιν,
850 647 939 725 ῶστε
962 649 1031 724 ῦπό
1053 657 1116 724 τοῦ
1137 649 1242 740 λόγου
1263 647 1512 740 ονειδιςόμενον

208 753 329 840 αῦτδν,
359 749 425 849 κάν
455 761 535 844 λέγη
569 761 790 842 βαπτίζεσθαι
821 761 951 838 θέλειν,
983 748 1130 826 άκοῦειν·
1160 747 1290 840 ,,όφεις,
1322 748 1512 841 γεννήματα

208 860 360 946 ἐχιδνῶν,
384 859 436 938 τίς
456 850 628 941 ἀπέδειξεν
649 851 727 945 ῦμῖν
751 871 869 944 φυγεῖν
890 849 959 925 ἀπὸ
982 859 1043 941 τῆς
1058 851 1242 943 μελλούσης
1261 845 1402 940 όργῆς,·“
1425 857 1512 941 λέγει

209 963 245 1029 δὲ
272 961 348 1045 περί
370 961 434 1026 τοῦ
456 960 676 1044 δρακοντείου
696 953 854 1044 σῶματος
873 950 941 1024 ῦπδ
965 960 1039 1024 τῶν
1059 947 1245 1022 Αἰθιόπων
1265 950 1469 1038 ἑστιωμένων
1491 946 1511 1022 δ

175 1061 313 1128 οΔαυῒδ
342 1060 469 1126 ταῦτα·
506 1058 732 1142 ,,συνέτριφας
757 1052 823 1134 ’τὰς
852 1050 1003 1140 κεφαλάς
1032 1058 1107 1124 τῶν
1136 1045 1334 1139 δρακόντων
1364 1053 1419 1120 έπλ
1449 1056 1521 1122 τοῦ.

209 1149 344 1239 ῦδατος,
368 1152 424 1243 <σῦ
445 1159 653 1236 συνέθλασας
675 1151 740 1242 τὴν
760 1149 915 1240 κεφαλὴν
936 1157 1000 1223 τοῦ
1022 1147 1234 1238 δράκοντος)
1260 1153 1386 1233 ἔδωκας
1406 1145 1513 1222 αδτόν

210 1262 328 1344 βρῶμα
354 1265 450 1335 λαοῖς
476 1269 549 1336 τοῖς
570 1257 767 1338 Αίθίοψιν.“
803 1255 831 1322 εί
858 1255 894 1321 δὲ
919 1248 965 1339 μὴ
986 1245 1197 1340 ἀπεμφαίνει,
1219 1245 1395 1332 οῦσιωδῶς
1414 1247 1513 1337 ῦφεο-
1564 1263 1567 1270 “

210 1362 324 1438 τῶτος
351 1359 414 1424 τοῦ
439 1355 515 1424 υίοῦ
542 1357 605 1423 τοῦ
630 1358 715 1422 θεοῦ
735 1348 937 1438 ὑφεστῶτος
958 1353 994 1420 δὲ
1014 1354 1071 1420 καί
1093 1355 1155 1420 τοῦ
1176 1345 1416 1438 ἀντικειμένου,
1439 1346 1513 1422 ἑκά·

212 1481 313 1543 τερον
343 1449 462 1524 αῦτῶν
493 1449 629 1540 τροφὴν
659 1458 812 1540 γίνεσθαι
842 1454 943 1520 τοῦδε
974 1442 995 1537 ἢ
1025 1453 1139 1533 τοῦδε,
1166 1453 1201 1519 τί
1222 1442 1387 1538 όκνσῦμεν
1408 1475 1514 1537 παρα-

161 1571 195 1627 10
212 1559 371 1640 δέξασθαι
400 1556 457 1623 έπί
486 1578 523 1639 γε
552 1557 673 1621 πασῶν
708 1557 783 1622 τῶν
814 1545 990 1638 δυνάμεων
1019 1543 1231 1635 κρειττόνων
1260 1554 1317 1618 καὶ
1347 1544 1515 1637 χειρόνων

211 1660 267 1724 καὶ
296 1656 351 1722 ἐπὶ
380 1657 454 1722 τῶν
483 1645 684 1736 ἀνθρώπων
713 1646 755 1720 τό
784 1647 951 1721 δύνασθαι
977 1653 1162 1736 τρέφεσθαι
1182 1644 1251 1719 ἀπὸ
1272 1645 1417 1720 πάντων
1437 1645 1515 1720 τοῦ·

212 1780 285 1824 των
308 1751 367 1822 ἕνα
388 1749 532 1820 ἕκαστον
554 1743 666 1837 ἦμῶν;
686 1765 866 1818 κοινωνεῖν
888 1753 973 1837 γοῦν
995 1753 1047 1837 τῶ
1066 1744 1314 1837 ἑκατονίτάρχρο
1332 1753 1514 1836 Κορνηλίω
1536 1761 1587 1816 249

211 1857 267 1923 καὶ
299 1867 373 1933 τοῖς
404 1842 471 1939 άμα
501 1857 715 1936 συναχθεῖσιν
745 1851 782 1918 έν
809 1854 851 1935 τῇ
875 1854 1056 1940 Καισαρείᾳ
1082 1842 1101 1918 δ
1123 1852 1253 1934 Πέτρος
1278 1853 1412 1935 μέλλων
1431 1845 1515 1936 μετὰ

213 1957 249 2024 δὲ
274 1954 385 2028 ταῦτα
412 1955 469 2018 καὶ
494 1965 568 2030 τοῖς
590 1948 704 2018 ἔθνεσι
725 1945 934 2036 μεταδῶσειν
956 1953 1029 2018 τῶν
1051 1942 1164 2035 λόγων
1185 1951 1249 2018 τοῦ
1271 1951 1365 2030 θεοῦ,
1388 1940 1451 2039 δρςίΙ
1473 1943 1514 2018 τὸ

162 2067 196 2121 15
213 2056 414 2136 ,πέτταρσιν
440 2043 556 2136 ἀρχαῖς
577 2052 801 2136 καθιέμενονίί
828 2041 1019 2134 οὐρανόθεν
1039 2051 1208 2130 ,,σκεῦος,“
1230 2050 1287 2130 „zv
1309 2035 1359 2134 ᾦ“
1381 2043 1516 2130 υπάντα
1596 2091 1599 2098 ·

214 2147 257 2221 τὰ
286 2143 481 2236 τετράποδα
508 2154 565 2216 καὶ
596 2143 719 2235 ἑρπετά
747 2153 804 2216 καὶ
831 2152 938 2234 θηρία
966 2151 1027 2234 τῆς
1059 2150 1153 2235 γῆςίί·
1180 2139 1238 2218 ὅτε
1263 2152 1320 2217 καὶ
1346 2144 1516 2218 κελεῦεται

214 2245 413 2334 ,,ἀναστάς“
441 2251 545 2317 θῦσαι
580 2253 635 2316 καὶ
665 2263 798 2334 φαγεῖν,
827 2241 1121 2334 προστασσόμενος
1152 2243 1237 2334 μετά
1266 2242 1307 2316 τό
1334 2243 1516 2334 παραιτοῦ-

213 2375 316 2436 μενον
337 2342 445 2416 αῦτόν
466 2349 643 2434 εἰρηκέναι·
666 2344 706 2418 οῦ
727 2344 820 2428 σίδας
834 2337 912 2429 „gu
933 2338 1013 2415 οδδέ
1032 2372 1118 2416 ποτε
1138 2343 1258 2418 κοινόν
1276 2341 1297 2436 ἢ
1316 2341 1516 2435 ἀκάθαρτον

215 2451 372 2536 εἰσῆλθεν
402 2449 448 2528 είς
478 2443 518 2516 τό
547 2441 655 2535 στόμα
682 2452 771 2533 μουίί
797 2448 948 2533 ,μηδένα
979 2442 1098 2516 κοινόν
1131 2438 1152 2535 ἢ
1181 2441 1380 2534 ἀκάθαρτον
1409 2449 1516 2534 λέγειν

164 2571 198 2628 20
215 2541 426 2636 ἀνθρωπον“
448 2550 501 2634 τῶ
526 2544 570 2616 τά
596 2548 818 2632 καθαρθέντα
843 2537 910 2614 ῦπό
932 2549 1018 2614 θεοῦ
1045 2542 1089 2632 μὴ
1116 2549 1186 2615 δεῖν
1206 2540 1274 2616 ῦπό
1295 2550 1429 2632 Πέτρου
1448 2571 1516 2616 κοι-

217 2652 374 2720 νοῦσθαι·
412 2651 493 2732 φησὶ
524 2645 586 2734 γάρ
618 2640 639 2733 ἡ
670 2649 769 2728 λέξις·
797 2637 839 2728 „c‘r'
871 2637 890 2713 ὁ
922 2640 1003 2725 θεὸς
1029 2639 1209 2734 ἐκαθάρισε
1233 2643 1274 2714 σῦ
1300 2641 1345 2732 μὴ
1370 2649 1516 2716 κοίνου.“

147 2763 199 2818 27¹
217 2741 343 2818 οῦκοῦν
368 2742 410 2816 τό
436 2743 593 2832 καθαρὸν
616 2753 621 2829 Ι
644 2750 761 2832 βρῶμα
785 2748 842 2813 καὶ
868 2740 910 2814 τὸ
931 2737 1131 2830 ἀκάθαρτον
1151 2744 1240 2815 κατὰ
1259 2743 1323 2816 τὸν
1345 2750 1518 2828 Μωῦσέως
1610 2813 1614 2818 ,

217 2841 323 2934 νόμον
349 2847 387 2914 έν
412 2838 605 2932 ὀνομασίαις
631 2838 887 2931 διακρινόμενον
914 2837 1087 2913 πλειόνων
1114 2841 1228 2932 ζῴων,
1254 2841 1320 2932 τὴν
1340 2838 1519 2933 ἀναφορὰν

217 2945 294 3034 ἔχον
316 2947 372 3016 ἐπὶ
398 2941 442 3013 τῦ
468 2939 615 3031 διάφορα
640 2938 711 3030 ἤθη
733 2948 808 3014 τῶν
830 2947 989 3030 λογικῶν,
1012 2938 1159 3013 διδάσκει
1179 2939 1299 3012 τοῦσδε
1319 2947 1380 3032 μὲν
1401 2947 1518 3030 τροφί-

166 3071 200 3126 25
217 3072 300 3134 μους
327 3039 405 3132 ἡμῖν
431 3039 608 3132 τυγχάνειν
635 3039 756 3113 τούσδε
782 3047 818 3112 δὲ
840 3044 1005 3124 ἐναντίως
1027 3043 1122 3129 ἔχειν,
1148 3040 1211 3122 ἕως
1231 3049 1416 3130 καθαρίσας
1436 3039 1519 3114 πάν·

218 3171 279 3226 τας
300 3140 424 3233 ποιήση
447 3147 634 3230 τροφίμους
655 3135 674 3211 ὁ
696 3139 777 3223 θεὸς
798 3133 819 3228 ἢ
841 3139 923 3224 τοῦς
943 3136 1012 3213 ἀπὸ
1034 3141 1187 3226 ,παντὸς
1207 3146 1352 3229 γένους.“

304 3253 351 3316 13.
386 3239 523 3312 τούτων
548 3239 589 3330 δὴ
615 3233 730 3322 οῦτως
755 3234 908 3327 έχόντων
931 3247 987 3310 καλ
1014 3237 1182 3328 τοσαύτης
1207 3245 1373 3332 διαφοράς
1394 3239 1522 3331 βρωμά-

220 3371 291 3413 των
319 3335 435 3430 οῦσης,
466 3340 513 3423 είς
543 3337 635 3425 παρὰ
661 3335 794 3420 πάντας
824 3338 906 3422 τοῦς
932 3341 1124 3430 εἰρημένους
1150 3343 1242 3412 ἐστὶν
1272 3334 1292 3412 ό
1318 3339 1522 3426 έπιοῦοιος

305 3511 445 3566 2Με1οι.
463 3511 491 3576 3,
510 3511 533 3564 7.
560 3509 628 3564 Lulr.
647 3509 671 3575 3,
689 3511 713 3564 7.
742 3539 775 3548 -
801 3509 818 3565 5
844 3507 1034 3573 Psn1.73,13.
1054 3513 1093 3564 14.
1120 3540 1152 3549 —
1178 3509 1196 3565 8
1223 3509 1285 3579 Vgl.
1303 3511 1329 3565 II
1346 3511 1437 3565 Thess.
1456 3514 1522 3579 2,4

219 3598 232 3651 Ι
250 3596 320 3652 Tim.
339 3597 369 3661 5,
387 3597 420 3648 14
437 3595 494 3648 und
512 3593 654 3664 Origenes,
673 3595 704 3648 In
723 3593 821 3648 Ezenh.
839 3594 912 3649 hom.
929 3593 969 3648 VI
985 3599 1003 3650 4
1020 3597 1097 3664 (tom.
1114 3594 1178 3648 XIV
1195 3611 1222 3665 p.
1240 3595 1274 3650 84
1283 3609 1322 3664 sq.
1340 3595 1382 3650 εδ
1400 3596 1522 3664 Lomm.).

219 3712 253 3722 —
273 3681 310 3736 11
330 3679 393 3746 Vgl.
411 3677 549 3748 Origenes,
567 3681 599 3732 In
616 3679 680 3733 Les.
699 3680 771 3734 hom.
789 3679 842 3732 VII
860 3681 875 3733 5
894 3680 971 3748 (bom.
988 3679 1024 3734 IX
1044 3697 1069 3750 p.
1087 3680 1137 3736 305
1155 3679 1197 3734 ed.
1210 3679 1333 3748 Lem).
1351 3710 1384 3720 -
1403 3680 1440 3736 12
1460 3680 1523 3750 Vgl.

221 3767 280 3820 Δσί.
300 3766 346 3831 10,
365 3767 388 3818 1.
406 3763 447 3818 24.
465 3765 505 3819 27.
526 3763 597 3817 3311.
624 3793 658 3802 -
684 3763 722 3820 15
751 3763 814 3832 Vgl.
832 3767 893 3818 Δσί.
912 3766 956 3828 10,
976 3768 1016 3818 11.
1034 3765 1075 3818 12.
1105 3767 1146 3829 11,
1164 3767 1188 3820 5.
1206 3766 1230 3821 6.
1256 3794 1290 3804 -
1318 3763 1356 3820 10
1383 3764 1445 3834 Vgl.
1463 3769 1523 3822 Act.

220 3851 322 3918 10,13.
345 3851 387 3915 11,
407 3849 430 3902 7.
452 3877 486 3886 -
510 3848 548 3904 18
570 3846 634 3916 Vgl.
652 3849 711 3902 Act.
731 3850 771 3912 11,
788 3847 805 3901 8
823 3848 874 3916 (10,
888 3849 937 3916 14).
958 3877 992 3888 -
1017 3849 1055 3905 10
1077 3847 1140 3918 Vgl.
1158 3850 1218 3902 Aet.
1237 3849 1277 3911 10,
1295 3847 1336 3902 28.
1354 3878 1388 3888 -
1408 3849 1444 3905 21
1464 3853 1523 3905 Διί.

222 3937 263 4000 10,
282 3937 322 3990 15.
347 3936 388 3996 11,
405 3935 429 3989 0.
448 3963 481 3972 -
500 3931 538 3987 22
557 3932 620 4002 Vgl.
633 3931 763 4000 Origenes
781 3948 804 3987 ο.
816 3930 937 3988 οο1ε.Ν
949 3933 990 3988 93.
1015 3933 1092 3989 V49.
1116 3933 1147 3985 In
1166 3931 1228 3987 Les.
1241 3931 1313 3987 hom.
1329 3931 1378 3988 VII
1398 3935 1472 4004 (born.
1486 3935 1525 3989 lx

221 4037 248 4090 p.
265 4020 316 4075 300
325 4034 385 4086 sqq.
397 4017 439 4072 ed.
452 4016 575 4086 Lomm.).
589 4045 620 4055 -
634 4017 674 4072 20
692 4015 867 4086 vg1.Matrh.
881 4017 923 4080 13,
934 4019 975 4071 47.
989 4047 1021 4056 -
1035 4017 1074 4075 28
1086 4017 1150 4086 Vgl.
1163 4017 1262 4072 Matth.
1274 4019 1298 4084 6,
1312 4019 1351 4072 11.
1370 4017 1488 4083 Lulr.11,
1501 4021 1525 4075 3.

307 4155 326 4210 0
349 4150 403 4226 (σὺ
424 4150 605 4218 συνέθλααας
629 4146 681 4222 τὴν
706 4145 835 4222 κεφαλὴν
859 4155 913 4207 τοῦ
940 4145 1122 4224 δράκοντος.)
1146 4153 1210 4222 fuge
1232 4151 1277 4206 ish
1299 4153 1350 4208 mit
1372 4154 1454 4224 Angl.
1472 4155 1527 4225 (bei

224 4238 283 4293 Del.
301 4239 314 4293 I
331 4238 517 4306 92411-9252)
539 4237 569 4292 in
591 4237 679 4292 dieser
701 4236 824 4304 Fessung
845 4251 894 4289 nus
916 4235 942 4290 d.
959 4237 1033 4292 LXX
1056 4237 1113 4306 ein,
1136 4237 1191 4306 vgl.
1209 4235 1354 4306 Origenes,
1376 4237 1480 4296 Comm.
1497 4239 1528 4294 in

224 4322 324 4377 Martn.
341 4321 405 4376 XVI
422 4323 456 4378 26
474 4311 549 4390 λίσαι.
567 4321 606 4376 IV
623 4339 649 4392 p.
668 4324 702 4376 74
718 4321 761 4376 ed.
778 4319 906 4386 Lem),
929 4321 974 4376 die
991 4321 1087 4378 Worbe
1104 4322 1165 4376 sind
1183 4322 1272 4391 αδδς,
1290 4322 1327 4376 ds
1344 4327 1420 4378 sonet
1441 4317 1530 4380 αι’ντδν

225 4407 297 4462 ohne
320 4405 480 4476 Beniehung
501 4410 586 4470 were,
613 4398 663 4474 (οῦ
685 4403 858 4478 σννέτριιρας
879 4399 931 4470 τάς
951 4400 1079 4476 κεφαλάς
1100 4412 1154 4462 τοῦ
1179 4400 1360 4478 δράκοντος.)
1386 4406 1448 4477 mgr
1469 4409 1528 4464 nen

225 4490 290 4560 (vgl.
303 4489 379 4544 1248
390 4493 472 4544 Anm.
483 4493 511 4560 g)
529 4491 601 4544 nneh
619 4490 667 4544 der
684 4489 893 4561 genehnlr'chen
905 4491 1000 4546 Lesert
1016 4491 1065 4546 der
1078 4491 1151 4546 LXX
1169 4491 1214 4546 ein
1228 4494 1233 4560 λ
1249 4492 1288 4548 10
1306 4487 1353 4546 δαί
1368 4509 1402 4562 γε
1418 4493 1529 4548 TLond.

227 4571 273 4630 έπί
289 4592 321 4630 τε
339 4574 388 4630 Ox.
395 4575 455 4630 Del.
471 4577 475 4644 Ι
490 4575 530 4632 20
549 4569 566 4645 ἢ
583 4570 659 4645 τοὺς]
677 4568 695 4644 ἢ
712 4593 792 4640 τινας
808 4578 945 4630 vermubet
955 4575 1015 4630 Del.
1028 4576 1050 4644 (1
1063 4577 1114 4631 249
1124 4579 1205 4630 Anm.
1218 4577 1253 4644 s),
1270 4569 1404 4642 καὶτοὺς
1421 4577 1452 4632 11.
1464 4578 1528 4634 Klo-

227 4663 368 4715 sbermann
382 4661 387 4728 Ι
402 4660 440 4717 27
460 4655 502 4730 δὴ]
520 4657 550 4716 δὲ
566 4659 648 4728 Angl.
666 4659 721 4728 (bei
738 4659 798 4715 Del.
816 4659 829 4712 Ι
846 4659 933 4728 925⁸).
1461 4661 1463 4666 ’

1271 4745 1325 4800 24*
