3780 5538
368 477 427 538 284
905 472 1131 526 ΩΡΙΡΕΝΟΥΣ

366 629 472 703 πάλιν
493 628 735 720 ἀπολογεῖσθαι
756 631 843 721 πρὸς
865 633 906 705 τὸ
928 628 1001 704 κάν
1023 637 1065 704 ἐν
1087 629 1325 721 ἀνθρώποις
1347 637 1510 716 βασιλέα
1531 629 1673 718 κελεύῃ

367 737 410 802 σέ
438 760 500 814 τις
526 726 790 820 ὁρκωμοτεῖν,
813 730 903 804 οὐδὲ
926 739 1048 804 τοῦτο
1072 730 1216 804 έεινύν.
1260 737 1421 803 δέδοται
1445 729 1515 819 γάρ
1537 729 1671 820 τούτῳ

368 829 415 902 τὰ
442 833 507 901 ἐπὶ
537 835 618 920 γῆς,
651 838 717 901 καὶ
744 826 762 904 ά
790 861 828 903 τι
854 827 902 902 ἀν
924 830 1128 920 λαμβάνῃς
1151 837 1191 903 ἐν
1214 839 1268 922 τῷ
1291 839 1372 921 βίῳ,
1395 828 1500 918 παρά
1523 828 1674 902 τούτου

368 927 592 1019 λαμβάνεις.
636 927 728 1019 ἡμεῖς
755 937 792 1002 δέ
815 959 925 1020 φαμεν
952 925 1007 1003 ὅτι
1033 929 1074 1002 ού
1093 928 1236 1014 πάντως
1266 936 1428 1001 δέδοται
1458 928 1593 1019 τούτῳ
1625 927 1673 1000 τά

333 1034 432 1100 ῦέπί
455 1035 523 1118 γῆς
546 1022 622 1114 ὅλα,
650 1027 724 1102 οὐδ’
748 1025 767 1103 ά
793 1061 832 1103 τι
855 1026 902 1102 άν
924 1027 1184 1119 λαμβάνωμεν
1206 1034 1247 1101 έν
1269 1035 1323 1119 τῷ
1346 1037 1432 1120 βίω,
1456 1028 1560 1116 παρά
1583 1027 1672 1100 τού-

368 1157 439 1201 του
461 1125 720 1217 λαμβάνομεν.
756 1137 893 1214 δικαίως
915 1129 977 1220 γάρ
999 1137 1054 1202 καὶ
1077 1137 1190 1212 καλῶς
1212 1127 1500 1218 λαμβάνοντες,
1518 1125 1587 1200 ἀπὸ
1610 1135 1674 1200 τοῦ

368 1233 451 1299 θεοῦ
480 1234 536 1298 καί
567 1235 628 1318 τῆς
649 1238 813 1316 προνοίας
834 1227 941 1302 αύτού
967 1227 1231 1317 λαμβάνομεν,
1261 1229 1336 1299 οῖον
1359 1224 1500 1317 ἡμέρους
1521 1227 1671 1315 καρπούς

366 1333 421 1397 καὶ
448 1322 563 1416 άρτον,
585 1337 786 1418 στηρίζοντα
808 1335 969 1418 ,καρδίαν
992 1325 1213 1417 άνθροίπου,“
1232 1337 1289 1399 καὶ
1312 1327 1375 1418 τὴν
1395 1333 1548 1416 προσηνῆ
1571 1323 1670 1414 ἀμπε-

368 1439 431 1498 λον
461 1434 517 1497 καὶ
548 1429 655 1513 οἶνον,
686 1425 915 1518 εὐφραίνοντα
945 1433 1106 1516 ,καρδίαν
1136 1424 1354 1516 άνθριύπου.“
1397 1425 1482 1498 ἀλλά
1509 1433 1565 1496 καὶ
1591 1425 1673 1508 τούς

316 1542 349 1595 10
369 1531 428 1615 τῆς
460 1529 571 1610 ἐλαίας
597 1527 748 1616 καρπούς
778 1525 846 1599 ἀπὸ
878 1533 939 1616 τῆς
969 1535 1132 1615 προνοίας
1160 1531 1277 1616 ἔχομεν
1305 1533 1367 1597 τοῦ
1389 1533 1474 1598 θεοῦ
1497 1531 1580 1610 ,τοῦ
1601 1530 1671 1596 ίλα-

367 1631 463 1712 ρῦναι
484 1621 674 1714 πρόσωπον
696 1633 733 1698 ἐν
753 1632 884 1717 ἐλαίῳ.“

448 1747 591 1812 LXVIII.
628 1739 706 1814 Εἶθ’
729 1744 803 1834 ἑξῆς
830 1767 935 1833 φησιν
962 1739 981 1814 ὁ
1006 1749 1131 1824 Κέλσος
1154 1737 1209 1813 ὅτι
1236 1740 1281 1813 ού
1306 1741 1377 1832 γρι]
1400 1739 1585 1814 άπιστεῖν
1607 1737 1671 1812 ἀν-

366 1846 431 1929 δρὶ
453 1837 620 1932 ἀρχαίῳ,
642 1839 768 1914 πάλαι
789 1839 1032 1932 προειπόντι
1053 1837 1111 1912 τό·

492 1957 549 2040 είς
570 1959 766 2044 βασιλεύς,
790 1959 818 2049 ᾠ
842 1961 964 2030 ἔδωκε
986 1954 1145 2046 Κρόνου
1166 1977 1259 2042 παῖς
1282 1953 1577 2049 ἀγκυλομήτεω.

315 2102 348 2154 15
366 2082 423 2145 καὶ
444 2079 607 2164 ἐπιφέρει·
637 2073 701 2160 αίς,
729 2071 776 2146 ἀν
803 2081 925 2147 τοῦτο
954 2073 1072 2160 λύσῃς
1095 2073 1140 2145 τὸ
1163 2071 1301 2164 δόγμα,
1325 2071 1494 2156 εἰκότως
1516 2071 1671 2162 ἀμυνεῖ-

281 2191 348 2246 211ν
367 2178 432 2244 ταί
462 2197 502 2245 σε
533 2170 763 2258 ύβασιλεύς.
807 2179 838 2244 εί
859 2173 931 2263 γάρ
954 2172 999 2244 τὸ
1022 2169 1119 2245 αύτύ
1144 2170 1460 2262 σοιΙποιήσειαν
1482 2166 1670 2255 άπαντες,

367 2271 484 2344 ούδὲν
512 2272 682 2344 κωλύσει
712 2273 786 2345 τὸν
815 2280 885 2363 μὲν
914 2280 1241 2363 καταλειφθῆναι
1266 2269 1392 2356 μόνον
1420 2278 1485 2342 καὶ
1509 2273 1670 2360 ἔρημον,

366 2371 413 2442 τά
449 2367 482 2442 δ’
505 2377 569 2444 έπὶ
605 2379 673 2462 γῆς
708 2375 772 2444 ἐπὶ
803 2392 889 2456 τοῖς
920 2369 1204 2460 ἀνομωτάτοις
1235 2401 1277 2442 τε
1307 2380 1372 2441 καὶ
1399 2367 1672 2460 ἀγριωτάτοις

365 2467 581 2561 βαρβάροις
614 2479 815 2560 γενέσθαι,
846 2480 911 2542 καὶ
937 2470 1035 2561 μήτε
1062 2478 1132 2560 τῆς
1154 2478 1222 2560 σῆς
1244 2479 1461 2560 θρησκείας
1482 2467 1580 2560 μήτε
1602 2475 1671 2558 τῆς

314 2566 566 2690 ροάληθινῆς
595 2579 738 2658 σοφίας
768 2575 809 2642 ἐν
839 2567 1076 2661 ἀνθρώποις
1107 2573 1168 2641 έτι
1198 2577 1515 2642 καταλείπεσθαι
1547 2573 1670 2650 κλέος.

367 2679 423 2753 είς
443 2677 505 2760 μὲν
527 2699 592 2742 ουν

1014 2774 1172 2858 κοίρανος
1196 2772 1292 2852 ἔστω,

490 2868 546 2953 είς
568 2869 766 2956 βασιλεύς,

367 2976 371 3059 Ι
395 2966 456 3060 οὐκ

315 3094 347 3150 25
788 3059 816 3158 ᾦ
841 3071 963 3140 ἔδωκε
986 3063 1145 3156 Κρόνου
1165 3087 1258 3150 παῖς
1280 3064 1577 3158 ἀγκυλομήτεω,

366 3176 492 3275 άλλόά
526 3189 671 3256 ἔδωκεν
703 3177 721 3255 ά
752 3193 930 3256 καθιστῶν
965 3193 1162 3273 ,βασιλεῖς
1189 3191 1265 3255 καὶ“
1294 3190 1469 3272 μεθιστιῦν
1501 3189 1576 3268 ,καὶ
1607 3181 1670 3254 τὸν

365 3283 547 3375 χρήσιμον(
568 3283 656 3355 κατά
684 3282 804 3373 καιρὸν
835 3290 974 3374 ἐγείρων
1005 3289 1066 3356 ἐπὶ
1094 3290 1155 3373 τῆς
1178 3291 1257 3374 γῆς·
1285 3293 1341 3355 καί
1363 3281 1423 3372 ούχ
1445 3278 1464 3354 0‘
1487 3289 1549 3354 τοῦ
1569 3311 1669 3354 κατα-

367 3391 667 3474 ταρταρωθέντας,
695 3381 742 3466 ως
764 3388 797 3454 οἱ
818 3389 922 3472 μῦθοι
942 3379 1114 3473 Ἑλλήνων
1136 3391 1282 3472 λέγουσι,
1306 3379 1465 3472 Κρόνου
1492 3379 1564 3464 υίὸς
1590 3378 1668 3453 ἀπεὲ

450 3588 542 3645 8-11
562 3585 625 3658 Vgl.
643 3588 716 3644 Psal.
737 3589 793 3656 103,
812 3589 852 3642 15.
871 3617 904 3626 —
924 3587 964 3652 14
986 3587 1095 3654 Homer,
1113 3587 1144 3642 ll.
1162 3588 1263 3644 11205.
1282 3617 1314 3626 —
1333 3587 1371 3642 21
1391 3586 1453 3656 Vgl.
1466 3585 1625 3650 Homer,'ll.
1643 3587 1669 3640 11

365 3673 426 3728 204.
445 3673 503 3729 205.
522 3702 554 3712 -
572 3671 610 3728 22
629 3690 656 3728 ιι.
675 3673 713 3728 25
731 3673 840 3738 Homer,
858 3671 891 3725 Il.
909 3673 934 3725 II
952 3673 1010 3727 205.
1029 3702 1062 3712 —
1080 3672 1119 3728 26
1138 3672 1201 3742 Vgl.
1219 3671 1288 3728 Dan.
1301 3673 1324 3734 2,
1337 3673 1378 3726 21.
1396 3701 1430 3712 —
1448 3671 1511 3740 Vgl.
1529 3671 1578 3726 Sir.
1591 3672 1632 3736 10,
1644 3674 1669 3726 4.

366 3787 398 3796 -
417 3757 454 3812 27
479 3755 542 3825 Vgl.
561 3757 721 3827 Apollodor,
739 3756 810 3812 BibI
829 3758 883 3812 16.
903 3759 917 3812 7
936 3757 969 3824 (2,
989 3757 1022 3826 1).
1397 3762 1400 3768 '

451 3957 465 4014 1
484 3953 704 4029 ἀπολογεῖσθαι]
723 3962 778 4029 λογ
794 3958 880 4013 verkl.
898 3962 923 4013 A
942 3956 948 4026 Ι
966 3951 1143 4028 ἀνθρώποις]
1163 3951 1181 4012 ἀ
1198 3958 1227 4012 in
1245 3959 1388 4013 correctur
1406 3961 1430 4012 A
1445 3959 1449 4026 Ι
1464 3951 1563 4026 κελεύη
1580 3957 1607 4009 Α
1624 3973 1668 4011 κε·

365 4037 453 4112 λεύσρ
471 4043 607 4112 MAusgg.
632 4044 637 4112 Ι
661 4043 679 4098 2
697 4043 795 4113 τοῦτο]
813 4047 882 4098 τοῦτ
901 4041 985 4097 verkl.
1004 4043 1029 4096 A
1052 4044 1056 4110 Ι
1076 4037 1177 4116 τούτῳ]
1196 4038 1212 4098 ύ
1230 4061 1277 4098 αυτ
1295 4048 1311 4097 ῦ
1328 4059 1396 4098 corr.
1414 4045 1438 4095 A
1454 4043 1458 4109 Ι
1478 4041 1496 4097 8
1514 4041 1565 4115 βίῳ
1584 4039 1669 4095 verkl.

366 4128 390 4178 A
407 4129 410 4195 Ι
426 4127 446 4182 4
463 4122 577 4192 πάντως
589 4128 614 4180 A
632 4123 726 4196 πάντῃ
737 4126 873 4196 MAusgg.
889 4127 893 4194 Ι
908 4121 1011 4200 τούτῳ]
1029 4145 1083 4182 του
1100 4127 1184 4182 verkl.
1198 4131 1223 4182 A
1237 4129 1276 4196 Ιθ
1295 4123 1489 4198 λαμβάνομεν]
1506 4129 1543 4182 λα
1561 4143 1631 4195 ganz
1643 4141 1669 4180 u.

365 4231 386 4278 μ
404 4212 472 4266 halb
490 4212 576 4267 verkl.
594 4215 619 4266 A
642 4213 647 4278 Ι
670 4213 685 4266 7
706 4211 856 4282 προνοίας]
875 4229 896 4265 π
913 4211 999 4266 vorkl.
1017 4216 1042 4267 A
1065 4213 1069 4280 Ι
1094 4212 1112 4267 8
1132 4211 1311 4282 στηρίζοντα]
1330 4213 1381 4280 ζον
1398 4211 1484 4266 verkl.
1502 4214 1527 4266 A
1546 4213 1550 4276 Ι
1569 4211 1586 4265 θ
1603 4228 1670 4280 καρ-

366 4297 436 4366 δίαν]
455 4315 473 4351 κ
491 4296 577 4352 verkl.
595 4301 620 4352 A
635 4298 639 4364 Ι
656 4297 695 4353 10
713 4289 826 4366 ἔχομεν]
847 4289 878 4365 ἔγ
897 4295 982 4350 verkl.
1001 4299 1025 4350 A
1040 4299 1044 4364 Ι
1060 4287 1192 4369 ίλαρύναι
1211 4300 1235 4350 A
1251 4299 1255 4365 Ι
1272 4297 1309 4352 12
1329 4293 1451 4366 Κέλσος]
1469 4293 1503 4351 κέ
1521 4294 1607 4350 verkl.
1624 4298 1648 4348 A
1665 4295 1669 4362 Ι

367 4381 406 4436 14
429 4374 476 4451 είς]
500 4377 525 4436 εί
546 4382 633 4438 verkl.
650 4385 675 4436 A
698 4383 703 4450 Ι
729 4381 765 4438 15
791 4381 889 4450 τοῦτο]
913 4380 962 4434 das
984 4384 1054 4436 ετείε
1075 4400 1092 4436 τ
1115 4381 1200 4435 verkl.
1218 4385 1243 4436 A
1266 4383 1271 4450 Ι
1293 4381 1331 4437 21
1361 4373 1400 4446 είς
1417 4377 1471 4448 μὲν
1487 4381 1511 4433 A
1529 4374 1624 4446 εἰμὲν
1641 4379 1670 4432 Μ

366 4468 467 4535 Ausgg.
488 4468 492 4533 Ι
512 4467 551 4522 22
575 4483 624 4520 vor
641 4466 779 4534 κοίρανος
795 4474 826 4530 -Ι-
844 4459 883 4531 είς
899 4467 996 4520 111011·
1003 4470 1105 4535 Ausgg.
1126 4469 1130 4534 Ι
1150 4465 1187 4521 25
1206 4459 1292 4522 ἔδωκε
1309 4465 1508 4520 HomerPDel.
1526 4462 1628 4520 δέδωκε
1645 4467 1671 4518 A

365 4549 416 4604 Ηό.
427 4549 470 4620 Sp.
495 4552 499 4617 Ι
524 4549 563 4604 26
590 4551 724 4620 βασιλεῖς]
744 4570 758 4616 ς
775 4552 916 4606 εελοιυίιεο
936 4555 958 4606 A
982 4555 987 4620 Ι
1009 4553 1058 4606 καί
1077 4553 1136 4618 (vor
1152 4550 1318 4618 μεθιστῶνΙ]
1337 4568 1366 4604 αι
1384 4549 1525 4604 erloschen
1543 4552 1568 4603 A
1583 4551 1587 4614 Ι
1602 4549 1671 4615 μεθ·

366 4634 461 4702 ιστοῖν]
479 4651 516 4701 με
534 4633 676 4690 erloschen
692 4637 717 4688 A
733 4637 737 4703 Ι
753 4635 790 4694 27
810 4632 1135 4708 καταταρταρωθέντας]
1154 4653 1192 4689 κα
1211 4634 1351 4690 erloschen
1369 4635 1400 4688 A.
