3790 5526
578 501 679 556 ΚΑΤΑ
702 503 862 558 mmor
885 503 924 560 vl
946 503 1046 559 3637.
1064 505 1105 558 38.
1123 503 1164 558 39.
1463 510 1520 572 107

212 667 315 750 μηδὲν
341 657 492 750 ἐχόντων
522 661 642 735 κοινόν
672 663 758 753 πρός
788 669 906 748 έκεῖνο,
936 663 990 735 διὰ
1020 671 1123 754 μέσου
1152 658 1239 735 ἄλλ’
1271 658 1374 735 όττα
1405 669 1520 748 εἰπεῖν,

213 762 439 845 ἐπαναλαβσόν
461 760 503 832 τὰ
525 766 667 834 ἐκείνων
691 761 834 852 ὦσπερεί
862 760 1078 853 <ήμ>ετέρων.
1116 770 1198 852 φησί
1225 761 1302 852 γάρ·
1328 769 1463 853 θαῦμα
1486 758 1520 836 δ’

215 855 350 931 αὐτῶν
371 856 439 949 σύχ
461 853 604 950 ήκιστα
624 867 770 934 ἐκεῖνο·
793 868 1033 954 ἐξηγοῦνται
1054 859 1126 952 γάρ
1149 891 1243 934 τινα
1268 863 1414 950 μεταξὺ
1436 870 1519 934 τῶν

213 955 521 1048 ύπερουρανίων
557 958 749 1051 άνωτέρω
785 961 945 1034 κύκλων
980 967 1312 1052 ἐπιγεγραμμένα,
1347 957 1447 1032 ἄλλα
1477 991 1520 1034 τε

179 1064 276 1130 ὁκαὶ
300 1057 369 1129 δύο
400 1055 515 1144 ἄττα,
542 1058 677 1148 μειξόν
708 1091 750 1134 τε
780 1068 843 1132 καὶ
872 1058 1114 1151 μικρότερον
1143 1063 1231 1132 υίοῦ
1260 1069 1325 1132 καί
1357 1056 1518 1149 πατρός.

213 1150 356 1249 εόρομεν
377 1154 406 1230 δ
429 1156 520 1248 ἡμεῖς
542 1165 579 1231 ἐν
601 1159 716 1252 τούτῳ
739 1169 790 1251 τῷ
814 1159 1082 1251 διαγράμματι
1103 1158 1167 1232 τόν
1187 1168 1349 1249 μείζονα
1369 1158 1519 1232 κύκλον

211 1266 267 1330 καί
290 1258 354 1331 τόν
374 1255 629 1349 μικρότερον,
662 1252 713 1332 τόν
739 1263 794 1331 ἐπὶ
821 1266 881 1350 τής
912 1266 1092 1350 διαμέτρου
1124 1265 1396 1350 ἐπεγέγραπτο
1426 1288 1518 1344 ,πα-

213 1356 286 1447 τήρ
308 1364 373 1428 καὶ
394 1358 515 1444 υίὸς“,
537 1366 592 1430 καί
614 1359 1029 1450 μεταξύτσῦμείζονσς,
1053 1364 1089 1430 ἐν
1111 1350 1139 1450 ηό
1163 1354 1182 1432 ό
1204 1355 1443 1450 μικρότερος
1466 1350 1518 1449 ήυ,

211 1464 266 1528 καὶ
285 1453 392 1530 άλλσυ
414 1465 629 1548 συγκειμένου
652 1464 688 1530 ἐκ
717 1458 777 1531 δύο
803 1457 974 1546 κύκλιον,
1006 1466 1071 1530 τσῦ
1099 1466 1161 1549 μέν
1190 1463 1359 1548 ἐξωτέρου
1388 1463 1520 1544 ξανθοῦ

162 1569 195 1624 10
211 1563 275 1627 τοῦ
305 1562 340 1628 δὲ
371 1561 541 1648 ἐνδοτέρω
572 1565 708 1644 κυανοῦ,
745 1556 787 1629 τό
823 1561 1164 1648 ἐπιγεγραμμένον
1196 1556 1388 1647 διάφραγμα
1423 1567 1518 1628 πελε-

129 1667 194 1722 151¹
213 1659 344 1744 Ικοειδεῑ
363 1655 514 1746 σχήματι,
541 1663 597 1728 καί
618 1654 783 1747 άνωτέρω
806 1663 866 1745 μὲν
889 1653 997 1728 αὐτοῦ
1024 1656 1176 1730 κύκλον
1204 1657 1329 1748 βραχύν
1356 1652 1516 1746 ἐχόμενον

212 1761 276 1825 τοῦ
295 1763 478 1843 μείζονος
509 1764 582 1828 τῶν
607 1763 794 1844 προτέρων,
826 1759 1144 1846 ἐγγεγραμμένον
1177 1761 1299 1846 ἔχοντα
1329 1753 1516 1846 ,,άγάπην“,

211 1859 399 1942 κατωτέρω
431 1862 466 1926 δὲ
498 1851 658 1945 ἐχόμενον
688 1862 752 1927 τοῦ
781 1853 930 1926 κύκλου
961 1861 1187 1945 γεγραμμένον
1218 1859 1339 1943 ἔχοντα
1369 1852 1516 1943 ,,ςωήν“·

212 1959 262 2042 τῷ
287 1958 322 2023 δὲ
345 1960 490 2043 δευτέρῳ
521 1953 657 2044 κύκλῳ
687 1959 928 2044 ἐνεγέγραπτο,
960 1961 1257 2045 περιπεπλεγμένον
1279 1961 1333 2025 καί
1356 1959 1516 2045 ἐμπεριει-

162 2067 194 2120 15
212 2048 340 2141 ληφότι
361 2047 486 2136 ἄλλους
516 2052 576 2124 δύο
605 2052 775 2136 κύκλους
805 2059 860 2124 καὶ
891 2049 975 2125 άλλο
1007 2060 1114 2144 σχῆμα
1144 2056 1343 2144 ῥομβοειδὲς,
1374 2060 1517 2139 ,σοφίας

211 2147 389 2239 πρόνοια,“
411 2159 466 2223 καί
488 2154 587 2223 ἐνδσν
613 2159 674 2242 μὲν
704 2158 765 2242 τῆς
795 2158 911 2242 κοινῆς
942 2150 1059 2225 αύτῶν
1088 2159 1194 2242 τομῆς
1223 2159 1366 2240 ,σοφίας
1388 2151 1516 2240 φύσις,“

211 2245 376 2338 άνωτέρω
407 2257 443 2322 δὲ
473 2258 534 2340 τῆς
565 2258 681 2341 κοινῆς
716 2250 834 2323 αὐτῶν
860 2257 966 2342 τομῆς
995 2252 1144 2334 κύκλος
1175 2244 1226 2340 ήν,
1258 2257 1295 2322 ἐν
1322 2243 1351 2343 ᾦ
1385 2256 1515 2340 ἐπεγέ-

210 2375 366 2438 γραπτο
384 2359 564 2439 ,ιλνωσις,“
590 2356 778 2440 κατωτέρω
799 2357 834 2422 δὲ
854 2346 967 2435 ἄλλος,
997 2355 1033 2422 ἐν
1063 2344 1091 2441 ηδ
1121 2356 1396 2441 ἐπεγέγραπτο
1418 2349 1516 2436 ,σύν-

212 2459 307 2531 εσις.“

159 2563 193 2618 20
292 2556 349 2619 καὶ
379 2557 488 2620 ταῦτα
519 2555 554 2621 δὲ
583 2547 839 2640 παρειλήφαμεν
869 2555 916 2633 είς
946 2551 1009 2620 τόν
1039 2549 1126 2620 κατὰ
1157 2555 1290 2622 Κέλσου
1321 2549 1434 2638 λόγον,
1461 2551 1517 2618 ἵνα

213 2643 483 2738 παραστήσωμεν
510 2666 583 2732 τοῖς
604 2646 843 2738 ἐντυγχάνουσι
866 2645 1074 2738 τρανότερον
1103 2653 1234 2721 ἐκείνου
1256 2653 1441 2738 ἐγνωκέναι
1462 2652 1517 2717 καί

212 2741 274 2816 ούκ
296 2750 333 2817 ἐκ
354 2745 651 2837 παρακουσμάτων
673 2747 715 2820 τά
737 2755 793 2818 καί
814 2743 871 2836 ὑφ’
895 2744 992 2837 ήμῶν
1014 2747 1303 2838 κατηγορούμενα.
1346 2753 1374 2818 εί
1396 2752 1430 2818 δέ
1452 2753 1515 2818 καί

208 2841 498 2934 ὑπισχνοῦνται
525 2851 558 2918 σί
581 2851 637 2918 ἐπὶ
664 2867 738 2932 τοῖς
765 2845 938 2930 τοιούτοις
966 2845 1207 2937 σεμνυνόμενοι
1227 2844 1401 2938 μαγικήν
1425 2875 1514 2918 τινα

208 2953 410 3035 γοητείαν,
432 2953 498 3016 καὶ
520 2943 628 3018 τοῦτ’
643 2951 753 3019 ἐστιν
771 2944 910 3030 αύτοίς
929 2956 934 3032 l
955 2944 999 3016 τὸ
1023 2953 1092 3036 τῆς
1114 2953 1257 3035 σοφίας
1278 2943 1513 3034 κεφάλαιον,
1535 2962 1584 3016 661

156 3059 190 3113 25
210 3040 302 3133 ἡμεῖς
331 3050 393 3134 μὲν
419 3041 460 3116 ού
490 3047 781 3134 διαβεβαιούμεθα,
815 3042 892 3118 ούδε
925 3045 989 3135 γάρ
1018 3045 1241 3136 ἱστορήσαμεν
1270 3045 1311 3117 τό
1340 3052 1514 3118 τοιοῦτον·

211 3149 336 3228 Κέλσος
358 3139 387 3213 δ
402 3138 445 3213 όν
459 3147 567 3234 εἰδείη,
590 3139 609 3215 ό
628 3143 792 3229 πολλάκις
814 3141 877 3235 ήδη
903 3141 1006 3228 άλοός
1028 3152 1333 3236 ψευδομαρτυριῶν
1354 3150 1410 3216 καὶ
1435 3141 1514 3217 άλό-

207 3271 280 3332 γων
294 3251 522 3332 κατηγοριῶν,
544 3242 696 3332 πότερον
710 3251 766 3314 καί
793 3249 830 3316 ἐν
853 3244 993 3327 τούτοις
1008 3243 1179 3333 ψεύδεται,
1203 3248 1231 3316 εί
1252 3274 1286 3314 τι
1308 3249 1384 3332 περί
1407 3271 1514 3314 τινων

207 3349 314 3429 ξένων
341 3352 396 3414 καὶ
418 3339 611 3429 άλλστρίων
637 3349 699 3433 τῆς
727 3351 875 3427 πίστεως
902 3350 1062 3416 τοιοῦτον
1087 3345 1292 3428 καταλαβών
1318 3349 1454 3429 ἐξέθετο
1477 3347 1513 3414 ἐν

208 3448 259 3531 τῷ
286 3444 409 3514 ἑαυτοῦ
430 3440 667 3532 συγγράμματι.

155 3581 189 3638 30
290 3562 431 3629 XXXIX
466 3561 552 3631 Εἶτα
573 3559 661 3648 πρὸς
676 3561 760 3643 τούς
779 3567 982 3650 χρωμένους,
1006 3554 1054 3643 τός
1070 3582 1162 3649 φησι,
1184 3567 1324 3651 μαγείᾳ
1345 3565 1427 3630 τινί
1449 3565 1513 3630 καὶ

292 3729 308 3784 1
329 3722 409 3800 ἄττα]
429 3719 503 3785 άττα
521 3730 599 3798 112
618 3723 810 3802 ἐπαναλαβών
826 3729 919 3783 Μέθη·
929 3734 1032 3799 Ausgg.
1050 3725 1243 3799 ἐπαναλαβεῖν
1259 3733 1284 3783 A
1299 3729 1303 3796 Ι
1319 3719 1444 3798 ὡσπερεί
1461 3727 1519 3806 Ηὸ.Ι

205 3829 251 3866 am
268 3812 355 3876 Rand.
374 3812 482 3884 Sp.Del.
500 3814 539 3868 im
555 3815 636 3881 Text;
655 3808 699 3870 ὡσ
716 3817 783 3887 περί
801 3818 825 3868 A
840 3817 844 3884 Ι
861 3809 1037 3886 <ίγμ>ετέρων
1055 3812 1178 3867 schreibe
1196 3813 1248 3877 ioh,
1268 3813 1323 3883 vgl.
1336 3814 1408 3867 oben
1425 3811 1451 3866 S.
1463 3813 1511 3868 106

204 3896 230 3952 Ζ.
243 3899 288 3961 31;
305 3892 553 3968 ἐτέρωνΔΑυεςς.
569 3899 609 3967 16
628 3893 688 3969 οὐχ]
704 3918 723 3969 χ
741 3899 770 3953 in
783 3899 962 3954 GorrecturA
977 3903 982 3966 ι
997 3898 1017 3954 4
1035 3891 1111 3952 ἄλλά
1126 3899 1194 3952 τεΔ
1210 3899 1213 3966 Ι
1230 3889 1342 3967 ὅᾶττα]
1356 3888 1463 3953 άτταΑ
1477 3897 1511 3965 Ιλ

204 3977 401 4053 ἐπεγέγραπτο
413 3982 576 4053 PMAusgg.
586 3981 781 4057 έπιγέγραπτο
794 3986 819 4038 A
834 3985 838 4052 Ι
854 3985 873 4042 8
886 3975 902 4038 ό
914 3993 946 4042 <
958 3983 1018 4039 Del.
1034 3987 1038 4048 Ι
1053 3983 1073 4037 9
1087 3975 1176 4037 ἄλλον
1189 3979 1376 4050 συγκειμένου
1388 3981 1511 4035 schreibe

203 4065 249 4120 ich
267 4066 319 4120 mit
336 4067 384 4122 Bo.
403 4065 500 4136 (Notae
519 4087 543 4139 p.
557 4069 626 4137 396),
646 4063 750 4133 ἄλλους
768 4067 971 4138 συγκειμένους
988 4070 1120 4136 AAusgg.
1136 4066 1140 4133 1
1158 4066 1197 4121 16
1215 4061 1367 4136 ἐνδοτέρου
1383 4065 1445 4120 lieet
1462 4066 1510 4121 Βο.

204 4150 302 4219 (Notae
319 4168 344 4221 p.
363 4151 424 4220 396)
441 4151 584 4220 unriohtig
603 4153 607 4221 Ι
629 4152 665 4208 19
685 4149 920 4225 ἐγγεγραμμένον
936 4155 962 4206 A
979 4147 1213 4222 έγγεγραμμένην
1229 4149 1386 4220 MAusgg.l
1410 4150 1448 4206 13
1465 4167 1509 4220 γε·

203 4233 373 4306 γραμμένον
389 4237 414 4290 A
431 4235 633 4308 γεγραμμένην
650 4240 753 4306 Ausgg.
773 4240 777 4304 Ι
799 4237 839 4292 14
857 4231 1050 4308 ἐνεγέγραπτο
1069 4235 1198 4303 PAusgg.
1216 4229 1377 4307 ἐνέγραπτο
1396 4236 1420 4287 A
1440 4236 1444 4303 Ι
1464 4229 1510 4302 έμ-

203 4319 409 4391 περιειληφότι]
429 4317 658 4392 ἐνπεριειληφότι
676 4325 701 4376 A
716 4323 720 4390 Ι
742 4323 780 4378 16
799 4317 924 4394 πρόνοια
941 4319 1065 4374 schreibe
1082 4319 1128 4373 ich
1146 4319 1200 4372 mit
1216 4320 1264 4374 Βο.
1282 4319 1380 4389 (Notae
1397 4337 1423 4390 p.
1441 4320 1510 4387 396),

202 4398 347 4476 πρόνοιαν
374 4406 528 4475 AAusgg.l
555 4405 590 4461 17
620 4401 817 4478 ἐπεγέγραπτο
841 4405 1014 4474 PMAusgg.
1046 4400 1240 4475 ἐπεγέγραπτο
1269 4408 1294 4459 A
1317 4405 1321 4472 Ι
1345 4404 1383 4460 22
1410 4396 1466 4474 ὕφ’]
1494 4424 1510 4458 υ

202 4489 231 4541 in
254 4489 397 4544 Goneetur
418 4492 442 4542 A
465 4491 470 4558 Ι
493 4490 531 4545 93
553 4483 686 4560 μαγικήν]
709 4495 722 4545 ἰ’
741 4489 771 4544 in
795 4490 938 4544 correctur
960 4493 985 4544 A
1008 4491 1012 4558 Ι
1035 4488 1071 4544 27
1098 4483 1128 4544 εί
1150 4481 1324 4559 ΑΗ6.6ρ.ἢ
1347 4490 1395 4548 Βο.
1414 4489 1510 4558 (Notae

202 4591 228 4643 p.
245 4574 306 4642 396)
323 4573 383 4632 Del.
398 4576 402 4642 Ι
418 4575 459 4631 69
476 4565 514 4640 ὡς
531 4577 601 4644 φησί
618 4578 643 4628 A
661 4567 720 4644 [δίς]
739 4591 809 4644 φησι
826 4574 929 4644 Ηὸ.6μ.
948 4575 1020 4643 φησί
1037 4572 1107 4640 Del„
1124 4571 1173 4628 dor
1191 4575 1213 4642 (1
1231 4575 1281 4631 661
1300 4576 1381 4630 Anm.
1394 4575 1420 4640 ε)
1439 4576 1510 4644 φησί

203 4656 295 4711 hinter
311 4663 431 4714 τοιαῦτα
449 4657 484 4728 (S.
504 4659 554 4716 108
571 4659 598 4715 Z.
616 4661 642 4728 2)
660 4659 759 4715 stellen
776 4659 843 4716 will.
