3790 5526
340 464 380 526 94
884 453 1110 510 ποινσιισνε

341 613 528 694 ἀνατολικὰ
554 623 753 706 τεταγμέναι
779 621 840 688 είσί
865 622 948 706 μέρη
975 613 1023 698 ῶς
1049 623 1195 704 πρῶται,
1226 618 1323 688 ποῖαι
1349 621 1386 688 δὲ
1411 619 1467 686 ἐπὶ
1492 613 1536 686 τά
1560 613 1650 686 κατά

341 723 423 801 λίβα.
438 711 492 806 <ἢ>
514 715 602 788 κατά
624 713 738 799 νότον,
761 723 816 788 καὶ
839 724 928 798 τίνες
951 719 984 787 αί
1004 714 1093 787 κατὰ
1107 712 1294 801 θάλασσαν,
1316 721 1373 786 καί
1387 721 1476 798 τίνες
1491 715 1524 786 σί
1539 723 1650 786 τελευ-

340 835 431 890 ταῖαι
452 815 541 889 κατά
562 817 697 904 βσβρἇν.
727 811 849 903 όιμεται
871 813 933 905 γάρ
958 813 1206 906 θεωρήματα
1227 813 1289 887 οῦκ
1311 810 1591 904 εὐκαταφρόνητα
1613 818 1650 885 ἐν

340 935 413 999 τοῖς
445 913 566 1000 τόποις
595 911 677 1000 οῦδ,
709 911 757 996 ῶς
789 921 918 999 Κέλσος
947 919 1063 999 σ’ίεται,
1102 923 1248 1003 μωρῶν
1278 941 1406 987 τινων
1436 909 1650 1002 ἀκροατῶν

306 1022 403 1086 εκαί
429 1012 694 1105 ἀνδραπόδων
722 1010 904 1102 δεόμενα·
937 1011 1138 1103 διαλήψεται
1163 1013 1237 1104 γάρ,
1264 1022 1354 1098 τίνες
1379 1019 1417 1086 ἐν
1443 1009 1568 1096 αῦτοῖς,
1594 1020 1650 1083 καὶ

340 1121 450 1204 <τίνα>
478 1115 521 1186 τά
547 1122 625 1205 περὶ
651 1120 713 1204 τῆς
739 1112 873 1201 φάσεως
899 1121 973 1188 τῶν
997 1119 1265 1204 κατειλεγμένων
1290 1119 1327 1186 ἐν
1355 1109 1471 1196 αῦτοῖς
1492 1109 1649 1203 ἀριθμῶν

339 1222 395 1286 καί
416 1219 708 1305 ἐφαρμσσθέντων
728 1210 851 1301 ἑκάστη
874 1221 976 1302 φυλῇ,
998 1223 1075 1303 περὶ
1097 1204 1148 1284 ῶν
1170 1220 1232 1284 νῦν
1254 1210 1333 1304 ἡμῖν
1353 1218 1515 1285 ἐκθέσθαι
1536 1215 1650 1298 ἔδοξεν

343 1312 404 1388 οῦκ
426 1311 583 1404 εῦκαιρον
605 1316 698 1386 εἶναι.

423 1418 509 1484 ἴστω
531 1418 566 1484 δὲ
589 1419 717 1496 Κέλσος
737 1421 793 1484 καὶ
815 1417 848 1484 σί
870 1409 1133 1502 ἐντυγχάνοντες
1148 1409 1255 1486 αῦτσῦ
1270 1419 1323 1504 τῷ
1342 1419 1459 1503 βιβλίῳ
1475 1406 1531 1484 ότι
1552 1407 1649 1483 σῦδα·

291 1527 324 1582 10
340 1519 406 1603 μσῦ
432 1520 506 1584 τῶν
532 1519 678 1602 γνησίων
703 1519 759 1584 καί
779 1520 886 1584 θείων
907 1519 1186 1602 πεπιστευμένων
1207 1521 1352 1603 γραφῶν
1378 1510 1477 1584 ἑπτά
1498 1515 1648 1601 εἴρηνται

341 1609 519 1701 οῦρανσί·
541 1608 614 1684 οὔτ’
638 1608 714 1684 άπὸ
729 1619 894 1697 Περσῶν
915 1605 1164 1702 ἢΚαβείρων
1184 1609 1376 1698 λαβόντες
1400 1607 1498 1701 ἡμῶν
1518 1615 1551 1682 σί
1565 1637 1647 1700 προ-

342 1717 448 1801 φῆται
474 1716 606 1800 λέγουσί
632 1739 709 1783 τινα
734 1707 805 1782 οῦδ
832 1714 865 1782 οί
890 1716 953 1782 τοῦ
973 1706 1079 1800 Ἰησοῦ
1104 1708 1292 1784 ἀπόστολοι
1314 1707 1384 1785 οῦδ
1410 1707 1514 1794 αῦτός
1536 1706 1555 1782 ό
1576 1708 1648 1792 υίὸς

342 1818 405 1883 τσῦ
425 1817 518 1884 θεοῦ.

422 1931 535 1998 XXIV.
563 1922 655 2016 Ἑξῆς
677 1931 712 1997 δὲ
734 1931 787 2016 τῶ
809 1920 877 1997 άπὸ
894 1931 968 1998 τῶν
984 1931 1188 2014 Μιθραῖκῶν
1209 1933 1410 2017 ληφθέντι
1434 1923 1526 2016 λόγῳ
1548 1931 1647 2015 ἐπαγ-

292 2043 324 2095 15
342 2034 496 2117 γέλλεται
523 2021 541 2097 ό
570 2032 698 2110 Κέλσος
724 2023 891 2116 τελετήν
916 2054 1007 2096 τινα
1034 2031 1293 2115 Χριστιανῶν
1323 2033 1464 2114 τελετῇ
1492 2053 1646 2115 προειρη-

342 2133 424 2217 μένη
446 2130 612 2214 Περσῶν
634 2123 706 2197 τὸν
728 2121 975 2214 βουλόμενον
1002 2123 1277 2214 συνεξετάσαι,
1304 2131 1430 2198 ταῦτα
1456 2121 1648 2215 άλλήλοις

341 2220 629 2312 παραβαλόντα
664 2231 727 2296 καί
762 2224 1027 2314 γυμνῶσαντα
1056 2233 1120 2296 καί
1150 2224 1198 2298 τά
1228 2230 1502 2314 Χριστιανῶν,
1539 2218 1647 2296 οῦτω

341 2321 567 2396 θεάσασθαι
597 2323 671 2414 τὴν
699 2322 899 2411 διαφοράν
927 2321 1069 2398 αῦτῶν.
1111 2334 1165 2396 καί
1197 2317 1286 2398 όπου
1316 2329 1377 2414 μὲν
1398 2319 1471 2412 ᾔδει
1497 2318 1648 2413 όνόματα

342 2429 448 2496 είπεῖν
473 2427 644 2508 αἱρέσεων,
671 2419 732 2496 σῦκ
759 2419 911 2512 ῶκνησεν
938 2428 1102 2496 ἐκθέσθαι
1127 2421 1167 2509 άς
1192 2421 1300 2496 ἐδόκει
1327 2427 1462 2496 εἰδέναι·
1499 2417 1587 2495 όπου
1612 2429 1647 2494 δὲ

291 2545 325 2599 20
341 2529 473 2612 μᾶλλον
504 2525 613 2611 ἐχρῆν,
650 2527 741 2612 εἴπερ
770 2518 948 2612 ἠπίστατο,
985 2529 1089 2595 τοῦτο
1125 2531 1264 2614 ποιῆσαι
1298 2532 1355 2596 καὶ
1390 2520 1530 2609 διδάξαι,
1565 2529 1647 2595 ποία
1691 2587 1694 2592 A

343 2623 466 2709 αίρεσις
478 2626 599 2710 χρῆται
613 2627 666 2712 τῶ
684 2627 986 2693 διατυπωθέντι
1008 2621 1287 2714 διαγράμματι,
1310 2619 1405 2696 τοῦτ’
1422 2621 1462 2696 οῦ
1476 2631 1647 2713 πεποίηκε.

258 2743 326 2798 146v
426 2726 518 2791 δοκεῖ
542 2726 547 2807 Ι
576 2725 615 2791 δέ
640 2749 698 2808 μοι
726 2727 782 2792 καί
810 2725 848 2794 ἐκ
878 2719 1016 2794 τοότων
1045 2727 1082 2794 ἐκ
1111 2720 1407 2814 παρακουσμάτων
1432 2717 1648 2812 άσημοτάτης

343 2823 501 2909 αίρέσεως
529 2814 698 2905 Ὀφιανῶν
724 2821 815 2908 οἶμαι
845 2825 1059 2894 ἐκτεθεῖσθαι
1091 2821 1133 2893 τά
1162 2829 1225 2893 τοῦ
1253 2823 1549 2912 διαγράμματος
1578 2819 1646 2894 άπὸ

342 2924 471 3010 μέρους.
513 2917 629 3009 τούτῳ
655 2915 684 2988 δ
711 2915 804 3009 ἡμεῖς
828 2920 917 2993 κατά
944 2919 985 2993 τό
1015 2927 1204 3011 φιλομαθὲς
1232 2917 1331 3012 ἡμῶν
1359 2920 1646 3012 περιτετεῦχαμεν,

291 3040 324 3096 25
343 3024 380 3092 ἐν
405 3010 434 3109 ᾧ
462 3011 604 3109 εῦρσμεν
624 3020 804 3110 πλάσματα
829 3018 1040 3110 άνθρῶπων,
1068 3018 1116 3104 ῶς
1142 3016 1161 3092 ῦ
1183 3027 1320 3104 Παῦλος
1345 3017 1529 3111 ῶνόμασεν,
1556 3025 1647 3092 ἐνδυ-

344 3115 479 3190 υόντων
500 3121 567 3204 ,,εἰς
587 3116 650 3201 τάς
671 3123 779 3204 οἰκίας
802 3131 879 3192 καὶα
901 3117 1224 3211 αίγμαλωτιζόντων
1244 3121 1463 3211 ,γυναικάρια
1488 3142 1648 3208 σεσωρευ-

341 3225 425 3304 μένα
450 3214 633 3308 άμαρτίαις,
661 3215 806 3308 άγόμενα
832 3225 1023 3309 ἐπιθυμίαις
1048 3228 1227 3306 ποικίλαις,
1252 3221 1405 3293 πάντοτε
1424 3221 1648 3310 μανθάνοντα

341 3326 397 3390 καὶ
428 3323 597 3408 μηδέποτε
627 3323 674 3401 είς
702 3322 886 3408 ἐπίγνωσιν
914 3316 1077 3409 ἀληθείας
1106 3325 1220 3392 ἐλθεῖν
1250 3321 1445 3410 δυνάμενακ
1488 3314 1583 3392 σῦτω
1612 3324 1647 3390 δέ

342 3424 454 3490 πᾶσαν
479 3412 721 3507 άπιθανότητα
747 3419 813 3507 είχε
837 3418 879 3491 τὸ
906 3417 1140 3509 διάγραμμα,
1168 3418 1216 3503 ῶς
1240 3427 1323 3510 μηδὲ
1347 3419 1392 3492 τὰ
1417 3416 1648 3509 εὐεξαπάτητα

293 3539 327 3594 30
342 3517 580 3607 ,,γυναικάρια“
601 3522 684 3608 μηδὲ
705 3517 800 3601 τοὺς
825 3513 1142 3609 άγροικοτάτσυς
1163 3527 1219 3590 καί
1239 3515 1298 3608 ὐφ’
1321 3516 1524 3592 σῦτινοσσῦν
1546 3529 1647 3590 πιθα-

345 3623 407 3688 νοῦ
434 3616 580 3706 έτσίμως
610 3619 750 3705 ἔχοντας
776 3613 916 3707 άγεσθαι
942 3630 1266 3707 συγκατατεθεῖσθαι
1291 3625 1343 3709 τῷ
1371 3619 1647 3708 διαγράμματι.
1681 3644 1684 3650 ’

344 3712 453 3788 οῦδενί
480 3721 574 3806 γοῦν,
600 3721 711 3788 καίτοι
737 3745 774 3807 γε
798 3717 948 3802 πολλοῦς
973 3714 1251 3808 ἐκπεριελθόντες
1277 3715 1404 3802 τόπους
1430 3725 1491 3810 τῆς
1513 3724 1573 3810 γῆς
1592 3725 1648 3787 καὶ

430 3886 469 3942 10
491 3885 554 3956 vgl.
572 3887 706 3950 Ιτεσαευε,
723 3887 794 3941 Adv.
811 3887 885 3942 haer.
904 3889 957 3952 11,
976 3890 1001 3945 9.
1022 3919 1056 3928 -
1078 3889 1117 3944 22
1141 3889 1205 3958 vgl.
1224 3889 1296 3944 oben
1312 3889 1352 3943 111
1370 3889 1411 3956 13,
1429 3889 1441 3942 1
1459 3889 1510 3944 213
1528 3889 1554 3942 Ζ.
1572 3889 1597 3944 9.
1614 3917 1648 3928 -

344 3966 384 4106 1245
403 3965 516 4107 ἕμέᾒ
530 3966 600 4107 ’1ξὲυὲ
619 3971 642 4033 3,
661 3973 684 4027 6.
704 3974 726 4025 7.
750 4003 782 4012 -
806 3972 846 4028 θθ
868 3971 931 4042 vgl.
950 3973 1020 4028 oben
1037 3975 1077 4028 111
1095 3976 1136 4038 75,
1154 3975 1166 4027 I
1185 3976 1234 4030 267
1252 3974 1279 4028 Z.
1296 3975 1337 4030 20.
1368 3974 1407 4028 VI
1426 3978 1449 4040 1,
1467 3973 1492 4028 S.
1512 3976 1545 4030 70
1561 3973 1588 4028 Ζ.
1607 3974 1647 4028 12.

428 4203 445 4256 2
467 4203 531 4275 λίβα
549 4198 594 4274 (ἢ)
613 4203 737 4259 εαέιιοίίιε
754 4205 807 4270 ich,
826 4207 880 4276 vgl.
898 4207 996 4263 Ευοοίι.
1009 4211 1050 4274 47,
1064 4210 1104 4264 19.
1129 4208 1228 4263 Herod.
1241 4209 1266 4262 II
1279 4209 1325 4276 25;
1348 4208 1412 4280 λίβα
1430 4208 1479 4263 καί
1497 4207 1647 4276 ΜίΑατμμ.

343 4287 468 4357 λίβανΔ
489 4288 493 4354 Ι
515 4288 534 4343 3
556 4281 710 4359 βσρράνΑ
730 4293 734 4359 Ι
755 4292 773 4347 ῦ
795 4291 870 4356 τίνες
886 4293 965 4348 Anu.
982 4311 1046 4348 τινα
1064 4292 1108 4362 Sp.
1126 4311 1168 4357 τις
1185 4291 1229 4346 Jol
1242 4291 1301 4346 Del.
1323 4293 1328 4361 Ι
1349 4286 1455 4363 αὐτοῖς]
1474 4287 1574 4356 αὐταῖς
1590 4309 1647 4345 ver·

344 4374 438 4425 muten
455 4370 506 4426 fla.
513 4372 555 4443 Sp.
574 4389 621 4426 ειιι
638 4373 717 4428 Βεαδ
741 4378 744 4444 ί
769 4379 788 4432 θ
816 4377 919 4444 (τίνα),
942 4378 991 4432 τίσι
1009 4394 1059 4432 vor
1075 4369 1110 4430 τά
1129 4377 1213 4432 ίείσίιί
1231 4376 1365 4430 ευείελίεα
1383 4376 1501 4438 hornuto,
1519 4376 1585 4444 suge
1602 4375 1648 4428 ioh

345 4455 386 4508 als
403 4456 561 4525 notwendig
578 4457 623 4511 ein
642 4461 646 4526 Ι
666 4453 772 4528 αὐτοῖς]
792 4455 892 4526 αὐταῖς
910 4465 1050 4516 εειῐσυίειι
1068 4459 1168 4532 Ηδθρ.
1186 4479 1231 4515 am
1249 4461 1327 4514 Rand
1347 4463 1351 4530 Ι
1372 4461 1410 4517 15
1428 4454 1527 4530 τελετὴ
1543 4465 1568 4515 A
1583 4461 1588 4528 1
1609 4459 1645 4516 17

344 4536 553 4611 παραβαλόντα
571 4541 706 4612 MAusgg.
724 4539 932 4615 παραλαβόντα
950 4548 975 4598 Α
998 4547 1002 4613 Ι
1027 4547 1065 4602 19
1091 4545 1182 4600 ίιίοθω
1199 4543 1340 4600 ἐκθέσθαι
1357 4553 1389 4610 ÷
1406 4540 1487 4615 <τῆ>ν
1504 4548 1648 4616 διαφοράν

346 4642 451 4691 αυτων,
470 4624 514 4679 die
533 4627 622 4679 ersten
640 4626 739 4682 beiden
758 4629 867 4684 Βυσίεεί.
886 4630 1037 4694 ειίοεσίιεα,
1056 4630 1105 4684 das
1123 4630 1216 4686 Ganze
1233 4630 1395 4701 expungiert
1413 4633 1445 4684 Δ.
