3758 5564
339 425 400 488 366
878 419 1103 474 αεινανονε

423 592 449 652 5.
486 573 505 650 ό
520 583 556 650 δὲ
573 587 707 663 Παῦλος
723 589 896 672 ,,νηπίοις“
913 577 1149 671 διαλεγόμενος
1168 588 1224 651 καί
1239 579 1347 668 ,κατά
1363 576 1574 668 ἄνθρωπονίί
1589 610 1646 652 πε-

341 685 519 766 ριπατοῦσι
535 686 733 767 Κορινθίοις
753 689 846 772 φησί·
868 679 974 770 ,γάλα
992 677 1076 769 ύμᾶς
1096 677 1250 766 ἐπότισα,
1267 677 1308 753 ού
1327 689 1457 770 βρῶμα·
1482 678 1646 770 ούπωγὰρ

341 777 511 850 ἐδύνασθε.
547 775 622 850 ἄλλ’
642 777 720 852 ούδὲ
742 781 792 850 ἔτι
814 787 879 852 νῦν
901 778 1060 851 δύνασθε·
1085 784 1134 852 ἔτι
1156 777 1219 868 γάρ
1241 785 1315 850 έστε
1337 777 1510 868 σάρκινοιίί
1532 789 1587 851 καί
1609 783 1646 850 έν

341 886 385 968 τῇ
399 877 485 966 πρὸς
498 873 688 966 Ἑβραίους·
711 888 787 964 ,καὶ
801 877 961 970 γεγόνατε
979 888 1093 968 χρείαν
1112 883 1246 968 ἔχοντες
1261 876 1439 968 γάλακτος,
1455 875 1497 950 ού
1511 886 1647 966 στερεᾶς

272 990 323 1045 25¹
342 983 480 1067 τροφῆς.
520 984 587 1060 πῶς
609 977 671 1067 γάρ
699 975 718 1050 ό
744 985 896 1068 μετέχων
917 976 1087 1068 γάλακτος
1106 989 1110 1063 Ι
1129 975 1268 1068 ἄπειρος
1294 975 1399 1067 λόγου
1424 978 1646 1068 δικαιοσύνης,

341 1076 462 1168 νήπιος
482 1073 545 1164 γάρ
566 1083 650 1148 έστι·
672 1085 814 1150 τελείων
836 1083 873 1150 δέ
886 1081 979 1148 ἐστιν
1001 1075 1021 1166 ή
1043 1077 1160 1165 στερεά
1176 1077 1298 1168 τροφή,
1321 1085 1395 1149 τῶν
1416 1077 1470 1148 διά
1492 1077 1556 1168 τήν
1579 1079 1647 1162 ἕξιν

342 1177 385 1248 τὰ
407 1174 611 1266 αἰσθητήρια
639 1183 887 1267 γεγυμνασμένα
912 1174 1063 1265 ἐχόντων
1088 1175 1175 1266 πρὸς
1202 1175 1366 1265 διάκρισιν
1393 1182 1501 1247 καλοῦ
1529 1185 1646 1250 τεκαὶ

340 1282 477 1348 κακοῦ.“
520 1278 586 1365 έγῶ
609 1281 645 1346 δὲ
674 1273 818 1366 ἡγοῦμαι
843 1284 898 1347 καὶ
924 1275 966 1347 τό
993 1271 1052 1361 ,ὃς
1078 1283 1140 1366 μὲν
1165 1276 1313 1348 πιστεύει
1339 1295 1458 1364 φαγεῖν
1478 1273 1603 1362 πάντα,
1626 1273 1645 1348 ὁ

342 1383 377 1447 δὲ
400 1372 559 1448 ἀσθενῶν
580 1373 709 1464 λάχανα
731 1380 855 1446 ἐσθίειίί
876 1375 921 1466 μή
943 1381 1018 1464 περὶ
1034 1383 1239 1464 σωματικῶν
1261 1383 1405 1466 τροφῶν
1426 1371 1520 1465 αύτῷ
1543 1405 1646 1466 προη-

291 1487 324 1542 10
341 1481 512 1565 γουμένως
544 1481 700 1565 λέγεσθαι
734 1471 820 1546 ἀλλὰ
848 1483 925 1562 περὶ
956 1483 1029 1546 τῶν
1060 1471 1264 1562 τρεφόντων
1298 1474 1363 1565 τὴν
1394 1473 1505 1563 ψυχήν
1532 1472 1647 1563 λόγων

340 1579 440 1646 θεοῦ·
463 1579 527 1644 τού
548 1579 610 1664 μέν
632 1571 844 1646 πιστοτάτου
864 1579 920 1644 καί
939 1572 1157 1645 τελειοτάτου
1171 1579 1361 1663 δυναμένου
1381 1570 1527 1644 πάντων
1547 1603 1646 1663 μετα-

341 1669 531 1762 λαμβάνειν,
555 1665 661 1763 όνπερ
683 1678 784 1762 δηλοῖ
804 1672 857 1745 διά
880 1679 943 1744 τοῦ
958 1668 1018 1757 ,ὃς
1039 1679 1100 1762 μὲν
1114 1671 1263 1744 πιστεύει
1279 1692 1399 1763 φαγεῖν
1419 1670 1565 1757 πάντα,“
1581 1680 1646 1746 τοῦ

341 1779 378 1844 δὲ
400 1769 646 1860 άσθενεστέρου
666 1780 721 1843 καὶ
743 1769 963 1861 άτελεστέρου
977 1769 1218 1860 ἁπλουστέροις
1239 1779 1294 1842 καί
1314 1771 1359 1862 μή
1380 1769 1472 1843 πάνυ
1493 1767 1648 1844 εὐτονίαν

341 1877 517 1962 ἐμποιοῦσι
531 1870 726 1962 μαθήμασιν
740 1868 957 1960 ἀρκουμένου,
981 1866 1101 1944 ὅντινα
1123 1868 1226 1954 αύτδς
1247 1878 1390 1961 σημῆναι
1412 1877 1528 1943 θέλων
1550 1877 1647 1962 λέγει·

290 1983 323 2036 15
341 1968 382 2058 ,,ό
405 1976 441 2042 δὲ
462 1969 620 2043 άσθενῶν
642 1969 771 2059 λάχανα
792 1975 928 2042 ἰσθίει.“

425 2084 453 2145 6.
488 2069 611 2142 καὶτὸ
638 2069 729 2159 παρὰ
756 2076 808 2160 τῶ
835 2077 1043 2159 Σολομῶντι
1069 2075 1105 2140 δὲ
1131 2075 1168 2142 έν
1194 2087 1267 2152 ταις
1293 2075 1490 2158 Παροιμίαις
1516 2067 1647 2160 λεγόμε-

341 2201 404 2246 νον
425 2169 570 2262 ήγοῦμαι
592 2167 763 2242 διδάσκειν
786 2161 840 2241 ότι
861 2177 1007 2254 βελτίων
1030 2163 1049 2240 δ
1070 2167 1115 2258 μὴ
1136 2175 1260 2258 χωρῶν
1287 2167 1330 2239 τὰ
1356 2164 1572 2258 εύτονῶτερα
1591 2177 1647 2240 καὶ

341 2279 477 2362 μείζονα
499 2277 574 2342 τῶν
595 2267 781 2359 δογμάτων
804 2267 858 2339 διὰ
879 2269 943 2358 τὴν
964 2265 1144 2358 ἁπλότητα
1166 2264 1241 2358 (ούκ
1263 2272 1453 2356 ἐσφαλμένα
1472 2275 1590 2357 μέντοι
1610 2299 1647 2358 γε

343 2377 496 2461 φρονῶν)
519 2375 582 2441 τοῦ
606 2373 863 2457 έντρεχεστέρου
876 2373 937 2458 μὲν
949 2374 1005 2438 καὶ
1020 2363 1183 2456 ὀξυτέρου
1195 2376 1251 2438 καὶ
1265 2363 1429 2456 μειζόνως
1451 2366 1647 2453 ἐπιβάλλον-

291 2484 325 2540 20
342 2501 403 2555 τος
429 2489 502 2554 τοῖς
527 2466 700 2558 πράγμασι
727 2465 792 2537 τόν
822 2473 857 2536 δὲ
887 2473 949 2556 τῆς
979 2465 1111 2556 εἰρήνης
1140 2473 1196 2537 καὶ
1227 2474 1424 2556 συμφωνίας
1454 2473 1527 2538 τῶν
1554 2461 1646 2539 ύλων

342 2567 447 2658 λόγον
482 2566 527 2658 μή
558 2573 779 2652 τρανσύντσς.
822 2568 888 2655 ἔχει
926 2573 961 2637 δὲ
995 2557 1110 2648 οὕτως
1145 2561 1240 2655 αύτῶ
1273 2562 1293 2656 ἦ
1329 2573 1428 2652 λέξις·
1464 2573 1648 2654 ,κρείσσων
1696 2651 1700 2660 ὁ

342 2665 494 2758 ξενισμὸς
516 2663 674 2754 λαχάνων
696 2663 784 2753 πρὸς
805 2673 924 2752 φιλίαν
944 2673 1000 2736 καὶ
1020 2662 1119 2753 χάριν
1141 2659 1162 2754 ἢ
1185 2662 1308 2755 μόσχος
1327 2662 1396 2737 άπὸ
1412 2662 1545 2756 φάτνης
1565 2666 1647 2754 μετὰ

342 2772 494 2858 ἔχθρας.“
531 2763 696 2848 πολλάκις
734 2771 817 2854 γοῦν
851 2761 1084 2852 άπεδεξάμεθα
1114 2764 1291 2854 ἰδιωτικὴν
1327 2773 1383 2836 καὶ
1414 2762 1648 2854 ἁπλουστέραν

342 2866 425 2958 μετὰ
449 2863 694 2954 εύσυνειδησίας
717 2864 873 2948 ἑστίασιν,
896 2861 1101 2954 ξενιζόμενοι
1123 2864 1213 2951 παρὰ
1233 2883 1307 2946 τοῖς
1321 2872 1428 2936 πλέον
1443 2861 1521 2954 ἡμῖν
1543 2893 1648 2954 παρα-

291 2983 324 3038 25
342 2986 432 3057 σχειν
446 2965 491 3056 μή
507 2970 715 3053 δυναμένοις,
727 2959 811 3052 ἢπερ
827 2959 940 3052 λόγων
953 2957 1042 3050 ύφσς
1057 2967 1292 3051 ἐπαιρομένων
1301 2963 1410 3051 ,κατὰ
1420 2970 1482 3054 τῆς
1490 2965 1648 3054 γνῶσεως

342 3073 406 3138 τοῦ
419 3071 535 3148 θεοῦ,“
549 3062 634 3154 μετὰ
649 3069 780 3152 πολλῆς
794 3059 1030 3152 πιθανότητος
1046 3057 1230 3151 άλλότριον
1244 3070 1475 3153 καταγγέλλον
1490 3069 1554 3135 τοῦ
1564 3063 1648 3148 ,τὸν

341 3162 450 3255 νόμον
471 3169 528 3236 καὶ
549 3163 630 3246 τούς
649 3159 850 3252 προφήτας“
873 3158 1065 3245 δεδωκότος
1078 3160 1210 3252 πατρὸς
1225 3171 1287 3234 τοῦ
1301 3171 1420 3252 κυρίου
1434 3159 1531 3252 ήμῶν
1545 3159 1649 3252 Ἰησοῦ

341 3261 457 3354 δόγμα.
484 3267 554 3334 ,ἵνα
579 3271 698 3334 τοίνυν
722 3260 807 3351 μήτε
834 3257 875 3330 δι’
901 3265 1031 3334 ἔνδειαν
1058 3269 1202 3350 τροφῶν
1228 3261 1293 3352 τὴν
1318 3261 1430 3350 φυχήν
1452 3260 1649 3352 νοσήσωμεν

341 3361 427 3454 μήτε
448 3361 502 3433 διὰ
529 3360 650 3452 ,λιμόν
677 3357 780 3449 λόγου
808 3367 948 3450 κυρίουίί
976 3368 1027 3450 τῷ
1058 3369 1129 3451 θεῷ
1160 3357 1405 3450 άποθάνωμεν,
1433 3359 1507 3432 τόν
1534 3371 1648 3450 ζῶντα

290 3479 324 3535 30
341 3459 476 3552 άρτσν,
500 3455 592 3543 όστις
615 3456 633 3532 ὁ
656 3457 759 3542 αύτός
782 3466 852 3533 ἐστι
874 3468 929 3552 τῷ
952 3465 1160 3551 έπιουσίῳ,
1176 3459 1374 3550 πειθόμενοι
1390 3467 1440 3551 τῷ
1456 3459 1646 3551 διδασκάλῳ

342 3568 470 3653 σωτῆρι
492 3556 605 3651 ήμῶν,
635 3559 854 3644 πιστεύοντες
879 3566 935 3632 καὶ
957 3565 1109 3646 βιοῦντες
1140 3560 1354 3648 δεξιώτερον,
1385 3566 1534 3650 αἰτῶμεν
1554 3559 1647 3650 παρὰ

341 3669 404 3735 τοῦ
424 3657 564 3749 πατρός.

426 3773 453 3830 7.
489 3767 523 3831 τί
550 3764 587 3829 δὲ
617 3765 674 3830 καὶ
702 3756 743 3829 τὸ
773 3757 1034 3844 ,,έπιούσιον,“
1065 3753 1128 3848 ήδη
1159 3765 1399 3847 κατανοητέον.
1442 3767 1585 3848 πρῶτον
1611 3765 1647 3830 δὲ

341 3865 446 3930 τοῦτο
468 3863 597 3941 ἰστέον,
625 3851 680 3927 ότι
706 3853 727 3948 ή
755 3865 842 3945 λέξις
868 3855 889 3948 ἡ
915 3857 1164 3944 ,,έπιούσιον“
1190 3855 1269 3948 παρ’
1297 3855 1407 3931 ούδενί
1434 3867 1508 3932 τῶν
1528 3856 1647 3950 Ἑλλή-

425 4028 450 4098 [1
468 4027 530 4096 Vgl.
549 4027 562 4080 I
579 4027 644 4082 Kor.
661 4029 686 4092 3,
705 4017 728 4084 1.
746 4029 771 4083 3.
790 4028 831 4096 -]
849 4029 896 4082 21
914 4029 976 4083 Kor.
993 4031 1018 4094 3,
1036 4029 1060 4084 2.
1078 4029 1102 4083 3.
1121 4059 1154 4068 -
1173 4027 1192 4084 4
1210 4028 1292 4084 Hebr.
1310 4031 1334 4092 5,
1351 4030 1458 4084 12-14.
1481 4061 1513 4069 —
1534 4029 1552 4084 8
1568 4029 1645 4085 Βοω.

341 4118 381 4178 14,
393 4115 417 4168 2.
437 4145 468 4152 -
488 4114 526 4169 10
545 4112 608 4182 vgl.
621 4113 719 4167 Matth.
731 4117 785 4181 4,4
803 4114 893 4184 (Dent,
905 4115 930 4181 8,
943 4115 977 4183 3).
989 4143 1022 4152 -
1036 4113 1073 4169 12
1088 4131 1113 4168 u.
1128 4113 1165 4168 15
1179 4112 1256 4167 Rom.
1270 4116 1310 4177 14,
1323 4114 1347 4169 2.
1359 4143 1393 4153 -
1405 4113 1443 4169 21
1457 4113 1537 4168 Prov.
1553 4117 1592 4178 15,
1607 4117 1646 4167 17.

340 4198 428 4254 -ιο
446 4197 509 4268 vgl.
527 4197 553 4250 11
571 4198 635 4252 xor.
654 4200 695 4262 10,
713 4200 737 4252 ε.
755 4228 788 4238 -
807 4197 843 4253 σο
864 4197 925 4268 Vgl.
942 4197 1041 4252 υιυε.
1059 4201 1083 4261 ε,
1103 4201 1134 4252 ιι
1153 4201 1187 4268 ρ,
1206 4199 1246 4254 12.
1269 4199 1310 4262 ον,
1328 4200 1370 4255 ιο.
1392 4197 1461 4252 Luk.
1481 4201 1521 4262 16,
1540 4201 1590 4266 16).
1613 4187 1645 4238 '-

340 4283 380 4340 211
398 4283 462 4352 Vgl.
480 4285 563 4337 Amos
580 4283 605 4348 8,
624 4286 664 4338 11.
683 4312 716 4322 -
734 4281 796 4352 Vgl.
815 4281 892 4336 Rom.
911 4285 951 4344 14,
969 4285 993 4338 8.
1016 4283 1077 4336 Gal.
1095 4283 1120 4349 2,
1139 4283 1179 4338 19.
1197 4311 1230 4322 -
1249 4281 1311 4352 Vgl.
1329 4283 1390 4336 Joh.
1409 4283 1433 4351 6,
1452 4285 1493 4337 51.
1511 4312 1544 4322 -
1563 4282 1605 4338 80
1621 4299 1646 4336 u.

341 4369 381 4424 θθ
399 4367 462 4438 Vgl.
480 4366 580 4422 Matth.
598 4368 622 4431 6,
642 4369 682 4422 11.
704 4366 863 4434 Ιιυ1ε.11,3.
881 4397 914 4406 -
932 4367 972 4422 80
990 4367 1054 4436 Vgl.
1072 4367 1170 4422 Matth,
1188 4368 1230 4432 23,
1247 4367 1272 4421 8.

425 4502 466 4558 24
488 4497 707 4572 εδσυνειδησίας]
731 4504 794 4571 δησι
812 4518 866 4556 von
884 4503 918 4556 Π.
936 4501 970 4555 Η.
989 4501 1131 4570 corrigiert
1147 4500 1170 4554 Τ
1185 4501 1189 4567 Ι
1205 4501 1245 4558 25
1268 4501 1474 4572 καταγγέλλον]
1491 4503 1647 4573 καταγγελ·

340 4581 453 4641 λόντων
470 4587 548 4642 Βοηί.
567 4587 621 4656 (δεὶ
639 4585 698 4640 Del.
716 4587 729 4640 Ι
747 4587 797 4642 245
814 4589 895 4641 Anm.
914 4584 942 4651 d)
962 4589 965 4653 4
987 4585 1027 4641 84
1044 4591 1132 4641 τοῦτο
1150 4585 1266 4641 TLond.
1284 4581 1361 4642 τοῦτ’
1380 4586 1429 4642 Ox.
1437 4587 1497 4641 Del.
