3704 5516
346 497 407 558 212
871 489 1091 546 αντειιυονε

347 659 439 741 ρίην
460 655 733 740 ἐπιφέρουσιν·
762 649 814 734 τάς
843 657 913 740 μὲν
934 656 1019 742 ἐμοὶ
1042 656 1185 735 δοκέει,
1213 646 1319 722 διότι
1341 647 1412 720 οδκ
1434 645 1650 738 ἄνθρωπο-

347 757 469 840 φυέας
503 747 695 838 ἐνόμισαν
731 752 826 835 τούς
861 751 982 835 θεοὺς
1017 747 1200 840 καθάπερ
1236 753 1274 821 σί
1298 743 1483 840 Ἕλληνες
1515 751 1648 820 εἶναι’(

346 857 411 922 καὶ
440 849 515 940 μὴν
545 859 609 922 καὶ
629 847 882 938 Ἡράκλειτος
913 843 990 922 ὧδέ
1017 879 1100 934 πως
1131 846 1416 936 ἀποφαίνεται·
1447 856 1535 933 ,καί
1563 867 1649 930 τοῖς

346 947 544 1040 άγάλμασι
573 957 805 1022 τουτέοισιν
835 947 1037 1040 εὔχονται,
1068 946 1207 1021 ὁκοῖον
1237 954 1271 1020 εἲ
1296 977 1357 1031 τις
1379 967 1466 1032 τοῖς
1488 946 1647 1036 δόμοισι

263 1047 645 1140 1811λεσχηνεάοιτο,
673 1045 719 1122 οὔ
746 1079 784 1120 τι
806 1061 811 1134 1
835 1051 1046 1138 γινώσκων
1072 1049 1193 1132 θεοὺς
1220 1044 1304 1120 οὔδ’
1327 1042 1474 1138 ἥρωας,
1496 1051 1648 1131 οίτινές

345 1155 450 1220 είσι.“
493 1157 531 1220 τί
559 1156 654 1239 γοῦν
681 1150 916 1237 σοφώτερον
942 1156 1014 1220 τοῦ
1040 1145 1293 1237 Ἡρακλείτου
1319 1144 1417 1240 ἡμᾶς
1438 1144 1647 1218 διδάσκου-

345 1272 421 1332 σιν;
457 1242 476 1318 δ
512 1253 582 1338 μέν
618 1279 659 1339 γε
692 1247 795 1337 μάλα
831 1245 1071 1338 ἀπορρήτοις
1105 1246 1367 1337 ὑποσημαίνει
1402 1242 1566 1336 ἠλίθιον
1600 1245 1648 1318 τὸ

345 1367 457 1433 ,τοίς
478 1344 723 1440 άγάλμασινίί
746 1343 945 1437 εὔχεσθαι,
968 1347 1036 1420 ἐάν
1056 1346 1105 1438 μὴ
1131 1347 1306 1438 γινώσκγ
1333 1375 1396 1432 τις
1421 1346 1561 1432 ,θεοὺς
1582 1353 1647 1417 καὶ

345 1443 490 1538 ἥρωας,
513 1451 663 1532 οἵτινές
685 1451 812 1520 εἰσιν.“

295 1565 328 1620 10
425 1543 677 1633 Ἡράκλειτος
709 1553 779 1637 μὲν
812 1541 956 1630 οὕτως·
989 1551 1025 1619 οί
1054 1555 1095 1620 δέ
1131 1544 1321 1638 άντικρυς
1357 1546 1404 1618 τά
1440 1542 1648 1636 ἀγάλματα

345 1643 614 1736 ἀτιμάζουσιν.
658 1650 690 1718 εἰ
718 1652 787 1735 μὲν
816 1641 880 1718 ὅτι
907 1653 1024 1730 λίθος
1048 1642 1070 1736 ἢ
1093 1645 1212 1734 ξύλον
1234 1640 1255 1737 ἢ
1276 1646 1423 1736 χαλκὸς
1444 1640 1466 1735 ἢ
1486 1643 1647 1735 χρυσὸς.

345 1743 391 1818 δν
421 1741 441 1818 ό
471 1753 582 1818 δεῖνα
612 1739 633 1836 ἢ
660 1740 679 1816 ὁ
707 1753 815 1817 δεῖνα
840 1742 1068 1837 εἰργάσατο,
1097 1743 1167 1817 οδκ
1188 1742 1236 1818 iv
1258 1751 1316 1836 εἰη
1337 1745 1445 1832 θεὸς,
1468 1751 1604 1834 γελοία
1626 1739 1648 1833 ἦ

345 1854 474 1934 σοφία.
517 1852 577 1929 τίς
606 1844 678 1936 γάρ
707 1852 770 1916 καί
800 1842 921 1929 ἄλλος
948 1849 980 1916 εἰ
1006 1845 1055 1936 μὴ
1081 1843 1213 1934 πάντῃ
1233 1843 1375 1936 νήπιος
1397 1851 1522 1916 ταῦτα
1545 1841 1647 1933 ἡγεί-

345 1975 411 2017 ται
439 1939 692 2029 θεούςάλλὰ
721 1953 830 2016 θεῶν
859 1941 1097 2035 ἀναθήματα
1125 1953 1189 2018 καί
1220 1941 1442 2035 άγάλματα,·
1469 1948 1501 2016 εἰ
1527 1940 1560 2016 δ’
1583 1939 1647 2016 ὅτι

295 2064 327 2117 15
343 2050 440 2134 μηδὲ
461 2050 575 2128 θείας
596 2042 754 2128 εἰκόνας
775 2041 1046 2134 ὑποληπτέον,
1068 2042 1195 2136 ἄλλην
1217 2045 1288 2135 γάρ
1311 2047 1414 2117 εἰναι
1435 2051 1534 2116 θεοῦ
1553 2073 1647 2134 μορ-

345 2143 434 2234 φὴν,
464 2135 596 2232 ὥσπερ
624 2150 688 2214 καί
708 2149 879 2231 Πέρσαις
908 2152 1032 2216 δοκεῖ·
1062 2143 1282 2234 λελήθασιν
1310 2140 1427 2214 αδτοί
1455 2150 1556 2231 σφᾶς
1584 2141 1647 2216 αδ·

343 2244 438 2326 τούς
467 2247 715 2332 ἐλέγχοντες,
745 2238 844 2316 ὅταν
873 2251 1001 2333 φῶσιν
1031 2237 1094 2316 ὅτι
1123 2240 1163 2330 ,ό
1185 2244 1280 2329 θεὸς
1302 2249 1467 2332 ἐποίησε
1489 2243 1560 2316 τὸν
1582 2239 1647 2315 άν-

342 2352 538 2433 θραιπονκ
565 2348 671 2414 ἰδίαν
697 2339 887 2429 ,,εἰκόνα“
915 2343 961 2416 τὸ
991 2350 1031 2416 δὲ
1059 2346 1165 2428 εἰδος
1194 2338 1337 2434 ὅμοιον
1367 2343 1504 2434 έαυτῷ.
1546 2339 1646 2414 άλλά

342 2440 618 2533 συνθήσονται
647 2449 718 2532 μὲν
745 2445 849 2515 εἰναι
878 2449 1004 2516 ταῦτα
1033 2447 1097 2514 ἐπί
1121 2451 1214 2534 τιμῇ
1236 2472 1375 2528 τινων,
1401 2437 1423 2532 ἢ
1449 2439 1645 2534 δμοίωνῆ

291 2557 325 2614 20
341 2539 544 2632 άνομοίων
573 2541 618 2614 τὸ
648 2543 766 2626 εἰδος,
796 2538 891 2614 οὔτε
920 2548 959 2614 δέ
981 2542 1101 2626 θεοὺς
1123 2544 1240 2627 εἰναι,
1262 2543 1322 2626 οίς
1343 2548 1470 2615 ταῦτα
1491 2539 1646 2615 άνάκει-

341 2671 428 2726 ται,
464 2638 564 2715 άλλά
605 2647 817 2731 δαίμονας,
854 2638 948 2714 οὐδὲ
989 2648 1131 2732 χρῆναι
1170 2640 1413 2731 θεραπεύειν
1454 2647 1645 2734 δαίμονας

342 2735 452 2825 ὅστις
474 2747 578 2826 σέβει
597 2738 705 2813 θεόν.

425 2861 533 2928 LXIII.
578 2865 642 2929 Καὶ
672 2856 759 2947 πρὸς
790 2866 897 2932 ταῦτα
927 2863 963 2929 δί
991 2864 1130 2930 λεκτέον
1160 2853 1230 2942 ὅτι,
1257 2863 1350 2948 εἴπερ
1376 2857 1531 2930 Σκύθαι
1558 2867 1563 2946 Ι
1589 2865 1646 2928 καί
1664 2878 1721 2933 730

341 2956 502 3042 Λιβύων
524 2961 561 3028 οἰ
583 2955 763 3048 Νομάδες
784 2965 840 3029 καί
862 2963 1004 3047 Σῆρες,
1031 2952 1091 3042 οῧς
1112 2982 1216 3048 φησιν
1242 2952 1389 3041 άθέους
1414 2960 1498 3030 εῖναι
1520 2953 1539 3030 δ
1563 2965 1645 3030 Κέλ·

289 3071 323 3127 25
343 3085 414 3142 σος,
450 3063 505 3126 καὶ
539 3051 639 3130 ἄλλα
672 3062 770 3148 έθνη
805 3062 1076 3146 δυσαγέστατα
1109 3064 1175 3129 καί
1203 3053 1446 3146 άνομυότατα
1475 3053 1561 3128 άλλά
1588 3065 1646 3128 καὶ

342 3164 489 3246 Πέρσαι
518 3152 588 3226 οάκ
616 3153 830 3245 ἀνέχονται
860 3159 959 3240 νειὸς
986 3153 1164 3247 ὁρῶντες
1184 3165 1249 3228 καί
1270 3155 1425 3246 βωμοδς
1445 3163 1508 3228 καί
1530 3151 1646 3246 άγάλ-

341 3284 460 3345 ματα,
483 3250 524 3326 οὗ
544 3254 636 3344 παρά
659 3261 763 3327 τοῦτο
785 3260 860 3327 ἴσον
881 3259 952 3328 ἐστὶ
974 3255 1080 3347 τὸμὴ
1102 3254 1317 3346 ἀνέχεσθαι
1340 3255 1478 3330 τούτων
1495 3262 1647 3339 ἐκείνους

343 3362 395 3445 τῷ
425 3362 481 3424 καὶ
510 3350 595 3444 ἡμᾶς
622 3355 667 3446 μὴ
695 3353 908 3444 ἀνέχεσθαι
938 3351 1062 3428 αὐτῶν.
1104 3361 1302 3443 ἐξεταστέον
1335 3354 1398 3445 γάρ
1420 3356 1462 3428 τά
1485 3353 1644 3444 δόγματα,

429 3524 448 3580 6
466 3523 530 3594 Vgl.
542 3524 675 3580 Heracliti
693 3525 804 3596 Ephesii
822 3527 964 3596 Reliquiae
982 3543 1034 3580 τευ.
1052 3527 1074 3581 Ι.
1091 3527 1226 3596 Βγιιείετ,
1244 3525 1343 3580 Oxonii
1357 3527 1430 3590 1877,
1448 3545 1472 3597 p.
1484 3527 1519 3582 48
1535 3525 1581 3580 Nr.
1594 3527 1645 3581 120

344 3611 386 3674 (==
404 3609 447 3662 Fr.
467 3609 532 3680 phil.
551 3626 591 3678 gr.
609 3609 651 3664 ed.
670 3609 807 3678 Mullach,
825 3612 837 3664 I
855 3613 905 3667 323
922 3611 969 3666 Nr.
986 3611 1038 3679 61).
1068 3610 1193 3665 Clemens
1211 3610 1302 3673 Alex,
1320 3611 1453 3682 Protropi
1473 3611 1537 3681 Cap.
1555 3609 1592 3664 IV
1611 3613 1647 3666 50

343 3711 368 3763 p.
386 3695 420 3746 44
438 3691 481 3746 ed.
499 3692 600 3746 Potior.
624 3694 655 3748 11.
668 3695 692 3748 J.
705 3694 858 3760 Neumann,
875 3695 1032 3750 Heracliiea
1049 3696 1172 3764 (Hermes
1189 3693 1239 3750 XV
1258 3697 1317 3752 600.
1340 3695 1404 3748 XVI
1424 3695 1482 3762 159)
1499 3695 1556 3748 und
1573 3695 1646 3750 oben

343 3779 356 3832 I
374 3781 399 3843 6,
418 3779 430 3831 Ι
448 3777 482 3832 58
499 3775 525 3830 Ζ.
543 3777 584 3832 28.
602 3808 635 3817 -
663 3779 700 3834 11
731 3779 794 3848 Vgl.
812 3780 866 3834 ίεε.
883 3783 926 3847 44,
944 3779 998 3836 911.
1022 3779 1120 3836 Jerem.
1134 3783 1175 3842 10,
1188 3780 1242 3836 3ff.
1258 3779 1361 3835 WeisIL
1380 3779 1434 3834 Sal.
1453 3783 1497 3844 13,
1516 3781 1556 3836 10.
1583 3783 1644 3836 Aoi.

344 3865 384 3926 17,
402 3863 435 3918 29
454 3861 544 3929 (θεαί.
561 3865 591 3927 4,
610 3863 661 3930 28).
686 3865 697 3916 I
716 3863 780 3918 Kor.
798 3864 882 3930 3,12.
906 3862 1004 3929 Jusfin,
1022 3865 1101 3934 Apol.
1119 3865 1173 3920 10.
1197 3865 1245 3934 Ερ.
1265 3864 1300 3918 εδ
1318 3863 1539 3934 Diogn.cap.11.
1559 3865 1644 3919 Athe-

342 3965 405 4016 nug.
418 3947 512 4015 Legat.
526 3945 589 4016 Cap.
607 3947 666 4002 XV.
690 3947 834 4016 Theophil.
852 3948 888 4001 εδ
906 3947 1036 4004 Aut01.11
1053 3950 1070 4005 2
1088 3947 1151 4016 (vol.
1163 3949 1189 4003 1³
1201 3967 1225 4018 p.
1238 3949 1279 4005 28.
1297 3949 1338 4004 30.
1360 3947 1413 4001 vol.
1426 3949 1478 4002 111³
1489 3965 1514 4019 p.
1527 3949 1577 4006 160
1584 3966 1645 4018 sqq.

343 4032 396 4086 vol.
415 4031 467 4084 VH
484 4047 511 4100 p.
530 4031 570 4084 66.
589 4031 622 4086 68
640 4031 675 4102 [p.
694 4035 726 4086 15
735 4049 775 4100 sq.
793 4031 834 4086 εδ.
853 4029 904 4086 Ed.
922 4032 1068 4102 Schwartz]
1088 4033 1141 4088 vol.
1156 4031 1218 4086 VIII
1235 4051 1260 4104 p.
1272 4033 1306 4087 48
1322 4033 1363 4087 ed.
1378 4031 1460 4101 Otto).
1478 4063 1511 4074 -
1530 4033 1565 4090 17
1581 4034 1645 4104 Vgl.

342 4117 409 4170 Gen.
428 4119 451 4181 1,
469 4115 510 4170 26.
529 4115 561 4170 27
579 4115 636 4168 und
653 4115 724 4170 oben
741 4115 779 4170 VI
797 4117 838 4172 63.

426 4268 441 4320 1
461 4263 560 4335 δοκέει]
580 4263 689 4322 δοκέειν
705 4265 805 4324 Herod.
821 4268 825 4336 Ι
841 4264 921 4338 διότι]
941 4258 987 4322 δτι
1004 4265 1105 4322 Herod.
1125 4269 1130 4334 Ι
1150 4267 1168 4322 2
1186 4261 1330 4336 καθάπερ]
1352 4261 1500 4345 κατάπερ
1518 4267 1617 4324 Herod.

341 4368 359 4424 ὅ
380 4359 415 4422 οὗ
431 4385 458 4422 τι
476 4365 576 4438 Hisp.
596 4360 657 4422 σάτι
677 4371 700 4420 Α
718 4361 784 4424 οὔτε
807 4367 866 4422 Del.
886 4369 892 4437 1
911 4362 1080 4439 γιγνώσκων
1096 4371 1227 4437 AAuagg.
1243 4370 1247 4436 Ι
1266 4369 1285 4424 6
1307 4355 1411 4426 διδασίί
1430 4371 1478 4440 [ευ]
1497 4375 1521 4426 Δ
1541 4375 1545 4440 Ι
1565 4373 1583 4427 8
1604 4391 1644 4442 γι·

340 4446 455 4522 γνοίακρ
468 4453 599 4520 AAusgg.
616 4455 619 4520 Ι
638 4452 674 4508 12
693 4454 829 4522 γελοῖαΑ
845 4455 849 4518 Ι
865 4444 890 4522 ἡ]
909 4451 1024 4522 Spiritus
1036 4451 1108 4507 fehlt
1118 4454 1162 4522 ΑΙ
1179 4452 1218 4508 14
1236 4445 1323 4517 θεοὺς
1340 4471 1389 4508 aus
1401 4449 1480 4522 θεὸν,
1499 4473 1531 4508 w.
1544 4473 1566 4510 ε.
1579 4457 1644 4524 εοίι,

341 4551 394 4588 von
412 4535 431 4589 1.
450 4535 483 4588 Η.
501 4553 568 4590 corr.
587 4541 611 4590 A
635 4539 639 4604 l
663 4537 755 4592 hinier
777 4529 850 4591 άλλὰ
869 4544 901 4601 -ί-
920 4529 972 4628 μὴ.
981 4535 1040 4591 Del.
1059 4538 1081 4605 (1
1100 4538 1150 4592 738
1167 4539 1247 4590 Anm.
1268 4536 1296 4606 d)
1319 4537 1457 4608 unrichtig
1479 4541 1484 4606 ί
1510 4541 1548 4596 16
1570 4545 1645 4608 σφᾶς

341 4663 389 4700 aun
409 4639 484 4715 σφάς
501 4647 605 4701 τοιάδ
621 4649 625 4716 Ι
641 4647 756 4702 28-24
774 4663 819 4700 am
838 4646 918 4702 Rand
936 4629 960 4701 ίά
996 4647 1040 4699 4¹.
