3704 5516
351 493 409 556 162
890 484 1114 541 ΩΡΙΓΚΝΟΥΣ

433 651 465 720 οί
489 655 550 736 μὲν
576 676 640 719 ουν
661 655 836 738 προφῆται
863 641 924 718 όσα
953 639 995 737 ήν
1022 644 1171 720 αῦτόθεν
1197 656 1363 740 νοηθῆναι
1391 667 1463 734 τοὶς
1490 647 1649 722 ἀκούουσι

347 745 489 838 χρήσιμα
514 755 570 819 καὶ
596 743 849 838 συμβαλλόμενα
876 755 919 836 τῆ
946 755 1018 819 τῶν
1041 745 1142 837 ἠθῶν
1163 750 1398 838 ἐπανορθοῦσα
1419 756 1520 840 χωρίς
1540 747 1649 874 πάσης

349 847 561 968 ἐπικρύψεως
584 847 671 919 κατὰ
697 845 739 918 τὸ
766 846 915 937 βούλημα
942 855 1004 919 τοῦ
1031 853 1115 918 θεοῦ
1142 843 1363 968 εἰρήκασιν,.“
1345 873 1406 922 οσα
1428 855 1464 920 δε
1485 849 1650 940 μυστικώ-

349 977 430 1036 τερα
457 938 499 1038 ἦν
524 954 579 1018 καί
606 947 866 1036 ἐποπτικοίτερα
887 953 942 1018 καί
964 941 1104 1036 ἐχόμενα
1126 955 1272 1036 θεωρίας
1293 954 1355 1038 τῆς
1376 945 1459 1038 άπερ
1482 949 1546 1040 τήν
1567 947 1650 1020 πάν·

313 1043 496 1136 5δημον’
476 1047 593 1136 ακοὴν,
617 1053 754 1130 ταῦτα,
756 1041 808 1131 ,δι’
825 1043 1054 1135 αἰνιγμάτων·
1073 1075 1128 1118 και
1117 1043 1358 1136 αλληγοριων
1372 1077 1427 1120 και
1444 1077 1517 1120 των
1531 1057 1650 1120 καλου-

347 1151 460 1237 μένων
482 1155 668 1219 σκοτεινῶν
690 1143 805 1235 λόγων
826 1152 881 1216 καὶ
904 1153 977 1217 τῶν
999 1140 1261 1236 ὀνομαζομένων
1274 1141 1506 1236 παραβολῶν
1495 1177 1515 1238 η
1530 1175 1649 1234 παροι-

346 1254 435 1336 μιῶν
457 1243 690 1336 ἀπεφήναντο·
713 1241 752 1317 ἵν’
770 1249 802 1316 οί
823 1243 867 1334 μή
890 1253 1167 1334 φογοπονοῦντες
1188 1242 1274 1318 άλλά
1296 1244 1411 1319 πάντα
1432 1244 1543 1320 πόνον
1565 1243 1649 1336 ύπὲρ

346 1343 467 1436 ἀρετῆς
492 1353 548 1418 καὶ
574 1343 731 1436 ἀληθείας
758 1341 995 1432 άναδεχόμενοι
1020 1343 1235 1432 ἐξετάσαντες
1260 1340 1384 1436 εύρωσι
1405 1355 1460 1419 καί
1483 1342 1648 1436 εύρόντες,

347 1444 395 1530 οἶς
416 1443 517 1537 λόγος
539 1447 637 1534 αἱρεῖ,
665 1441 939 1534 οίκσνομήσωσιν.
983 1437 1002 1515 ό
1029 1449 1064 1516 δὲ
1086 1442 1246 1533 γεννάδας
1270 1452 1397 1530 Κέλσος
1424 1444 1566 1535 ὦσπερεὶ
1589 1459 1648 1517 θυ-

296 1562 328 1618 10
345 1553 475 1636 μαθεὶς
496 1551 551 1618 ἐπὶ
573 1553 623 1636 τῷ
645 1543 689 1635 μή
713 1551 908 1633 νενοηκέναι
930 1543 1010 1626 τούς
1032 1551 1105 1615 τῶν
1123 1553 1318 1634 προφητῶν
1334 1545 1511 1630 τοιούτους
1526 1542 1648 1635 λόγους

345 1643 561 1736 ἐλοιδόρησεν
584 1641 720 1728 αύτούς,
742 1636 889 1716 είπών”
872 1673 926 1718 οτι
952 1649 1077 1714 ταῦτα
1099 1643 1460 1735 ἐπανατεινόμενοι
1481 1671 1647 1734 προστι-

346 1753 487 1818 θέασιν
518 1749 660 1834 ἐφεξῆς
690 1739 876 1834 άγνωστα
908 1751 973 1814 καὶ
1003 1740 1230 1834 πάροιστρα
1256 1751 1321 1816 καὶ
1347 1743 1478 1834 πάντη
1505 1741 1645 1836 άδηλα,

346 1836 401 1917 οῦν
437 1843 482 1917 τό
518 1851 588 1934 μὲν
625 1850 760 1934 γνῶμα
793 1836 969 1925 οὐδείς’
957 1835 1004 1914 άν
1040 1848 1135 1915 νοῦν
1166 1847 1268 1932 ἔχων
1304 1841 1434 1933 εύρειν
1468 1844 1646 1918 δύναιτο·

345 1941 476 2066 άσαφῑγ
507 1942 578 2033 γὰρ
608 1949 672 2015 καὶ
703 1941 748 2014 τὸ
779 1947 913 2031 μηδὲν,
945 1938 1103 2032 άνσήτῳ
1140 1936 1230 2032 δέη
1209 1939 1378 2034 ηγόητι
1406 1952 1527 2016 παντί
1557 1949 1646 2030 περὶ

295 2067 327 2121 15
344 2071 499 2127 παντος
529 2039 715 2133 άφορμήν
746 2035 1011 2126 ἐνδίδωσιν,’
993 2070 1069 2130 οπη
1095 2040 1295 2128 βούλεται,
1323 2041 1368 2114 τὸ
1392 2050 1535 2133 λεχθεν
1557 2068 1647 2130 σφε

345 2153 580 2236 τερίζεσθαι.
623 2150 679 2214 καί
704 2139 905 2228 πανούργως
930 2169 987 2226 μοι
1011 2145 1103 2228 ἔδοξε
1125 2136 1219 2212 ταῦτ’
1242 2147 1416 2233 εἰρηκέναι,
1438 2142 1583 2214 κωλύειν
1606 2143 1646 2214 τὸ

346 2237 427 2318 ὅσον
453 2239 505 2331 ἐφ’
528 2245 637 2334 ἑαυτῷ
665 2238 869 2330 βουλόμενος
891 2241 970 2324 τούς
991 2238 1259 2331 ἐντυγχάνοντας
1281 2260 1355 2326 ταις
1380 2249 1647 2332 προφητείαις

343 2353 532 2433 βασανίζειν
557 2349 612 2412 καὶ
638 2338 804 2428 ἐξετάζειν
830 2335 946 2409 αῦτῶν
971 2335 1034 2409 τὸν
1060 2347 1155 2412 νοῦν·
1184 2347 1240 2412 καὶ
1265 2348 1425 2413 πέπονθέ
1448 2371 1482 2414 τι
1509 2348 1646 2432 πρᾶγμα

344 2440 581 2533 παραπλήσιον
610 2460 683 2525 τοῖς
713 2445 843 2512 εἰποῦσι
872 2443 949 2526 περί
979 2466 1072 2522 τινος
1098 2438 1293 2530 προφήτου,
1321 2438 1537 2526 εἰσελθόντος
1559 2440 1646 2530 πρός

292 2560 326 2616 20
343 2572 422 2615 τινα
447 2550 502 2613 καὶ
524 2539 567 2613 τδι
588 2547 757 2630 μέλλοντα
778 2537 1006 2627 προειπόντος
1029 2534 1135 2628 αύτῷ·
1165 2547 1220 2623 ,,τι’
1241 2543 1396 2630 εἰσῆλθεν
1419 2536 1439 2613 6
1460 2547 1646 2634 ἐπίληπτος

343 2631 447 2726 οὗτος
467 2642 553 2732 πρός
574 2649 649 2725 σε;“

426 2763 478 2830 XI.
518 2757 619 2841 Κίκός
645 2762 706 2846 μὲν
728 2745 791 2827 οῦν
814 2756 898 2826 εἰναι
920 2753 1042 2844 λόγους
1062 2761 1182 2846 πολλῷ
1205 2761 1266 2845 τῆς
1288 2751 1448 2846 ἡμετέρας
1470 2757 1570 2842 ἕξεως
1591 2783 1646 2829 σο-

344 2864 532 2948 φωτέρους,
555 2856 636 2940 τοῦς
658 2861 864 2946 δυναμένους
887 2848 1126 2925 ἀποδεικνύναι
1148 2853 1357 2942 ψευδόμενον
1378 2861 1415 2928 ἐν
1430 2855 1567 2940 τούτοις
1582 2857 1646 2930 τόν

344 2962 475 3029 Κέλσον
500 2965 556 3030 καί
583 2961 722 3038 ἐνθέους
749 2952 810 3037 τὰς
831 2961 1092 3042 προφητείας·
1120 2953 1212 3043 πλήν
1232 2961 1289 3024 καὶ
1311 2950 1401 3044 ἡμεῖς
1418 2955 1505 3027 κατὰ
1528 2956 1568 3028 τὸ
1591 2963 1645 3026 δυ-

290 3074 324 3130 25
342 3055 450 3128 νατδν
470 3053 548 3148 ἡμῖν
562 3052 798 3144 πεποιήκαμεν,
822 3051 874 3137 τά,
898 3046 945 3135 ὥς
961 3077 1043 3141 φησι
1059 3058 1194 3136 Κέλσος,
1217 3051 1440 3144 πάροιστρα
1460 3062 1526 3128 καὶ
1548 3057 1645 3128 ποίν-

342 3185 389 3278 τη
412 3153 535 3247 άδηλα
557 3155 642 3246 πρὸς
664 3161 754 3240 λέξιν
776 3148 1012 3242 διηγησάμενοι
1034 3155 1072 3222 ἐν
1093 3169 1164 3234 τοῖς
1183 3167 1488 3243 πραγματευθεῑσιν
1503 3152 1579 3247 ἡμίν
1598 3161 1645 3240 εἰς

342 3255 405 3328 τὸν
418 3253 551 3329 Ἠσαίαν
572 3264 628 3328 καὶ
650 3261 696 3338 εἰς
717 3253 780 3326 τόν
799 3247 948 3340 Ἰεζεκιὴλ
969 3258 1025 3322 καὶ
1047 3254 1093 3333 εἰς
1115 3279 1210 3336 τινας
1232 3281 1306 3324 των
1327 3253 1466 3326 δωδεκα
1502 3263 1587 3328 θεοῦ
1608 3261 1644 3329 δὲ

341 3354 497 3440 διδόντος
523 3355 587 3446 τήν
613 3361 649 3428 ἐν
676 3360 727 3444 τῷ
755 3351 848 3440 λόγῳ
871 3347 977 3423 αῦτοῦ
998 3351 1183 3440 προκοπήν
1204 3347 1284 3422 καθ’
1306 3347 1366 3436 οῦς
1387 3353 1546 3438 βούλεται
1565 3353 1643 3443 γρό-

341 3483 422 3540 νους
443 3452 714 3574 προστεθήσεται
735 3470 808 3535 τοῖς
830 3445 892 3539 ήδη
916 3455 962 3533 εἰς
984 3455 1091 3521 ταῦτα
1112 3446 1435 3539 ύπαγορευθεισιν”
1413 3480 1493 3541 ητοι
1514 3453 1557 3526 τά
1579 3463 1643 3526 λεί-

257 3579 323 3634 170v
341 3549 530 3647 ιτονταΙἉ
509 3583 529 3644 η
559 3579 619 3627 οσα
642 3583 661 3644 γ
693 3547 735 3625 όν
758 3547 946 3640 φθάσωμεν
971 3557 1156 3640 σαφηνίσαι.
1199 3558 1254 3620 καὶ
1281 3545 1380 3622 ἄλλοι
1402 3555 1439 3622 δὲ
1468 3557 1501 3624 οί
1523 3555 1642 3639 βουλό·

340 3683 435 3744 μενοι
451 3653 616 3742 ἐξετάζειν
632 3649 845 3742 τήνγραφὴν
868 3655 963 3720 νοῦν
986 3652 1145 3737 ἔχοντες
1168 3648 1213 3721 τό
1236 3677 1372 3740 γνωμα
1387 3647 1492 3776 αύτῑγς
1514 3650 1643 3740 εύρειν

341 3749 388 3826 όν
414 3753 619 3839 δύναιντο,
648 3747 750 3842 ούσης
776 3746 919 3839 άληθως
940 3755 1112 3838 πολλαχοῦ
1138 3745 1316 3836 άσαφοῦς
1340 3757 1410 3839 μέν,
1434 3749 1474 3823 ου’
1496 3751 1571 3842 μήν
1595 3745 1643 3836 ὥς

341 3877 422 3944 φησι
445 3860 586 3941 Κέλσος,
615 3849 660 3923 τὸ
682 3855 811 3942 μηδέν.
854 3843 928 3919 ἄλλ’
950 3843 1329 3937 οῦδὲδύιματαίΙτις
1309 3845 1643 3940 ανόητοςῆγόης
1661 3877 1715 3932 703

424 4061 442 4115 6
464 4057 527 4128 vgl.
544 4057 625 4114 Num.
645 4057 688 4124 12,
706 4057 731 4111 8.
762 4053 857 4110 ΙΚοτ.
876 4054 920 4118 13,
942 4053 1017 4108 1211.
1035 4051 1106 4105 oben
1124 4053 1162 4106 HI
1180 4053 1225 4118 45,
1244 4053 1256 4106 1
1274 4055 1324 4110 242
1347 4053 1373 4108 Z.
1392 4053 1446 4111 2ff.
1473 4083 1506 4093 -
1532 4054 1552 4110 θ
1579 4053 1642 4124 vgl.

340 4143 418 4200 Prnv.
439 4139 658 4212 1,6.-2011
677 4140 788 4206 Κοαθ,
807 4141 846 4194 11.

425 4319 494 4379 6-ss
511 4336 557 4374 am
574 4317 654 4373 fland
672 4307 708 4386 σή
726 4317 764 4369 A²
784 4313 842 4383 112
867 4305 1034 4384 πάροιστρα
1053 4327 1102 4364 aus
1119 4305 1266 4386 πύριατρα
1284 4329 1351 4370 corr.
1370 4315 1477 4382 11118
1500 4318 1600 4385 γνῶμα
1618 4311 1642 4366 Α

340 4405 391 4462 Ηθ.
398 4405 441 4476 Sp.
458 4398 610 4476 γνώρισμα
628 4401 687 4457 Del.
703 4399 760 4466 Ιλί
780 4393 854 4468 τοῦς]
874 4397 956 4452 vaus
969 4395 1056 4450 amur
1073 4395 1172 4462 ᾹΙθθ
1194 4395 1234 4464 είς
1251 4401 1342 4454 ταῦτα
1359 4391 1599 4470 υπαγορειθεῖσιν
1617 4399 1641 4451 Α

341 4483 580 4560 ἱπαγορευθετσιν
597 4485 638 4552 εἰς
653 4489 744 4542 ταῦτα
763 4483 901 4551 MAusgg.
917 4480 977 4550 180
998 4480 1047 4536 καί
1065 4472 1156 4550 ἄλλοι]
1176 4482 1205 4536 αἰ
1223 4473 1258 4535 ἇλ
1277 4481 1442 4552 abgerioben
1460 4485 1484 4536 A
1499 4483 1503 4550 Ι
1519 4481 1557 4539 82
1576 4475 1642 4550 α’λη·

340 4577 401 4639 θιῦς
417 4575 566 4642 πολλαχοῦ
580 4575 604 4626 Δ
616 4572 766 4639 πολλαχοῦ
785 4563 901 4638 άληθῶς
914 4566 1049 4634 MAusgg.
1065 4563 1123 4634 183
1141 4559 1175 4620 ιδ
1193 4563 1288 4636 μηδέν]
1307 4583 1342 4621 το
1360 4585 1399 4637 μη
1412 4565 1480 4621 halb
1492 4565 1640 4632 ετῙοεσλιειι,

340 4659 412 4714 Αειιί
428 4657 495 4712 flber
513 4675 529 4712 ο
548 4656 618 4712 fehlt
635 4655 658 4709 A
674 4655 678 4723 Ι
695 4645 758 4708 ούδε
777 4651 824 4722 [ιο]
844 4653 876 4708 Α.
