3780 5532
882 419 1105 476 ΩΡΙΙἮΝΟΥΣ

340 627 425 669 ,με
463 621 489 655 ,2
524 608 642 658 ειτηερ
671 585 720 664 ις)
748 588 803 650 καὶ
831 585 882 668 τῷ
906 600 1036 654 ..ποιεῖν
1058 582 1121 655 τάί(
1143 579 1393 672 ,,καθήκοντα,“
1414 579 1644 670 πληρούμεναι

348 741 369 759 .
430 727 459 760 ·,
483 708 684 760 οινοιιιιινης
706 687 760 750 καί
783 677 1009 771 ἀγαθὸτητος.

435 803 527 877 m
587 799 688 864 ίιῦτα
720 796 760 884 δή
791 801 943 868 λέλεκταί
967 827 1025 884 μοι
1051 799 1092 871 οῦ
1117 805 1460 889 προσφιλονεικοῦντι
1485 805 1546 888 μὲν
1573 815 1645 880 τοῖς
1662 817 1711 872 730

344 923 461 986 ,marg
488 906 536 968 τιεί
564 891 642 982 περ
657 892 792 984 Ἕλλησι
821 904 1033 987 νενοημένοις
1065 895 1143 970 οῦδὲ
1167 907 1416 988 κατηγοροῦντι
1442 905 1517 968 τῶν
1539 893 1644 984 ῦγιῶν

312 1047 320 1089 ‚⁸
347 1025 521 1089 ,μημιον
557 1001 746 1084 ίοιλομένῳ
776 1001 811 1066 δὲ
840 1003 1051 1086 παραστῆσαι
1081 991 1134 1070 ότι
1163 1005 1219 1068 καί
1245 1007 1353 1070 ταῦτα
1380 995 1465 1069 ἀλλὰ
1491 1005 1546 1067 καὶ
1569 995 1643 1067 τού

347 1137 416 1188 ,με
453 1113 491 1166 ἔτι
522 1103 655 1182 μείζονα
681 1101 735 1164 καλ
762 1092 921 1182 θειότερα
949 1104 1101 1168 λέλεκται
1126 1104 1188 1186 μὲν
1214 1097 1306 1187 παρὰ
1333 1118 1405 1181 τοις
1426 1102 1557 1177 θείοις
1578 1091 1643 1167 ἀν-

347 1230 469 1297 ww,
499 1191 691 1284 προφήταις
717 1201 780 1265 τοῦ
806 1202 891 1266 θεοῦ
915 1203 971 1266 καί
997 1193 1203 1280 ἀποστόλοις
1229 1203 1292 1268 τοῦ
1316 1193 1428 1288 Ἰησοῦ,
1456 1193 1645 1283 ἐξετάζεται

279 1346 321 1382 ,μ
348 1315 378 1379 γε
411 1297 501 1390 πτερά
530 1313 601 1376 τοις
628 1290 839 1382 τελειότερον
863 1305 1098 1384 γριστιανίςειν
1121 1303 1125 1381 ί
1149 1300 1304 1367 ἐθέλουσι
1330 1303 1385 1366 καὶ
1411 1301 1645 1385 ἐπισταμένοις

345 1403 396 1477 οἰι
428 1393 554 1480 ,στόμα
580 1398 711 1464 δικαίου
736 1391 906 1484 μελετήσει
933 1403 1065 1482 σοφίαν,
1090 1404 1146 1467 καί
1172 1392 1192 1485 ή
1219 1401 1354 1484 γλῶσσα
1380 1392 1487 1468 αῦτοῦ
1509 1392 1644 1484 λαλήσει

297 1521 325 1574 ιε
344 1519 464 1587 τριτον·
496 1491 514 1566 δ
542 1489 644 1582 νόμος
671 1500 734 1564 τοῦ
759 1499 844 1563 θεοῦ
869 1489 977 1564 αῦτοῦ
1003 1500 1040 1565 ἐν
1057 1501 1175 1588 καρδίᾳ
1197 1491 1333 1566 αύτοῦ.“
1375 1490 1461 1567 ἀλλὰ
1488 1502 1543 1564 καί
1564 1490 1643 1582 παρ’

344 1614 395 1680 υις
418 1601 484 1668 εἴτε
507 1591 560 1664 διὰ
583 1590 716 1680 πολλὴν
738 1595 910 1663 ίδιωτείαν
930 1596 995 1664 ε’ίτε
1018 1590 1061 1665 δι’
1076 1590 1255 1683 ἁπλότητα
1277 1598 1343 1665 εἴτε
1363 1601 1417 1664 καὶ
1441 1589 1483 1664 δι’
1498 1590 1644 1682 ἀπορίαν

346 1706 414 1768 τῶν
441 1689 716 1784 προτρεψάντων
743 1697 821 1779 [μὲν]
849 1695 904 1762 ἐπὶ
932 1691 997 1781 τήν
1025 1692 1163 1783 λογικήν
1189 1689 1360 1778 εύσέβειαν
1386 1701 1493 1765 ταῦτα
1519 1699 1580 1782 μὲν
1601 1687 1643 1761 ού

346 1791 555 1882 τετράνωται
585 1789 666 1873 θεὸς
697 1795 733 1860 δὲ
764 1784 783 1860 δ
815 1795 870 1861 ἐπὶ
900 1797 981 1862 πᾶσι
1012 1794 1207 1864 πιστεύεται
1233 1801 1288 1864 καὶ
1318 1789 1337 1864 δ
1367 1791 1496 1864 τούτου
1527 1818 1643 1881 ,μονο-

343 1893 439 1984 γενής
466 1889 556 1972 υίὸς“
586 1887 687 1978 λόγος
713 1896 768 1960 καὶ
790 1888 884 1974 θεὸς,
911 1887 1063 1981 εύρεθείη
1086 1887 1128 1964 ἀν
1150 1889 1356 1982 σεμνότητος
1377 1899 1433 1964 καὶ
1454 1887 1644 1980 καθαρότιγ

295 2013 323 2062 ιο
344 2023 401 2074 τος
429 1997 483 2062 καί
510 1985 618 2076 ήθσυς
644 1985 783 2076 ἀφέλεια
809 1997 863 2060 καί
886 1985 1039 2080 ἁπλότης
1060 1990 1224 2076 πολλάκις
1245 1999 1420 2080 κρείττων,
1443 1986 1485 2080 ἣν
1507 1995 1540 2061 σί
1562 1987 1645 2077 ,φά-

344 2119 483 2174 σκοντες
514 2091 598 2159 εἶναι
628 2095 749 2176 σοφοί(
776 2088 821 2178 μὴ
848 2085 1071 2180 ἀνειληφότες
1098 2096 1374 2180 ἐγκαλινδοῦνται
1399 2089 1484 2179 μετὰ
1511 2094 1645 2160 παίδων

342 2197 378 2264 ἐν
414 2191 464 2273 οίς
499 2184 540 2260 οῦ
574 2194 684 2276 θέμις,
718 2183 880 2275 ,ἇδρενες
914 2194 950 2259 ἐν
980 2186 1093 2278 ἀῤῥεσι.
1129 2191 1192 2280 τήν
1225 2185 1456 2280 ἀσχημοσύνην
1485 2217 1643 2279 κατεργα-

343 2287 504 2378 ςόμενοι.“

425 2411 457 2475 L.
492 2401 524 2474 ‘0
545 2411 606 2493 μὲν
620 2397 683 2476 οῦν
699 2401 761 2475 οῦκ
777 2402 964 2493 έσαφήνισε,
980 2413 1055 2486 πῶς
1076 2403 1175 2494 μετὰ
1196 2405 1386 2492 γενέσεώς
1407 2409 1477 2476 ἐστι
1499 2403 1644 2494 πλάνη,

291 2531 324 2584 20
343 2502 419 2578 οῦδὲ
447 2512 655 2592 παρέστησεν
678 2497 696 2574 ό
720 2533 753 2574 τι
775 2530 837 2590 περ
859 2502 1026 2586 ἐβούλετο,
1048 2505 1103 2574 ίνα
1124 2503 1387 2594 κατανοήσωμεν
1409 2513 1645 2593 συγκρίνοντες

343 2603 385 2674 τὰ
417 2599 523 2674 αύτοῦ
556 2621 628 2685 τοῖς
658 2599 844 2692 ἡμετέροις·
872 2607 904 2672 οί
932 2607 966 2674 δὲ
993 2609 1178 2692 προφῆται,
1206 2601 1436 2693 αἰνιττόμενοι
1463 2598 1481 2674 ό
1510 2632 1543 2675 τι
1569 2611 1645 2691 περὶ

344 2711 417 2774 τῶν
437 2708 630 2790 γενέσεως
651 2699 860 2791 πραγμάτων
883 2700 1002 2788 σοφὸν,
1024 2709 1148 2774 θυσίαν
1171 2711 1265 2791 ,περὶ
1288 2699 1470 2793 ἀμαρτίαςίί
1492 2709 1645 2792 λέγουσιν

343 2802 571 2893 ἀναφέρεσθαι
598 2810 654 2873 καὶ
679 2809 756 2890 περὶ
783 2809 856 2872 τῶν
879 2796 957 2889 ἀρτι
979 2807 1209 2891 γεγενημένων
1232 2800 1280 2885 ῶς
1302 2800 1342 2874 ού
1363 2811 1556 2891 καθαρῶν
1578 2799 1646 2873 ἀπὸ

343 2900 514 2994 ἀμαρτίας.
558 2908 638 2988 φασὶ
665 2907 700 2974 δὲ
727 2909 782 2972 καὶ
811 2897 864 2972 τό·
896 2905 951 2975 ,ἐν
978 2897 1130 2990 ἀνσμίαις
1154 2901 1382 2992 συνελήφθην,
1409 2909 1464 2974 καὶ
1487 2909 1524 2974 ἐν
1545 2898 1647 2992 ἆμαρ

291 3026 324 3080 25
342 3012 429 3086 τίαις
451 3006 601 3091 ἐκίσσησέ
620 3031 658 3090 με
686 2998 706 3092 ή
728 2999 838 3091 μήτηρ
858 3015 950 3088 μου.“
989 2997 1075 3072 ἀλλὰ
1097 3008 1152 3072 καὶ
1174 2997 1427 3088 ἀποφαίνονται
1450 2997 1504 3073 ότι
1522 2999 1648 3092 ,ἀπηλ-

342 3103 584 3193 λοτριῶθησαν
611 3106 643 3172 οί
670 3097 867 3191 ἀμαρτωλολ
894 3096 963 3171 ἀπὸ
991 3097 1155 3189 μήτρας.“
1183 3097 1382 3187 παραδόξως
1410 3107 1568 3190 λέγοντες
1593 3108 1648 3170 καί

342 3199 398 3274 τό·
428 3199 691 3291 ,ἐπλανήθησαν
712 3196 780 3271 ἀπὸ
803 3197 957 3290 γαστρὸς,
980 3197 1146 3289 ἐλάλησαν
1167 3207 1301 3291 ψευδή.“

329 3383 332 3390 Α
425 3296 520 3374 οῦτω
544 3308 579 3372 δέ
601 3306 712 3371 πᾶσαν
734 3298 799 3388 τήν
819 3307 892 3371 τῶν
919 3303 1127 3389 αἰσθητῶν
1150 3298 1387 3389 διαβάλλουσιν
1409 3303 1441 3372 οί
1462 3299 1541 3373 καθ’
1565 3299 1649 3392 ἡμᾶς

342 3410 462 3489 σοφοὶ
491 3399 601 3488 φύσιν,
629 3394 718 3470 δι’στε
738 3407 787 3488 πή
814 3406 874 3488 μὲν
895 3394 1107 3488 ματαιότητα
1130 3405 1282 3490 είρήσθαι
1312 3401 1354 3473 τὰ
1377 3403 1517 3491 σώματα
1539 3406 1576 3472 ἐν
1597 3409 1648 3492 τῷ

291 3525 324 3578 30
342 3509 406 3590 ,τῇ
443 3501 505 3590 γάρ
535 3495 740 3588 ματαιότητι
776 3495 796 3587 ή
826 3507 932 3580 κτίσις
962 3495 1113 3590 ύπετάγη
1148 3497 1208 3588 οῦχ
1235 3500 1357 3572 ἑκοῦσα
1389 3498 1475 3574 ἀλλά
1503 3501 1557 3574 διὰ
1586 3501 1649 3586 τὸν

427 3707 445 3762 8
469 3706 532 3774 Vgl.
551 3701 824 3759 untenV1158a.E.
842 3733 874 3741 —
892 3703 909 3758 θ
926 3703 1259 3768 Ρεσ1.36,30.31.-18
1277 3706 1340 3775 Vgl.
1357 3705 1455 3768 Joh.1.
1475 3709 1507 3762 18
1525 3708 1649 3774 (1,1.14.

341 3793 369 3854 3,
389 3793 429 3846 16.
449 3792 488 3846 18.
522 3790 612 3844 IJoh.
630 3793 654 3853 4,
673 3792 706 3857 9).
733 3819 767 3829 -
795 3788 833 3844 15
856 3787 917 3856 vgl.
939 3787 1017 3841 Rom.
1036 3791 1063 3854 1,
1081 3790 1122 3844 22.
1145 3819 1178 3827 -
1203 3790 1237 3845 12
1264 3790 1340 3844 Rom.
1360 3793 1386 3856 1,
1405 3792 1446 3846 27.
1464 3821 1498 3832 -
1521 3791 1560 3846 22
1586 3790 1648 3859 Vgl.

341 3875 503 3940 Ezeeh.42‚
523 3877 562 3930 13.
590 3878 636 3938 43,
655 3877 695 3930 19.
713 3875 744 3929 21
769 3875 825 3943 (43,
849 3874 889 3927 25.
917 3875 963 3938 44,
986 3872 1027 3926 29.
1056 3876 1102 3936 45,
1121 3877 1160 3928 17.
1179 3875 1219 3928 22.
1238 3875 1279 3928 23.
1308 3875 1423 3944 Ι)ευ.8,
1442 3878 1483 3931 12.
1508 3877 1577 3931 Dan.
1596 3893 1648 3931 sec.

341 3961 449 4024 Lxx&
463 3962 513 4023 12).
537 3960 608 4014 Ρεελ
627 3962 668 4024 39,
688 3963 710 4013 7.
734 3958 843 4012 Barueh
861 3961 883 4018 1,
904 3959 943 4012 10.
962 3987 994 3996 -
1013 3957 1053 4012 28
1072 3957 1134 4026 Vgl.
1148 3958 1243 4022 Galen,
1262 3959 1302 4012 Ι)ε
1320 3959 1477 4030 Ηίφφοσταέι
1496 3965 1524 4016 et
1540 3961 1648 4015 Platon.

341 4044 434 4114 placit.
452 4045 510 4100 V5
533 4047 609 4114 (tom.
628 4045 650 4097 V
670 4062 695 4114 p.
712 4046 762 4100 461
773 4059 831 4110 sqq.
850 4042 891 4096 ed.
911 4042 1011 4110 Ksshn).
1035 4072 1068 4080 -
1092 4041 1131 4096 24
1154 4043 1224 4096 ΡεεΙ.
1243 4045 1288 4106 50,
1308 4047 1331 4099 7.
1358 4075 1389 4084 -
1420 4045 1557 4103 251122
1578 4045 1649 4099 Ρεεὶ.

342 4133 382 4193 57,
400 4135 426 4183 4.
444 4161 477 4169 -
494 4130 534 4186 80
553 4129 629 4184 Βδιιι.
647 4130 672 4190 8,
690 4128 731 4183 20.

429 4317 465 4371 ll
485 4313 611 4373 ίδιωτίαν
629 4317 652 4370 Α
672 4317 676 4382 Ι
697 4313 735 4370 12
755 4311 824 4382 [μὲν]
844 4313 912 4382 tilge
929 4313 974 4365 ich
994 4313 1046 4368 mit
1063 4313 1091 4366 M
1109 4331 1134 4368 u.
1154 4314 1207 4369 den
1225 4318 1335 4383 Ausgg„
1354 4313 1583 4368 wahrscheinlieh
1601 4314 1650 4368 hat

341 4435 396 4485 μεν
413 4418 605 4488 ursprflnglich
624 4417 664 4471 εΙι
682 4416 824 4470 correctur
841 4413 909 4467 fiber
926 4411 1158 4486 προτρεψάντων
1175 4416 1326 4484 ςεείεοδεο
1351 4383 1604 4486 (προτρεψάῧνων)
1622 4435 1648 4471 u.

341 4503 379 4556 ist
396 4503 471 4556 dann
489 4503 531 4556 als
548 4500 602 4570 μὲν
619 4502 647 4554 in
665 4501 717 4554 den
735 4499 806 4553 Text
823 4501 927 4567 gesetzt
945 4501 1054 4554 worden
1075 4501 1078 4568 Ι
1100 4501 1138 4556 21
1163 4489 1209 4557 δτι
1227 4503 1249 4554 A
1270 4501 1330 4570 128
1348 4497 1545 4570 γεγενημένων
1562 4504 1586 4555 Δ
1604 4519 1649 4571 γε·

342 4586 523 4658 γεννημένων
541 4588 676 4654 MAusgg.
692 4587 697 4654 1
716 4585 755 4639 24
772 4585 845 4654 φασί
867 4583 964 4636 Moorr.
975 4585 1077 4655 Ausgg.
1096 4588 1166 4655 φησί
1184 4588 1215 4640 A.
