3780 5538
705 1373 1081 1470 ῼΡΙΓΕΝΟΥΣ

622 1531 824 1627 ΠΕΡΙ
865 1529 1160 1625 ΕΥΧΗΣ.

191 1765 223 1815 11
322 1753 345 1818 Ι.
390 1747 434 1818 Τὰ
461 1746 516 1818 διὰ
543 1745 584 1816 τὸ
616 1747 700 1816 εἶναι
724 1751 863 1833 μέγιστα
886 1751 943 1813 καὶ
966 1739 1050 1830 ῦτιὲρ
1077 1737 1269 1830 ἀνθρώπου
1296 1738 1471 1831 τυγχάνειν
1499 1746 1544 1824 εἰς
1562 1754 1613 1809 196

240 1844 430 1936 ῦπερβολὴν
468 1875 505 1918 τε
539 1842 697 1934 ὑπεράνω
734 1849 794 1932 τῆς
827 1840 991 1932 έπικὴρου
1021 1841 1152 1929 φύσεώς
1183 1837 1279 1931 ἦμών
1311 1838 1461 1912 ἀδύνατα
1491 1849 1542 1931 τῷ

241 1953 366 2036 λογικῷ
393 1951 449 2016 καὶ
474 1952 595 2034 θνητῷ
624 1951 710 2034 γένει
735 1951 938 2026 καταλαβεῖν
960 1947 997 2012 έν
1017 1949 1130 2030 πολλῇ
1156 1948 1267 2012 δὲκαὶ
1289 1937 1469 2030 ἀμετρὴτῳ
1492 1946 1543 2012 ἐκ·

240 2051 380 2134 χεαμένη
407 2042 475 2116 ἀπὸ
502 2051 587 2116 θεοῦ
613 2049 659 2127 εἰς
685 2040 891 2132 ἀνθρώπους
916 2039 1028 2130 χάριτι
1055 2048 1138 2113 θεοῦ
1160 2040 1213 2113 διά
1236 2047 1298 2111 τοῦ
1320 2047 1381 2131 τῆς
1403 2038 1543 2130 ἀνυπερ-

206 2165 222 2217 5
241 2141 370 2235 βλὴτου
396 2149 441 2226 εἰς
469 2141 554 2234 ἡμᾶς
574 2141 710 2232 χάριτος
730 2137 905 2231 ὑπηρέτου
925 2137 1030 2230 Ἰησοῦ
1052 2147 1202 2230 Χριστοῦ
1222 2147 1277 2212 καὶ
1300 2147 1363 2212 τοῦ
1385 2147 1545 2230 συνεργοῦ

240 2242 432 2334 πνεύματος
462 2240 615 2332 βουλήσει
645 2247 731 2313 θεοῦ
764 2238 891 2310 δυνατὰ
921 2249 1057 2328 γίνεται.
1102 2235 1272 2312 ἀδύνατον
1303 2245 1385 2328 γοῦν
1415 2248 1458 2328 τῇ
1488 2237 1545 2312 ἀν·

240 2351 402 2433 θρώπίνη
431 2341 530 2430 φύσει
554 2338 710 2431 ῦπύρχον
735 2355 855 2428 σοφίας
880 2347 1006 2430 κτῆσις,
1033 2331 1052 2427 ᾗ
1080 2338 1124 2411 τῦ
1149 2337 1264 2411 πάντα
1284 2338 1545 2412 κατεσκεύασται

241 2440 409 2529 Ι,.πύντα“
436 2441 499 2533 γὰρ
526 2441 614 2514 κατὰ
637 2439 700 2512 τὸν
724 2445 826 2511 Δαυῒδ
847 2435 866 2511 δ
888 2438 968 2524 θεὸς
990 2444 1048 2524 ,,ὲν
1070 2447 1194 2531 σοφίαα
1216 2445 1374 2529 ἐποίησε),
1397 2437 1545 2511 δυνατὸν

240 2546 275 2629 ἐξ
310 2539 483 2614 ἀδυνάτου
518 2549 646 2630 γίνεται
683 2539 737 2612 διά
773 2547 837 2612 τοῦ
872 2547 990 2628 κυρίου
1024 2536 1121 2629 ἡμῶν
1155 2536 1259 2630 Ἰησοῦ
1290 2546 1454 2628 Χριστοῦ,
1485 2536 1544 2624 ,ῦς

190 2660 224 2714 10
241 2639 385 2732 ἐγενήθη
413 2649 516 2729 σοφία
543 2637 622 2731 ἦμίν
647 2637 715 2712 ἀπὸ
742 2645 827 2712 θεοῦ
849 2637 1042 2728 δικαιοσύνη
1066 2647 1179 2711 τεκαὶ
1201 2636 1362 2728 ἁγιασμὸς
1383 2646 1439 2710 καὶ
1460 2637 1543 2711 ἀπο-

241 2740 434 2830 λύτρωσις.“
471 2747 544 2824 ,πίς
571 2740 633 2828 γὰρ
661 2735 847 2827 ἄνθρωπος
869 2738 1035 2827 γνώσεται
1057 2737 1183 2828 βουλὴν
1206 2745 1304 2823 θεοῦ;
1330 2735 1350 2829 ἢ
1373 2747 1424 2823 τίς
1447 2745 1544 2812 ἐνθυ-

239 2837 428 2930 μηθὴσεται
464 2848 498 2911 τί
533 2845 628 2910 θέλει
664 2834 683 2910 ῦ
713 2838 842 2922 κύριος;
877 2843 948 2910 ἐπεὶ
984 2846 1136 2927 λογισμοὶ
1166 2847 1311 2928 θνητῶν
1341 2845 1457 2924 δειλοί,
1489 2846 1543 2910 καὶ

240 2945 434 3026 ἐπισφαλεῖς
464 2943 498 3010 αἱ
529 2943 674 3010 ἐπίνοιαι
705 2935 813 3028 ἡμῶν·
847 2935 1010 3026 φθαρτὸν
1039 2937 1102 3027 γὰρ
1133 2947 1229 3029 σώμα
1258 2937 1393 3026 βαρύνει
1423 2938 1543 3026 ψυχὴν.

240 3046 295 3109 καὶ
325 3047 435 3129 βρίθει
466 3038 507 3110 τὸ
538 3045 660 3126 γεῶδες
688 3044 811 3127 σκηνος
843 3043 925 3107 νοῦν
952 3043 1217 3126 πολυφροντίδα.
1260 3045 1314 3108 καὶ
1338 3035 1432 3126 μόγις
1458 3034 1543 3108 είκύ-

190 3157 223 3210 15
242 3149 342 3228 ζομεν
373 3137 415 3209 τὰ
446 3143 501 3209 ἐπὶ
527 3143 599 3228 γῆς,
627 3136 670 3208 τῦ
693 3141 728 3207 δὲ
749 3141 786 3206 ἐν
809 3131 966 3225 οῦρανοίς
986 3144 1037 3218 τίς
1060 3141 1259 3226 ἐξιχυίασε;“
1286 3145 1337 3220 τίς
1363 3134 1396 3206 δ’
1419 3133 1480 3208 οῦκ
1502 3132 1544 3207 ἀν

241 3243 330 3308 εἴποι
361 3234 534 3308 ἀδύνατον
565 3238 650 3306 εἶναι
680 3231 857 3325 ἀνθρώπῳ
889 3233 1068 3324 ἐξιχνιάσαι
1095 3235 1159 3320 ,πά
1182 3240 1218 3307 ἐν
1241 3233 1440 3325 ούρανοίς;“
1469 3233 1544 3308 ἀλλ’

243 3332 334 3426 ὅμως
357 3343 462 3408 τοῦτο
485 3334 525 3407 τὸ
548 3333 720 3407 ἀδύνατον
742 3343 784 3424 τῇ
806 3331 1063 3423 ῦπερβαλλούση
1084 3333 1195 3426 χάριτι
1217 3343 1280 3407 τοῦ
1298 3343 1384 3408 θεοῦ
1399 3334 1545 3408 δυνατὸν

242 3445 381 3527 γίνεται·
411 3432 430 3507 δ
457 3436 518 3524 γὰρ
549 3431 709 3524 ἀρπαγείς
740 3441 785 3515 είς
818 3441 937 3522 τρίτον
964 3431 1113 3523 ούρανόν
1140 3439 1300 3524 ἐξιχνίασε
1327 3433 1412 3524 τύχα
1439 3437 1483 3507 τὰ
1508 3441 1545 3508 ἐν

242 3556 314 3621 τοῖς
343 3544 454 3626 τρισὶν
485 3531 641 3623 ούρανοίς
667 3535 721 3606 διά
748 3533 788 3606 τῦ
816 3531 997 3624 ἀκηκοέναι
1025 3531 1177 3624 ,ἀρρητα
1199 3533 1341 3626 ῥήματα,
1363 3531 1384 3606 ῦ
1403 3535 1448 3626 μὴ
1468 3536 1546 3623 ἐξὸν

190 3653 224 3707 20
241 3634 420 3726 ἀνθρώπῳ
449 3646 454 3722 Ι
482 3641 644 3725 λαλῆσαί(
671 3627 721 3726 ἦν.
772 3643 823 3719 τίς
854 3641 889 3706 δέ
920 3633 1061 3704 δύναται
1091 3640 1196 3706 εἰπεῖν
1224 3629 1278 3708 ῦτι
1310 3634 1460 3708 δυνατὸν
1486 3632 1543 3707 ἀν·
1565 3650 1613 3704 191

325 3824 344 3879 8
362 3823 426 3892 Vgl.
443 3823 496 3878 Tit„
515 3824 544 3886 3,
562 3826 586 3880 5.
604 3824 628 3878 6.
647 3853 680 3862 -
699 3824 717 3879 8
739 3822 802 3892 Vgl.
820 3821 891 3876 Psal.
910 3823 967 3882 103.
986 3823 1026 3876 24.
1045 3852 1078 3861 -
1096 3822 1115 3877 θ
1133 3822 1222 3878 IKor.
1236 3825 1258 3888 1,
1272 3823 1313 3878 30.
1331 3853 1364 3862 -
1383 3823 1420 3879 11
1440 3823 1543 3877 Weish.

240 3907 294 3962 sal.
312 3909 336 3970 9,
356 3909 464 3962 13-16.
482 3939 516 3947 -
535 3908 573 3964 18
592 3907 655 3978 Vgl.
673 3908 699 3960 Π
716 3907 781 3961 Kor.
799 3908 839 3969 12,
858 3909 882 3962 2.
901 3937 934 3946 -
954 3905 993 3962 19
1012 3907 1074 3976 vgl.
1093 3908 1119 3962 II
1137 3907 1201 3962 Kor.
1221 3909 1261 3972 12,
1279 3913 1303 3963 4.

309 4073 361 4128 Die
379 4062 556 4140 Ubemnhrist,
574 4075 679 4130 welche
695 4075 726 4128 in
743 4075 766 4129 'I'
783 4074 862 4140 fehlt,
880 4074 948 4128 wird
966 4074 1052 4128 durch
1070 4075 1114 4130 die
1134 4075 1228 4129 Worte
1246 4076 1294 4130 des
1312 4075 1456 4144 Origenes:
1480 4078 1546 4146 περί

240 4154 321 4228 εὐχῆς
348 4157 542 4228 προκειμένου
568 4153 635 4230 ἡμῖν
660 4165 713 4216 τοῦ
735 4154 826 4230 λόγου
848 4161 943 4229 Ιαοίεο
961 4159 1023 4229 Cap.
1042 4161 1068 4213 II
1087 4163 1109 4226 1,
1128 4160 1153 4213 S.
1172 4161 1223 4215 298
1240 4159 1266 4214 Z.
1286 4161 1329 4228 21)
1351 4160 1408 4214 und
1431 4160 1476 4214 dio
1498 4160 1546 4214 des

240 4243 412 4313 Pamphilus:
430 4243 501 4298 sicut
518 4243 603 4298 habet
621 4245 665 4298 vel
684 4244 717 4298 de
730 4245 862 4315 martyrio
877 4243 919 4298 vel
932 4244 966 4298 de
978 4244 1101 4298 oratione
1114 4244 1203 4315 (Apol.
1216 4244 1280 4316 Cap.
1292 4245 1365 4309 VIII,
1377 4248 1443 4299 tom.
1455 4245 1546 4299 XXIV

240 4347 265 4399 p.
283 4330 333 4384 397
357 4328 399 4383 ed.
417 4328 532 4397 Lomm.)
559 4329 702 4398 ῦεείσῦςθ,
729 4329 785 4398 vgl.
808 4329 878 4383 auch
905 4329 950 4382 die
972 4317 1143 4384 Uberschrist
1165 4329 1213 4382 des
1236 4329 1397 4398 Fragments
1419 4330 1459 4383 im
1481 4329 1546 4384 cod.

240 4413 301 4467 Col:
329 4421 360 4476 Ι-
377 4418 431 4468 τοῦ
454 4407 609 4484 ώρϊγένους
631 4409 665 4469 τῦ
688 4417 743 4483 τῆο
765 4405 852 4483 εύχῇα
870 4407 1090 4484 ἀκροτελεύτϊον
1113 4417 1117 4481 Ι
1142 4414 1158 4469 1
1186 4410 1236 4484 Τὰ]
1258 4415 1339 4468 Trot
1356 4413 1547 4482 ausgeffihrter

241 4497 334 4552 ιῃιιια
351 4497 373 4550 τ
388 4500 392 4565 Ι
407 4499 426 4553 υ
445 4495 483 4567 ιε]
502 4491 534 4566 εὴ
552 4497 634 4567 Angl.
653 4498 708 4568 (bei
725 4498 785 4552 οιι.
805 4499 818 4552 1
836 4499 915 4567 9112)
933 4508 966 4556 <
983 4497 1057 4554 fluet
1073 4499 1152 4554 Bent.
1171 4498 1224 4568 (εει
1243 4499 1482 4554 Del.1196Anm.
1495 4499 1521 4568 a)
1541 4501 1544 4568 Ι

239 4583 257 4637 4
277 4577 373 4651 χάριτι
390 4583 470 4651 θεοῦ]
492 4577 588 4654 χάριτι
609 4585 746 4638 νετιυαίεί
762 4583 843 4652 Angl.
867 4585 900 4650 (a.
919 4600 943 4637 υ.
961 4583 1002 4646 Ο.Ι
1021 4584 1161 4654 uanchIiss
1181 4586 1184 4652 Ι
1201 4585 1241 4640 10
1259 4579 1380 4654 ἐγενήθη
1402 4585 1546 4639 Ox.Lond.

240 4667 299 4722 Del.
318 4667 340 4736 (I
359 4669 409 4723 196
425 4669 505 4720 Anm.
524 4673 548 4735 αΙ
566 4668 671 4722 Lomm.
689 4662 829 4738 ἐγεννήθη
846 4667 931 4722 ΤΒυΙ.
947 4669 951 4737 Ι
968 4670 1005 4724 16
1026 4664 1189 4739 ἐξιχνεύσαι]
1209 4665 1362 4739 ἐξιχνιᾶσαι
1379 4669 1495 4724 TLond.
