3772 5526
360 479 400 542 56
901 470 1127 527 ανταιιιιονν

318 693 323 704 .
444 639 509 704 LII.
543 626 605 706 Ἢν
635 637 670 704 δέ
700 628 895 722 βουλόμεθα
923 630 1076 720 ἐξετάσαι
1105 639 1168 705 νῦν
1199 638 1262 704 τοῦ
1286 637 1417 704 Κέλσου
1441 639 1533 719 λέξιν
1559 625 1672 717 οὕτως

361 735 438 822 ἐγει·
466 739 531 804 καὶ
558 731 603 822 δὴ
632 739 931 822 παραλείπομεν
958 727 1029 805 ὅσα
1050 741 1140 820 περὶ
1162 739 1234 804 τοῦ
1256 729 1501 804 διδασκάλου
1522 739 1670 820 διελέγ-

360 861 518 922 χονται,
548 839 612 902 καὶ
642 839 813 904 δοκείτω
841 859 903 914 τις
925 829 978 916 ῶς
999 828 1159 922 άληθῶς
1181 827 1358 920 ἄγγελος.
1400 823 1470 920 ἧκε
1493 838 1532 904 δὲ
1553 829 1671 906 πότε-

362 960 435 1021 ρον
461 922 583 1012 οὗτος
608 939 769 1020 πρῶτος
794 938 858 1002 καὶ
881 928 1017 1022 μόνος,
1040 926 1062 1019 ἢ
1083 939 1149 1003 καὶ
1171 927 1289 1003 άλλοι
1310 929 1526 1020 πρότερον,·
1547 938 1582 1004 εί
1601 939 1670 1022 μέν

326 1049 342 1100 5
363 1051 482 1120 φαῖεν
512 1025 578 1104 ότι
604 1029 740 1122 μόνος,
773 1035 1006 1121 ἐλέγχοιντο
1029 1025 1077 1102 άν
1097 1035 1263 1102 ἐναντία
1283 1039 1396 1117 σφίσι
1417 1031 1670 1122 ψευδόμενοι.

362 1135 499 1203 ἐλθεῖν
529 1130 602 1220 γάρ
630 1140 695 1202 καὶ
725 1128 870 1214 ἄλλους
896 1137 1059 1220 λέγουσι
1080 1127 1291 1214 πολλάκις,
1318 1138 1383 1201 καί
1406 1125 1504 1218 ὁμοῦ
1525 1159 1564 1220 γε
1587 1128 1669 1220 {gvj-

360 1260 488 1303 κοντα
520 1225 542 1320 ἢ
573 1227 860 1320 ἐβδομήκοντα·
890 1226 960 1314 ούς
991 1228 1036 1319 δὴ
1066 1235 1254 1318 γενέσθαι
1283 1229 1431 1312 κακούς
1460 1237 1523 1300 καὶ
1553 1229 1671 1302 κολά-

362 1343 502 1418 ζεσθαι
531 1335 689 1419 δεσμοῖς
717 1325 1025 1420 ύποβληθέντας
1057 1332 1098 1401 ἐν
1127 1337 1187 1418 γῇ,
1217 1322 1313 1400 ὅθεν
1341 1337 1406 1400 καὶ
1427 1327 1498 1412 τὰς
1519 1329 1670 1420 θερμάς

361 1429 491 1520 πηγάς
521 1431 627 1501 εἶναι
656 1428 703 1501 τά
732 1433 899 1500 ἐκείνων
921 1426 1079 1520 δάκρυα.
1121 1435 1185 1498 καὶ
1206 1426 1281 1517 μὴν
1302 1435 1367 1499 καὶ
1389 1427 1490 1518 πρὸς
1512 1427 1584 1500 τὸν
1606 1427 1669 1501 αύ-

311 1536 437 1601 1οτοὗ
467 1535 587 1600 τοῦδε
617 1525 749 1615 τάφον
779 1534 916 1600 ἐλθεῖν
948 1524 1132 1617 άγγελον,
1163 1531 1200 1598 οί
1230 1531 1301 1616 μέν
1330 1527 1412 1610 ἐνα,
1449 1531 1486 1600 οί
1517 1535 1556 1600 δὲ
1587 1527 1669 1612 δύο,

363 1628 460 1711 τούς
485 1625 831 1717 ἀποκρινομένους
858 1645 943 1710 ταῖς
970 1635 1152 1716 γυναιξίν
1178 1620 1243 1698 ότι
1264 1623 1421 1718 άνέστη.
1465 1624 1577 1717 ὁγὰρ
1600 1633 1671 1700 τοῦ

364 1733 462 1798 θεου
483 1747 591 1812 παῖς
614 1758 667 1810 ως
689 1731 832 1812 εοικεν
855 1755 926 1799 ουκ
947 1726 1118 1798 ἐδυνατο
1139 1721 1300 1810 ανοῖξαι
1321 1755 1394 1797 τον
1416 1756 1560 1816 ταφον
1588 1723 1670 1800 ἀλλ’

363 1824 511 1917 ἐδεήθη
549 1821 673 1898 ἄλλου
707 1823 1034 1916 άποκινὴσουτος
1075 1824 1148 1946 την
1183 1831 1345 1914 πέτραν.
1402 1831 1461 1899 ἔτι
1495 1827 1572 1918 μὴν
1607 1833 1671 1898 καὶ

363 1924 462 2015 ύπέρ
469 1932 554 2054 (της
575 1932 731 2046 Μαρίας
759 1925 929 2017 κυούσης
950 1923 1050 2015 πρὸς
1076 1924 1149 1996 τὸν
1176 1930 1351 1996 τέκτονα
1377 1916 1470 2015 ἧκεν
1492 1923 1670 2015 ἄγγελος,

313 2042 346 2096 15
363 2022 478 2097 καί(
457 2033 556 2114 υπέρ
585 2033 659 2098 τοῦ
689 2024 735 2098 τὸ
761 2033 909 2116 βρέφος
931 2022 1233 2114 ἐξαρπάσαντος
1255 2044 1398 2113 φυγεῖν
1419 2021 1539 2108 ἄλλος
1561 2019 1671 2116 άγγε-

364 2136 441 2210 λος.
482 2134 547 2196 καὶ
574 2134 612 2198 τί
633 2130 693 2197 δεῖ
711 2123 844 2198 πάντα
871 2123 1226 2214 ἀκριβολογεῖσθαι
1247 2129 1311 2193 καί
1334 2124 1426 2207 τούς
1448 2131 1610 2197 Μωῦσεῖ
1630 2153 1672 2196 τε

364 2234 428 2296 καί
465 2221 604 2308 ἄλλοις
641 2221 775 2296 αύτῶν
803 2231 1041 2314 πεμφθῆναι
1071 2229 1316 2312 λεγομένους
1345 2220 1604 2312 άπαριθμεῖν;
1639 2230 1672 2295 εί

365 2334 507 2405 τοίνυν
534 2329 798 2415 ἐπέμφθησαν
827 2331 891 2394 καὶ
913 2319 1042 2407 ἄλλοι,
1070 2315 1281 2412 δηλονότι
1299 2333 1365 2394 καὶ
1387 2317 1454 2394 ὅδε
1473 2322 1579 2412 παρὰ
1601 2330 1672 2395 τοῦ

367 2423 492 2497 αὐτοῦ
520 2431 628 2497 θεοῦ.
670 2433 812 2494 πλεῖον
842 2428 884 2493 δέ
905 2452 942 2494 τι
964 2419 1171 2511 αγγελλειν
1193 2427 1379 2506 δοκείτω
1403 2429 1511 2511 φέρε,
1534 2417 1671 2510 ῶσπερ

315 2535 349 2590 20
367 2523 721 2641 πλημμελούντων
750 2551 789 2592 τι
809 2517 1009 2592 Ἰουδαίων
1038 2513 1058 2608 ἢ
1083 2517 1489 2640 παραγαραττόντων
1517 2521 1592 2612 τὴν
1613 2517 1672 2592 εύ-

367 2617 566 2706 σέβειαντἋ
588 2619 658 2710 ούχ
681 2614 769 2694 ὅσια
792 2621 995 2710 δρῶντων·
1026 2625 1152 2690 ταῦτα
1173 2618 1245 2708 γάρ
1269 2623 1534 2694 αἰνίττονται.

450 2726 530 2792 LIII.
549 2729 554 2806 Ι
569 2718 679 2810 Ἤρκει
704 2725 765 2811 μὲν
786 2711 850 2792 οὖν
872 2718 914 2791 τά
936 2725 1164 2809 προειρημένα
1186 2723 1223 2790 ἐν
1245 2737 1317 2802 τοῖς
1339 2726 1406 2812 ἰδίᾳ
1427 2729 1502 2810 περὶ
1524 2727 1587 2792 τοῦ
1609 2745 1673 2792 σω·
1690 2738 1742 2794 618

368 2827 472 2910 τῆρος
505 2817 603 2911 ἡμῶν
630 2817 736 2911 Ἰησοῦ
766 2825 918 2940 Χριστοῦ
950 2823 1156 2905 ἐξετασθεῖσι
1189 2817 1277 2908 πρὸς
1308 2817 1370 2902 τὰς
1400 2827 1531 2893 Κέλσου
1558 2827 1673 2907 λέξεις·

368 2925 423 2991 ίνα
449 2927 484 2991 δὲ
506 2920 551 3011 μὴ
572 2925 727 3009 δοκῶμεν
750 2916 861 2991 τόπον
883 2917 960 2990 τινά
981 2913 1089 3036 66106
1104 2946 1171 3038 της
1192 2924 1324 3008 γραφῆς
1345 2916 1593 3008 ὑπερβαίνειν
1581 2917 1674 2992 εκόν-

316 3035 350 3089 25
368 3049 423 3103 τες
449 3018 498 3104 ῶς
522 3019 567 3111 μὴ
595 3025 811 3140 δεδυνημένοι
833 3024 961 3137 λέγειν
962 3014 1049 3104 πρὸς
1069 3012 1186 3102 αύτόν,
1213 3024 1304 3107 φέρε,
1327 3023 1355 3089 εἰ
1376 3029 1433 3090 καὶ
1454 3031 1675 3109 ταυτολογεῖν

367 3125 544 3209 μέλλομεν,
571 3124 627 3190 ἐπὶ
653 3125 759 3191 τοῦτο
786 3114 872 3208 ἡμᾶς
898 3122 961 3187 τοῦ
984 3121 1115 3189 Κέλσου
1135 3123 1426 3206 προκαλουμένου,
1442 3110 1514 3239 ‘666
1538 3118 1675 3207 δύναμις

368 3219 606 3309 ἐπιτεμοίμεθα
636 3217 699 3289 τὸν
727 3215 847 3338 λόγον,
876 3211 986 3287 ἐάν
964 3243 1030 3303 αρα
1058 3244 1092 3287 τι
1120 3213 1274 3304 ύποπέοη
1301 3224 1378 3306 περί
1408 3225 1481 3288 τῶν
1510 3215 1627 3290 αὐτῶν
1654 3247 1675 3338 η

369 3311 657 3408 ἐναργέστερον”
637 3347 657 3407 η
680 3313 890 3406 καινότερον.
934 3321 1015 3405 φησὶ
1038 3314 1078 3405 δὴ
1107 3327 1354 3406 παραλιπεῖν
1383 3311 1455 3389 ὅσα
1482 3325 1573 3406 περὶ
1603 3324 1676 3390 τοῦ

370 3415 614 3490 διδασκάλου
647 3420 886 3506 Χριστιανοὶ
924 3419 1214 3504 διελέγχονται,
1255 3411 1296 3486 06
1330 3418 1572 3505 παραλιπών
1607 3423 1674 3508 <τι>

318 3531 352 3586 30
370 3507 422 3587 ῶν
453 3515 596 3589 ἐδύνατο
627 3522 747 3605 λέγειν·
777 3509 861 3604 ὅπερ
887 3517 958 3585 ἐστὶ
988 3512 1137 3603 φανερὸν
1166 3519 1203 3585 ἐκ
1225 3521 1298 3586 τῶν
1319 3511 1484 3607 άνωτέρω
1509 3515 1602 3608 αύτῷ
1625 3526 1676 3588 λε-

370 3621 554 3705 λεγμένων·
583 3611 698 3698 άλλως
725 3620 761 3686 δέ
790 3617 954 3704 ῥητορικῇ
977 3610 1155 3703 ἐγχειρήσει
1176 3624 1449 3687 κατακολουθῶν
1471 3615 1512 3688 τὸ
1536 3623 1675 3688 τοιοῦτο

370 3733 468 3786 ποιεῖ.
510 3711 596 3786 ἀλλὰ
624 3723 680 3785 καί
711 3708 765 3787 ότι
794 3711 835 3786 ού
864 3708 1152 3802 διελεγχόμεθα
1185 3721 1262 3802 περὶ
1292 3721 1354 3784 τοῦ
1381 3715 1588 3804 τηλικούτου
1615 3739 1676 3787 σω-

371 3819 474 3902 τῆρος
503 3808 613 3904 ἡμῶν,
643 3809 707 3886 κάν
736 3819 819 3903 δοκῇ
849 3809 868 3885 6
897 3818 1052 3902 ἐγκαλῶν
1084 3818 1317 3902 διελέγχειν,
1352 3820 1457 3904 δῆλον
1482 3818 1575 3886 ἔσται
1604 3834 1677 3900 τοῖς

459 3983 473 4040 λ
493 3981 556 4052 Vgl.
575 3983 690 4039 Henoch
708 3983 772 4056 Cap.
790 3985 824 4040 X.
842 3982 1069 4039 LXVII-LXIX.
1087 4012 1120 4022 -
1143 3983 1163 4039 6
1181 3981 1243 4054 vgl.
1262 3983 1361 4039 Matth.
1380 3985 1421 4054 28,
1439 3987 1463 4041 2.
1487 3985 1575 4041 Mark.
1593 3987 1634 4050 16,
1652 3989 1677 4042 5.

370 4096 403 4106 -
428 4067 467 4124 16
491 4067 556 4137 vgl.
574 4068 642 4123 Luk.
660 4069 707 4132 24,
724 4072 749 4123 4.
777 4069 902 4133 Joh.20‚
921 4069 962 4123 12.
991 4097 1023 4107 -
1052 4067 1091 4124 16
1117 4067 1180 4136 Vgl.
1198 4069 1298 4123 Matth.
1316 4071 1361 4132 28,
1380 4071 1404 4124 2.
1433 4069 1519 4124 Mark.
1538 4072 1584 4136 16,
1601 4071 1677 4125 3-5.

370 4149 442 4205 Luk.
461 4153 501 4218 24,
518 4153 543 4206 2.
570 4183 604 4193 -
631 4151 670 4210 14
691 4151 754 4223 Vgl.
773 4153 871 4208 Matth.
889 4156 912 4221 1,
930 4153 971 4208 20.
1000 4153 1024 4215 2,
1043 4153 1076 4206 13
1095 4169 1119 4205 ο.
1138 4152 1209 4206 oben
1228 4153 1299 4214 166,
1322 4155 1402 4209 1119
1422 4155 1448 4208 Ζ.
1466 4155 1559 4210 6-12.
1581 4184 1615 4194 -
1637 4153 1677 4211 22

371 4233 434 4305 Vgl.
452 4236 523 4291 oben
541 4237 554 4290 1
571 4239 596 4294 6.
614 4238 676 4295 261.
692 4239 802 4295 26-31.
816 4239 926 4294 66-10.
948 4237 974 4291 II
992 4237 1085 4292 9-11.
1098 4237 1206 4292 23-25.
1219 4239 1328 4292 32-37.
1340 4240 1449 4296 40—43.
1462 4241 1571 4296 59-70.
1583 4239 1624 4294 73.
1637 4241 1677 4295 29.

458 4387 477 4442 2
495 4389 722 4459 παραλείπομεν]
741 4389 965 4459 παραλείπωμεν
982 4385 1112 4441 (1ε1εαιυε
1121 4387 1180 4442 Del.
1196 4389 1201 4456 1
1221 4388 1240 4444 6
1263 4384 1408 4458 ἐλέγχοιτο
1426 4390 1451 4444 A
1470 4391 1474 4459 1
1495 4391 1532 4446 12
1556 4383 1677 4459 α’νοῖξαι]

371 4476 421 4525 νοτ
436 4471 487 4526 auf
500 4471 588 4526 Rasur
604 4477 630 4528 A
653 4476 658 4542 Ι
683 4473 721 4528 16
741 4466 799 4558 μὴγ
816 4473 840 4526 A
857 4469 911 4539 μέν
928 4475 1029 4541 Ausgg.
1054 4472 1058 4538 Ι
1083 4471 1122 4527 16
1144 4472 1247 4541 μωύοῆ
1264 4475 1396 4543 AAusgg.
1420 4476 1425 4541 Ι
1449 4475 1487 4530 16
1510 4474 1628 4530 δοκείτω
1650 4473 1678 4526 11

371 4555 473 4624 Ausgg.
493 4558 574 4612 δοκεῖ
587 4561 628 4611 τῶ
646 4559 672 4610 A
694 4557 699 4624 Ι
723 4556 764 4612 26
783 4542 959 4619 ίουδαέων,“
947 4575 957 4610 ι
976 4573 1006 4610 m
1023 4553 1166 4611 Correctur
1183 4559 1207 4610 A
1227 4559 1231 4624 Ι
1251 4557 1288 4616 21
1307 4559 1377 4612 τίΔ
1398 4560 1402 4627 Ι
1421 4558 1461 4615 26
1480 4559 1534 4629 (τι)
1552 4561 1617 4629 fuge
1634 4559 1679 4613 ich

370 4639 512 4694 ιο1111ο.
531 4640 703 4710 donAusgg.
721 4640 774 4694 ein.
