<?xml version="1.0" encoding="UTF-8"?>
<!DOCTYPE html PUBLIC "-//W3C//DTD XHTML 1.0 Transitional//EN"
    "http://www.w3.org/TR/xhtml1/DTD/xhtml1-transitional.dtd">
<html xmlns="http://www.w3.org/1999/xhtml" xml:lang="en" lang="en">
 <head>
  <title>
</title>
<meta http-equiv="Content-Type" content="text/html;charset=utf-8" />
  <meta name='ocr-system' content='tesseract 3.04.00' />
  <meta name='ocr-capabilities' content='ocr_page ocr_carea ocr_par ocr_line ocrx_word'/>
</head>
<body>
  <div class='ocr_page' id='page_1' title='image "./diegriechischen01wissgoog_0067.png"; bbox 0 0 3756 5514; ppageno 0'>
   <div class='ocr_carea' id='block_1_1' title="bbox 594 513 1498 585">
    <p class='ocr_par' dir='ltr' id='par_1_1' title="bbox 594 513 1498 585">
     <span class='ocr_line' id='line_1_1' title="bbox 594 513 1498 585; baseline -0.002 -16"><span class='ocrx_word' id='word_1_1' title='bbox 594 513 691 569; x_wconf 82' lang='grc' dir='ltr'><strong><em>ιοιτι</em></strong></span> <span class='ocrx_word' id='word_1_2' title='bbox 716 513 877 570; x_wconf 65' lang='lat' dir='ltr'><strong><em>umor</em></strong></span> <span class='ocrx_word' id='word_1_3' title='bbox 897 515 922 572; x_wconf 81' lang='lat' dir='ltr'>v</span> <span class='ocrx_word' id='word_1_4' title='bbox 943 515 985 570; x_wconf 86' lang='lat'><strong><em>42.</em></strong></span> <span class='ocrx_word' id='word_1_5' title='bbox 1002 515 1045 569; x_wconf 87' lang='lat'><strong><em>43.</em></strong></span> <span class='ocrx_word' id='word_1_6' title='bbox 1061 516 1103 568; x_wconf 87' lang='lat'><strong><em>44.</em></strong></span> <span class='ocrx_word' id='word_1_7' title='bbox 1459 525 1498 585; x_wconf 77' lang='lat'><strong><em>47</em></strong></span> 
     </span>
    </p>
   </div>
   <div class='ocr_carea' id='block_1_2' title="bbox 144 671 1568 1860">
    <p class='ocr_par' dir='ltr' id='par_1_2' title="bbox 190 671 1568 1066">
     <span class='ocr_line' id='line_1_2' title="bbox 190 671 1499 767; baseline -0.001 -17"><span class='ocrx_word' id='word_1_8' title='bbox 190 683 333 750; x_wconf 92' lang='grc' dir='ltr'><strong><em>πολλῶν</em></strong></span> <span class='ocrx_word' id='word_1_9' title='bbox 368 672 449 747; x_wconf 81' lang='grc' dir='ltr'><strong><em>άλλό</em></strong></span> <span class='ocrx_word' id='word_1_10' title='bbox 489 682 545 746; x_wconf 87' lang='grc' dir='ltr'><strong><em>καὶ</em></strong></span> <span class='ocrx_word' id='word_1_11' title='bbox 582 685 655 748; x_wconf 91' lang='grc' dir='ltr'><strong><em>τῶν</em></strong></span> <span class='ocrx_word' id='word_1_12' title='bbox 691 686 893 764; x_wconf 78' lang='grc' dir='ltr'><strong><em>φιλοσοφεῖν</em></strong></span> <span class='ocrx_word' id='word_1_13' title='bbox 922 675 1132 762; x_wconf 81' lang='grc' dir='ltr'><strong><em>δοκούντων,</em></strong></span> <span class='ocrx_word' id='word_1_14' title='bbox 1166 671 1222 750; x_wconf 85' lang='grc' dir='ltr'><strong><em>ότι</em></strong></span> <span class='ocrx_word' id='word_1_15' title='bbox 1252 681 1285 748; x_wconf 80' lang='grc' dir='ltr'><strong><em>οἱ</em></strong></span> <span class='ocrx_word' id='word_1_16' title='bbox 1313 682 1375 767; x_wconf 79' lang='grc' dir='ltr'><strong><em>μὲν</em></strong></span> <span class='ocrx_word' id='word_1_17' title='bbox 1405 689 1499 764; x_wconf 89' lang='grc' dir='ltr'><strong><em>φιλο-</em></strong></span> 
     </span>
     <span class='ocr_line' id='line_1_3' title="bbox 191 773 1568 869; baseline 0 -21"><span class='ocrx_word' id='word_1_18' title='bbox 191 781 379 863; x_wconf 85' lang='grc' dir='ltr'><strong><em>σοφοῦντες</em></strong></span> <span class='ocrx_word' id='word_1_19' title='bbox 402 778 407 864; x_wconf 90' lang='grc' dir='ltr'>Ι</span> <span class='ocrx_word' id='word_1_20' title='bbox 429 773 513 861; x_wconf 82' lang='grc' dir='ltr'><strong><em>μετὰ</em></strong></span> <span class='ocrx_word' id='word_1_21' title='bbox 540 775 622 859; x_wconf 87' lang='grc' dir='ltr'><strong><em>τοῦς</em></strong></span> <span class='ocrx_word' id='word_1_22' title='bbox 649 776 787 865; x_wconf 83' lang='grc' dir='ltr'><strong><em>σεμνούς</em></strong></span> <span class='ocrx_word' id='word_1_23' title='bbox 814 781 850 849; x_wconf 85' lang='grc' dir='ltr'><strong><em>έν</em></strong></span> <span class='ocrx_word' id='word_1_24' title='bbox 877 783 1062 869; x_wconf 77' lang='grc' dir='ltr'><strong><em>φιλοσοφίᾳ</em></strong></span> <span class='ocrx_word' id='word_1_25' title='bbox 1083 773 1204 865; x_wconf 81' lang='grc' dir='ltr'><strong><em>λόγους</em></strong></span> <span class='ocrx_word' id='word_1_26' title='bbox 1224 785 1499 848; x_wconf 74' lang='grc' dir='ltr'><strong><em>καταπίπτουσιν</em></strong></span> <span class='ocrx_word' id='word_1_27' title='bbox 1520 795 1568 848; x_wconf 89' lang='grc'><strong><em>611</em></strong></span> 
     </span>
     <span class='ocr_line' id='line_1_4' title="bbox 192 870 1498 966; baseline 0.001 -20"><span class='ocrx_word' id='word_1_28' title='bbox 192 880 246 947; x_wconf 83' lang='grc' dir='ltr'><strong><em>ἔπὶ</em></strong></span> <span class='ocrx_word' id='word_1_29' title='bbox 269 872 310 946; x_wconf 86' lang='grc' dir='ltr'><strong><em>τά</em></strong></span> <span class='ocrx_word' id='word_1_30' title='bbox 334 879 455 945; x_wconf 82' lang='grc' dir='ltr'><strong><em>εἴδωλα</em></strong></span> <span class='ocrx_word' id='word_1_31' title='bbox 476 874 634 958; x_wconf 80' lang='grc' dir='ltr'><strong><em>καὶτοὺς</em></strong></span> <span class='ocrx_word' id='word_1_32' title='bbox 656 881 824 964; x_wconf 87' lang='grc' dir='ltr'><strong><em>δαίμονας,</em></strong></span> <span class='ocrx_word' id='word_1_33' title='bbox 846 870 1046 947; x_wconf 77' lang='grc' dir='ltr'><strong><em>Ἰουδαίων</em></strong></span> <span class='ocrx_word' id='word_1_34' title='bbox 1068 881 1180 946; x_wconf 80' lang='grc' dir='ltr'><strong><em>δὲκαὶ</em></strong></span> <span class='ocrx_word' id='word_1_35' title='bbox 1203 870 1222 945; x_wconf 90' lang='grc' dir='ltr'><strong><em>δ</em></strong></span> <span class='ocrx_word' id='word_1_36' title='bbox 1245 877 1383 964; x_wconf 82' lang='grc' dir='ltr'><strong><em>ἔσχατος</em></strong></span> <span class='ocrx_word' id='word_1_37' title='bbox 1402 871 1498 966; x_wconf 82' lang='grc' dir='ltr'><strong><em>μόνῳ</em></strong></span> 
     </span>
     <span class='ocr_line' id='line_1_5' title="bbox 192 968 1500 1066; baseline -0.001 -21"><span class='ocrx_word' id='word_1_38' title='bbox 192 979 293 1066; x_wconf 79' lang='grc' dir='ltr'><strong><em>ἐνορᾷ</em></strong></span> <span class='ocrx_word' id='word_1_39' title='bbox 319 979 372 1063; x_wconf 83' lang='grc' dir='ltr'><strong><em>τῶ</em></strong></span> <span class='ocrx_word' id='word_1_40' title='bbox 399 977 455 1044; x_wconf 82' lang='grc' dir='ltr'><strong><em>ἐπὶ</em></strong></span> <span class='ocrx_word' id='word_1_41' title='bbox 480 979 562 1044; x_wconf 87' lang='grc' dir='ltr'><strong><em>πᾶσι</em></strong></span> <span class='ocrx_word' id='word_1_42' title='bbox 584 980 669 1064; x_wconf 82' lang='grc' dir='ltr'><strong><em>θεῶ·</em></strong></span> <span class='ocrx_word' id='word_1_43' title='bbox 698 981 753 1044; x_wconf 87' lang='grc' dir='ltr'><strong><em>καὶ</em></strong></span> <span class='ocrx_word' id='word_1_44' title='bbox 774 982 888 1058; x_wconf 89' lang='grc' dir='ltr'><strong><em>καλῶς</em></strong></span> <span class='ocrx_word' id='word_1_45' title='bbox 910 1002 945 1063; x_wconf 91' lang='grc' dir='ltr'><strong><em>γε</em></strong></span> <span class='ocrx_word' id='word_1_46' title='bbox 968 968 1050 1046; x_wconf 87' lang='grc' dir='ltr'><strong><em>όσον</em></strong></span> <span class='ocrx_word' id='word_1_47' title='bbox 1071 979 1126 1046; x_wconf 77' lang='grc' dir='ltr'><strong><em>ἐπὶ</em></strong></span> <span class='ocrx_word' id='word_1_48' title='bbox 1147 973 1263 1065; x_wconf 82' lang='grc' dir='ltr'><strong><em>τούτῳ</em></strong></span> <span class='ocrx_word' id='word_1_49' title='bbox 1286 973 1500 1065; x_wconf 90' lang='grc' dir='ltr'><strong><em>σεμνύνον-</em></strong></span> 
     </span>
    </p>

    <p class='ocr_par' dir='ltr' id='par_1_3' title="bbox 159 1069 1503 1561">
     <span class='ocr_line' id='line_1_6' title="bbox 159 1069 1500 1164; baseline 0.002 -21"><span class='ocrx_word' id='word_1_50' title='bbox 159 1089 257 1145; x_wconf 87' lang='grc' dir='ltr'><strong><em>5ται</em></strong></span> <span class='ocrx_word' id='word_1_51' title='bbox 278 1078 342 1143; x_wconf 83' lang='grc' dir='ltr'><strong><em>καί</em></strong></span> <span class='ocrx_word' id='word_1_52' title='bbox 365 1071 439 1161; x_wconf 83' lang='grc' dir='ltr'><strong><em>τὴν</em></strong></span> <span class='ocrx_word' id='word_1_53' title='bbox 461 1081 535 1144; x_wconf 90' lang='grc' dir='ltr'><strong><em>τῶν</em></strong></span> <span class='ocrx_word' id='word_1_54' title='bbox 556 1069 690 1144; x_wconf 81' lang='grc' dir='ltr'><strong><em>ἄλλων</em></strong></span> <span class='ocrx_word' id='word_1_55' title='bbox 712 1071 765 1158; x_wconf 87' lang='grc' dir='ltr'><strong><em>ῶς</em></strong></span> <span class='ocrx_word' id='word_1_56' title='bbox 786 1079 919 1162; x_wconf 81' lang='grc' dir='ltr'><strong><em>ἐναγῶν</em></strong></span> <span class='ocrx_word' id='word_1_57' title='bbox 940 1079 995 1144; x_wconf 88' lang='grc' dir='ltr'><strong><em>καὶ</em></strong></span> <span class='ocrx_word' id='word_1_58' title='bbox 1019 1069 1149 1158; x_wconf 81' lang='grc' dir='ltr'><strong><em>άσεβῶν</em></strong></span> <span class='ocrx_word' id='word_1_59' title='bbox 1170 1079 1395 1164; x_wconf 79' lang='grc' dir='ltr'><strong><em>ἐκτρέπονται</em></strong></span> <span class='ocrx_word' id='word_1_60' title='bbox 1418 1103 1500 1146; x_wconf 88' lang='grc' dir='ltr'><strong><em>κοι-</em></strong></span> 
     </span>
     <span class='ocr_line' id='line_1_7' title="bbox 193 1169 1501 1264; baseline 0 -20"><span class='ocrx_word' id='word_1_61' title='bbox 193 1180 351 1244; x_wconf 89' lang='grc' dir='ltr'><strong><em>νωνίαν.</em></strong></span> <span class='ocrx_word' id='word_1_62' title='bbox 393 1178 449 1242; x_wconf 89' lang='grc' dir='ltr'><strong><em>καί</em></strong></span> <span class='ocrx_word' id='word_1_63' title='bbox 474 1176 546 1243; x_wconf 86' lang='grc' dir='ltr'><strong><em>είθε</em></strong></span> <span class='ocrx_word' id='word_1_64' title='bbox 571 1169 689 1256; x_wconf 87' lang='grc' dir='ltr'><strong><em>αύτοῖς</em></strong></span> <span class='ocrx_word' id='word_1_65' title='bbox 713 1172 757 1263; x_wconf 85' lang='grc' dir='ltr'><strong><em>μὴ</em></strong></span> <span class='ocrx_word' id='word_1_66' title='bbox 780 1169 955 1263; x_wconf 80' lang='grc' dir='ltr'><strong><em>ἡμάρτητο</em></strong></span> <span class='ocrx_word' id='word_1_67' title='bbox 976 1169 1233 1264; x_wconf 80' lang='grc' dir='ltr'><strong><em>παρανομήσασι</em></strong></span> <span class='ocrx_word' id='word_1_68' title='bbox 1253 1181 1310 1245; x_wconf 85' lang='grc' dir='ltr'><strong><em>καὶ</em></strong></span> <span class='ocrx_word' id='word_1_69' title='bbox 1330 1171 1501 1263; x_wconf 89' lang='grc' dir='ltr'><strong><em>πρότερον</em></strong></span> 
     </span>
     <span class='ocr_line' id='line_1_8' title="bbox 193 1266 1501 1363; baseline -0.001 -20"><span class='ocrx_word' id='word_1_70' title='bbox 193 1279 254 1362; x_wconf 81' lang='grc' dir='ltr'><strong><em>μὲν</em></strong></span> <span class='ocrx_word' id='word_1_71' title='bbox 271 1271 373 1359; x_wconf 76' lang='grc' dir='ltr'><strong><em>,τοῦς</em></strong></span> <span class='ocrx_word' id='word_1_72' title='bbox 388 1269 592 1362; x_wconf 78' lang='grc' dir='ltr'><strong><em>προφήτας“</em></strong></span> <span class='ocrx_word' id='word_1_73' title='bbox 613 1268 854 1345; x_wconf 77' lang='grc' dir='ltr'><strong><em>ἀποκτείνασιν</em></strong></span> <span class='ocrx_word' id='word_1_74' title='bbox 875 1266 1021 1362; x_wconf 86' lang='grc' dir='ltr'><strong><em>ύστερον</em></strong></span> <span class='ocrx_word' id='word_1_75' title='bbox 1042 1276 1078 1342; x_wconf 80' lang='grc' dir='ltr'><strong><em>δὲ</em></strong></span> <span class='ocrx_word' id='word_1_76' title='bbox 1100 1278 1155 1344; x_wconf 88' lang='grc' dir='ltr'><strong><em>καί</em></strong></span> <span class='ocrx_word' id='word_1_77' title='bbox 1177 1279 1229 1363; x_wconf 79' lang='grc' dir='ltr'><strong><em>τῷ</em></strong></span> <span class='ocrx_word' id='word_1_78' title='bbox 1244 1267 1349 1362; x_wconf 81' lang='grc' dir='ltr'><strong><em>Ἰησοῦ</em></strong></span> <span class='ocrx_word' id='word_1_79' title='bbox 1370 1278 1501 1358; x_wconf 77' lang='grc' dir='ltr'><strong><em>ἐπιβου-</em></strong></span> 
     </span>
     <span class='ocr_line' id='line_1_9' title="bbox 194 1365 1503 1462; baseline -0.001 -21"><span class='ocrx_word' id='word_1_80' title='bbox 194 1370 360 1443; x_wconf 84' lang='grc' dir='ltr'><strong><em>λεύσασιν·</em></strong></span> <span class='ocrx_word' id='word_1_81' title='bbox 390 1365 432 1442; x_wconf 78' lang='grc' dir='ltr'><strong><em>ἵν’</em></strong></span> <span class='ocrx_word' id='word_1_82' title='bbox 454 1371 582 1460; x_wconf 78' lang='grc' dir='ltr'><strong><em>ἔχωμεν</em></strong></span> <span class='ocrx_word' id='word_1_83' title='bbox 611 1368 819 1462; x_wconf 90' lang='grc' dir='ltr'><strong><em>παράδειγμα</em></strong></span> <span class='ocrx_word' id='word_1_84' title='bbox 849 1368 984 1456; x_wconf 89' lang='grc' dir='ltr'><strong><em>πόλεως</em></strong></span> <span class='ocrx_word' id='word_1_85' title='bbox 1014 1368 1186 1460; x_wconf 90' lang='grc' dir='ltr'><strong><em>ούρανίας,</em></strong></span> <span class='ocrx_word' id='word_1_86' title='bbox 1213 1367 1256 1460; x_wconf 78' lang='grc' dir='ltr'><strong><em>ἣν</em></strong></span> <span class='ocrx_word' id='word_1_87' title='bbox 1282 1369 1421 1462; x_wconf 76' lang='grc' dir='ltr'><strong><em>ἐζήτησε</em></strong></span> <span class='ocrx_word' id='word_1_88' title='bbox 1442 1377 1503 1461; x_wconf 78' lang='grc' dir='ltr'><strong><em>μὲν</em></strong></span> 
     </span>
     <span class='ocr_line' id='line_1_10' title="bbox 195 1464 1502 1561; baseline 0 -22"><span class='ocrx_word' id='word_1_89' title='bbox 195 1467 375 1560; x_wconf 76' lang='grc' dir='ltr'><strong><em>διαγράψαι</em></strong></span> <span class='ocrx_word' id='word_1_90' title='bbox 404 1477 461 1541; x_wconf 85' lang='grc' dir='ltr'><strong><em>καί</em></strong></span> <span class='ocrx_word' id='word_1_91' title='bbox 492 1467 643 1543; x_wconf 80' lang='grc' dir='ltr'><strong><em>Πλάτων</em></strong></span> <span class='ocrx_word' id='word_1_92' title='bbox 673 1467 738 1542; x_wconf 86' lang='grc' dir='ltr'><strong><em>οῦκ</em></strong></span> <span class='ocrx_word' id='word_1_93' title='bbox 768 1474 844 1543; x_wconf 88' lang='grc' dir='ltr'><strong><em>οίδα</em></strong></span> <span class='ocrx_word' id='word_1_94' title='bbox 876 1477 912 1542; x_wconf 79' lang='grc' dir='ltr'><strong><em>δὲ</em></strong></span> <span class='ocrx_word' id='word_1_95' title='bbox 946 1477 975 1542; x_wconf 88' lang='grc' dir='ltr'><strong><em>εί</em></strong></span> <span class='ocrx_word' id='word_1_96' title='bbox 1002 1478 1171 1544; x_wconf 90' lang='grc' dir='ltr'><strong><em>τοσοῦτον</em></strong></span> <span class='ocrx_word' id='word_1_97' title='bbox 1199 1469 1390 1561; x_wconf 81' lang='grc' dir='ltr'><strong><em>δεδύνηται,</em></strong></span> <span class='ocrx_word' id='word_1_98' title='bbox 1420 1464 1502 1542; x_wconf 79' lang='grc' dir='ltr'><strong><em>ὅσον</em></strong></span> 
     </span>
    </p>

    <p class='ocr_par' dir='ltr' id='par_1_4' title="bbox 144 1567 1503 1860">
     <span class='ocr_line' id='line_1_11' title="bbox 144 1567 1503 1661; baseline 0.002 -24"><span class='ocrx_word' id='word_1_99' title='bbox 144 1583 178 1637; x_wconf 88' lang='grc'><strong><em>10</em></strong></span> <span class='ocrx_word' id='word_1_100' title='bbox 194 1577 345 1661; x_wconf 85' lang='grc' dir='ltr'><strong><em>Μωῦσῆς</em></strong></span> <span class='ocrx_word' id='word_1_101' title='bbox 370 1573 479 1659; x_wconf 85' lang='grc' dir='ltr'><strong><em>ἰ’σχυσε</em></strong></span> <span class='ocrx_word' id='word_1_102' title='bbox 508 1576 563 1641; x_wconf 85' lang='grc' dir='ltr'><strong><em>καί</em></strong></span> <span class='ocrx_word' id='word_1_103' title='bbox 592 1573 624 1642; x_wconf 93' lang='grc' dir='ltr'><strong><em>οί</em></strong></span> <span class='ocrx_word' id='word_1_104' title='bbox 649 1567 721 1660; x_wconf 76' lang='grc' dir='ltr'><strong><em>μετ’</em></strong></span> <span class='ocrx_word' id='word_1_105' title='bbox 743 1568 861 1654; x_wconf 88' lang='grc' dir='ltr'><strong><em>αύτὸν,</em></strong></span> <span class='ocrx_word' id='word_1_106' title='bbox 889 1576 1007 1659; x_wconf 74' lang='grc' dir='ltr'><strong><em>,γένος</em></strong></span> <span class='ocrx_word' id='word_1_107' title='bbox 1033 1599 1068 1642; x_wconf 94' lang='grc' dir='ltr'><strong><em>τι</em></strong></span> <span class='ocrx_word' id='word_1_108' title='bbox 1095 1568 1276 1642; x_wconf 81' lang='grc' dir='ltr'><strong><em>έκλεκτδν“</em></strong></span> <span class='ocrx_word' id='word_1_109' title='bbox 1301 1577 1358 1641; x_wconf 87' lang='grc' dir='ltr'><strong><em>καὶ</em></strong></span> <span class='ocrx_word' id='word_1_110' title='bbox 1381 1572 1503 1654; x_wconf 81' lang='grc' dir='ltr'><strong><em>,ἔθνος</em></strong></span> 
     </span>
     <span class='ocr_line' id='line_1_12' title="bbox 194 1665 1501 1759; baseline 0.001 -20"><span class='ocrx_word' id='word_1_111' title='bbox 194 1665 312 1759; x_wconf 54' lang='grc' dir='ltr'><strong><em>άγιονίί</em></strong></span> <span class='ocrx_word' id='word_1_112' title='bbox 341 1676 396 1739; x_wconf 87' lang='grc' dir='ltr'><strong><em>καί</em></strong></span> <span class='ocrx_word' id='word_1_113' title='bbox 432 1673 506 1759; x_wconf 84' lang='grc' dir='ltr'><strong><em>θεῶ</em></strong></span> <span class='ocrx_word' id='word_1_114' title='bbox 540 1665 759 1758; x_wconf 87' lang='grc' dir='ltr'><strong><em>άνακείμενον</em></strong></span> <span class='ocrx_word' id='word_1_115' title='bbox 796 1675 1021 1758; x_wconf 86' lang='grc' dir='ltr'><strong><em>έντρέφοντες</em></strong></span> <span class='ocrx_word' id='word_1_116' title='bbox 1054 1665 1168 1757; x_wconf 80' lang='grc' dir='ltr'><strong><em>λόγοις</em></strong></span> <span class='ocrx_word' id='word_1_117' title='bbox 1202 1680 1401 1758; x_wconf 80' lang='grc' dir='ltr'><strong><em>καθαροῖς</em></strong></span> <span class='ocrx_word' id='word_1_118' title='bbox 1433 1665 1501 1740; x_wconf 86' lang='grc' dir='ltr'><strong><em>άπὸ</em></strong></span> 
     </span>
     <span class='ocr_line' id='line_1_13' title="bbox 194 1767 584 1860; baseline -0.013 -17"><span class='ocrx_word' id='word_1_119' title='bbox 194 1767 302 1860; x_wconf 90' lang='grc' dir='ltr'><strong><em>πάσης</em></strong></span> <span class='ocrx_word' id='word_1_120' title='bbox 323 1775 584 1856; x_wconf 86' lang='grc' dir='ltr'><strong><em>δεισιδαιμονίας.</em></strong></span> 
     </span>
    </p>
   </div>
   <div class='ocr_carea' id='block_1_3' title="bbox 111 1879 1506 3564">
    <p class='ocr_par' dir='ltr' id='par_1_5' title="bbox 111 1879 1506 3564">
     <span class='ocr_line' id='line_1_14' title="bbox 277 1879 1501 1974; baseline 0 -18"><span class='ocrx_word' id='word_1_121' title='bbox 277 1890 386 1958; x_wconf 83' lang='lat' dir='ltr'>XLIV.</span> <span class='ocrx_word' id='word_1_122' title='bbox 433 1879 521 1956; x_wconf 78' lang='grc' dir='ltr'><strong><em>Ἐπεί</em></strong></span> <span class='ocrx_word' id='word_1_123' title='bbox 552 1890 587 1956; x_wconf 83' lang='grc' dir='ltr'><strong><em>δὲ</em></strong></span> <span class='ocrx_word' id='word_1_124' title='bbox 617 1883 775 1968; x_wconf 83' lang='grc' dir='ltr'><strong><em>βούλεται</em></strong></span> <span class='ocrx_word' id='word_1_125' title='bbox 807 1888 934 1966; x_wconf 79' lang='grc' dir='ltr'><strong><em>Κέλσος</em></strong></span> <span class='ocrx_word' id='word_1_126' title='bbox 964 1901 1174 1956; x_wconf 87' lang='grc' dir='ltr'><strong><em>κοινοποιεῖν</em></strong></span> <span class='ocrx_word' id='word_1_127' title='bbox 1205 1883 1248 1955; x_wconf 86' lang='grc' dir='ltr'><strong><em>τά</em></strong></span> <span class='ocrx_word' id='word_1_128' title='bbox 1278 1885 1381 1974; x_wconf 87' lang='grc' dir='ltr'><strong><em>σεμνά</em></strong></span> <span class='ocrx_word' id='word_1_129' title='bbox 1411 1881 1501 1956; x_wconf 89' lang='grc' dir='ltr'><strong><em>Ἰου-</em></strong></span> 
     </span>
     <span class='ocr_line' id='line_1_15' title="bbox 196 1980 1502 2074; baseline -0.003 -16"><span class='ocrx_word' id='word_1_130' title='bbox 196 1993 323 2058; x_wconf 88' lang='grc' dir='ltr'><strong><em>δαίων</em></strong></span> <span class='ocrx_word' id='word_1_131' title='bbox 343 1991 460 2058; x_wconf 87' lang='grc' dir='ltr'><strong><em>έθνῶν</em></strong></span> <span class='ocrx_word' id='word_1_132' title='bbox 482 2012 589 2055; x_wconf 90' lang='grc' dir='ltr'><strong><em>τινων</em></strong></span> <span class='ocrx_word' id='word_1_133' title='bbox 611 1980 763 2072; x_wconf 91' lang='grc' dir='ltr'><strong><em>νόμοις,</em></strong></span> <span class='ocrx_word' id='word_1_134' title='bbox 786 1989 868 2074; x_wconf 89' lang='grc' dir='ltr'><strong><em>φέρε</em></strong></span> <span class='ocrx_word' id='word_1_135' title='bbox 888 1989 944 2055; x_wconf 85' lang='grc' dir='ltr'><strong><em>καὶ</em></strong></span> <span class='ocrx_word' id='word_1_136' title='bbox 966 1991 1077 2056; x_wconf 91' lang='grc' dir='ltr'><strong><em>ταῦτα</em></strong></span> <span class='ocrx_word' id='word_1_137' title='bbox 1098 1981 1337 2073; x_wconf 82' lang='grc' dir='ltr'><strong><em>θεωρήσωμεν.</em></strong></span> <span class='ocrx_word' id='word_1_138' title='bbox 1378 1993 1502 2074; x_wconf 79' lang='grc' dir='ltr'><strong><em>νομίζει</em></strong></span> 
     </span>
     <span class='ocr_line' id='line_1_16' title="bbox 111 2078 1503 2174; baseline -0.004 -16"><span class='ocrx_word' id='word_1_139' title='bbox 111 2091 201 2174; x_wconf 57' lang='grc'><strong>12711</strong></span> <span class='ocrx_word' id='word_1_140' title='bbox 226 2094 346 2158; x_wconf 89' lang='grc' dir='ltr'><strong><em>τοίνυν</em></strong></span> <span class='ocrx_word' id='word_1_141' title='bbox 368 2083 413 2156; x_wconf 88' lang='grc' dir='ltr'><strong><em>τὸ</em></strong></span> <span class='ocrx_word' id='word_1_142' title='bbox 443 2091 534 2172; x_wconf 83' lang='grc' dir='ltr'><strong><em>περὶ</em></strong></span> <span class='ocrx_word' id='word_1_143' title='bbox 556 2078 730 2170; x_wconf 85' lang='grc' dir='ltr'><strong><em>ούρανοῦ</em></strong></span> <span class='ocrx_word' id='word_1_144' title='bbox 760 2082 886 2172; x_wconf 87' lang='grc' dir='ltr'><strong><em>δι’γμα</em></strong></span> <span class='ocrx_word' id='word_1_145' title='bbox 906 2089 1011 2170; x_wconf 73' lang='grc' dir='ltr'><strong><em>μηδὲν</em></strong></span> <span class='ocrx_word' id='word_1_146' title='bbox 1033 2089 1234 2170; x_wconf 81' lang='grc' dir='ltr'><strong><em>διαφέρειν</em></strong></span> <span class='ocrx_word' id='word_1_147' title='bbox 1256 2088 1319 2153; x_wconf 92' lang='grc' dir='ltr'><strong><em>τοῦ</em></strong></span> <span class='ocrx_word' id='word_1_148' title='bbox 1341 2089 1417 2171; x_wconf 84' lang='grc' dir='ltr'><strong><em>περὶ</em></strong></span> <span class='ocrx_word' id='word_1_149' title='bbox 1440 2091 1503 2154; x_wconf 90' lang='grc' dir='ltr'><strong><em>τοῦ</em></strong></span> 
     </span>
     <span class='ocr_line' id='line_1_17' title="bbox 197 2177 1505 2272; baseline -0.004 -15"><span class='ocrx_word' id='word_1_150' title='bbox 197 2193 281 2257; x_wconf 84' lang='grc' dir='ltr'><strong><em>θεοῦ</em></strong></span> <span class='ocrx_word' id='word_1_151' title='bbox 306 2193 362 2256; x_wconf 92' lang='grc' dir='ltr'><strong><em>καί</em></strong></span> <span class='ocrx_word' id='word_1_152' title='bbox 389 2207 471 2272; x_wconf 91' lang='grc' dir='ltr'><strong><em>φησι</em></strong></span> <span class='ocrx_word' id='word_1_153' title='bbox 496 2189 742 2272; x_wconf 90' lang='grc' dir='ltr'><strong><em>παραπλησίως</em></strong></span> <span class='ocrx_word' id='word_1_154' title='bbox 769 2199 843 2265; x_wconf 93' lang='grc' dir='ltr'><strong><em>τοῖς</em></strong></span> <span class='ocrx_word' id='word_1_155' title='bbox 863 2177 1069 2264; x_wconf 84' lang='grc' dir='ltr'><strong><em>Ἰουδαίοις</em></strong></span> <span class='ocrx_word' id='word_1_156' title='bbox 1091 2182 1173 2265; x_wconf 86' lang='grc' dir='ltr'><strong><em>τούς</em></strong></span> <span class='ocrx_word' id='word_1_157' title='bbox 1194 2187 1345 2269; x_wconf 83' lang='grc' dir='ltr'><strong><em>Πέρσας</em></strong></span> <span class='ocrx_word' id='word_1_158' title='bbox 1367 2190 1419 2272; x_wconf 81' lang='grc' dir='ltr'><strong><em>τῶ</em></strong></span> <span class='ocrx_word' id='word_1_159' title='bbox 1443 2189 1505 2252; x_wconf 86' lang='grc' dir='ltr'><strong><em>Διῒ</em></strong></span> 
     </span>
     <span class='ocr_line' id='line_1_18' title="bbox 196 2275 1503 2370; baseline -0.003 -14"><span class='ocrx_word' id='word_1_160' title='bbox 196 2291 338 2368; x_wconf 89' lang='grc' dir='ltr'><strong><em>θυσίας</em></strong></span> <span class='ocrx_word' id='word_1_161' title='bbox 360 2288 537 2366; x_wconf 84' lang='grc' dir='ltr'><strong><em>ἐπιτελεῖν,</em></strong></span> <span class='ocrx_word' id='word_1_162' title='bbox 560 2285 624 2352; x_wconf 85' lang='grc' dir='ltr'><strong><em>έπί</em></strong></span> <span class='ocrx_word' id='word_1_163' title='bbox 652 2279 699 2350; x_wconf 85' lang='grc' dir='ltr'><strong><em>τὰ</em></strong></span> <span class='ocrx_word' id='word_1_164' title='bbox 724 2277 963 2370; x_wconf 73' lang='grc' dir='ltr'><strong><em>ὑψηλότατα</em></strong></span> <span class='ocrx_word' id='word_1_165' title='bbox 989 2289 1071 2352; x_wconf 89' lang='grc' dir='ltr'><strong><em>τῶν</em></strong></span> <span class='ocrx_word' id='word_1_166' title='bbox 1096 2275 1224 2368; x_wconf 84' lang='grc' dir='ltr'><strong><em>ὀρέων</em></strong></span> <span class='ocrx_word' id='word_1_167' title='bbox 1246 2277 1503 2368; x_wconf 82' lang='grc' dir='ltr'><strong><em>&lt;άναβαίνον-</em></strong></span> 
     </span>
     <span class='ocr_line' id='line_1_19' title="bbox 198 2375 1502 2472; baseline -0.005 -16"><span class='ocrx_word' id='word_1_168' title='bbox 198 2390 301 2472; x_wconf 87' lang='grc' dir='ltr'><strong><em>τας&gt;·</em></strong></span> <span class='ocrx_word' id='word_1_169' title='bbox 332 2379 392 2471; x_wconf 89' lang='grc' dir='ltr'><strong><em>ούχ</em></strong></span> <span class='ocrx_word' id='word_1_170' title='bbox 414 2377 509 2471; x_wconf 85' lang='grc' dir='ltr'><strong><em>δρῶν</em></strong></span> <span class='ocrx_word' id='word_1_171' title='bbox 530 2376 585 2452; x_wconf 89' lang='grc' dir='ltr'><strong><em>ότι</em></strong></span> <span class='ocrx_word' id='word_1_172' title='bbox 612 2377 796 2452; x_wconf 89' lang='grc' dir='ltr'><strong><em>Ἰουδαῖοι</em></strong></span> <span class='ocrx_word' id='word_1_173' title='bbox 826 2377 874 2462; x_wconf 86' lang='grc' dir='ltr'><strong><em>ῶς</em></strong></span> <span class='ocrx_word' id='word_1_174' title='bbox 897 2381 955 2451; x_wconf 80' lang='grc' dir='ltr'><strong><em>ίνα</em></strong></span> <span class='ocrx_word' id='word_1_175' title='bbox 976 2379 1062 2452; x_wconf 86' lang='grc' dir='ltr'><strong><em>θεὸν</em></strong></span> <span class='ocrx_word' id='word_1_176' title='bbox 1083 2376 1282 2471; x_wconf 79' lang='grc' dir='ltr'><strong><em>ἠπίσταντο,</em></strong></span> <span class='ocrx_word' id='word_1_177' title='bbox 1309 2375 1422 2463; x_wconf 79' lang='grc' dir='ltr'><strong><em>οὕτως</em></strong></span> <span class='ocrx_word' id='word_1_178' title='bbox 1444 2382 1502 2451; x_wconf 81' lang='grc' dir='ltr'><strong><em>ἔνο</em></strong></span> 
     </span>
     <span class='ocr_line' id='line_1_20' title="bbox 197 2474 1504 2574; baseline -0.005 -18"><span class='ocrx_word' id='word_1_179' title='bbox 197 2483 261 2556; x_wconf 89' lang='grc' dir='ltr'><strong><em>τὸν</em></strong></span> <span class='ocrx_word' id='word_1_180' title='bbox 283 2489 344 2574; x_wconf 80' lang='grc' dir='ltr'><strong><em>τῆς</em></strong></span> <span class='ocrx_word' id='word_1_181' title='bbox 369 2487 555 2571; x_wconf 84' lang='grc' dir='ltr'><strong><em>προσευχῆς</em></strong></span> <span class='ocrx_word' id='word_1_182' title='bbox 580 2474 677 2569; x_wconf 84' lang='grc' dir='ltr'><strong><em>άγιον</em></strong></span> <span class='ocrx_word' id='word_1_183' title='bbox 699 2481 795 2552; x_wconf 92' lang='grc' dir='ltr'><strong><em>οίκον</em></strong></span> <span class='ocrx_word' id='word_1_184' title='bbox 820 2488 876 2551; x_wconf 85' lang='grc' dir='ltr'><strong><em>καὶ</em></strong></span> <span class='ocrx_word' id='word_1_185' title='bbox 899 2483 935 2550; x_wconf 79' lang='grc' dir='ltr'><strong><em>ἔν</em></strong></span> <span class='ocrx_word' id='word_1_186' title='bbox 957 2479 998 2552; x_wconf 87' lang='grc' dir='ltr'><strong><em>τὸ</em></strong></span> <span class='ocrx_word' id='word_1_187' title='bbox 1021 2487 1095 2552; x_wconf 90' lang='grc' dir='ltr'><strong><em>τῶν</em></strong></span> <span class='ocrx_word' id='word_1_188' title='bbox 1118 2475 1423 2570; x_wconf 86' lang='grc' dir='ltr'><strong><em>δλοκαρπωμάτων</em></strong></span> <span class='ocrx_word' id='word_1_189' title='bbox 1443 2490 1504 2550; x_wconf 89' lang='grc' dir='ltr'><strong><em>θυ-</em></strong></span> 
     </span>
     <span class='ocr_line' id='line_1_21' title="bbox 146 2577 1502 2674; baseline -0.006 -18"><span class='ocrx_word' id='word_1_190' title='bbox 146 2603 181 2656; x_wconf 83' lang='grc'><strong>20</strong></span> <span class='ocrx_word' id='word_1_191' title='bbox 198 2581 394 2674; x_wconf 83' lang='grc' dir='ltr'><strong><em>σιοστὴριον</em></strong></span> <span class='ocrx_word' id='word_1_192' title='bbox 425 2588 481 2652; x_wconf 86' lang='grc' dir='ltr'><strong><em>καί</em></strong></span> <span class='ocrx_word' id='word_1_193' title='bbox 511 2583 548 2651; x_wconf 77' lang='grc' dir='ltr'><strong><em>ἔν</em></strong></span> <span class='ocrx_word' id='word_1_194' title='bbox 574 2577 615 2650; x_wconf 86' lang='grc' dir='ltr'><strong><em>τό</em></strong></span> <span class='ocrx_word' id='word_1_195' title='bbox 648 2587 721 2652; x_wconf 88' lang='grc' dir='ltr'><strong><em>τῶν</em></strong></span> <span class='ocrx_word' id='word_1_196' title='bbox 752 2577 978 2669; x_wconf 88' lang='grc' dir='ltr'><strong><em>θυμιαμάτων</em></strong></span> <span class='ocrx_word' id='word_1_197' title='bbox 1008 2577 1234 2670; x_wconf 87' lang='grc' dir='ltr'><strong><em>θυμιατήριον</em></strong></span> <span class='ocrx_word' id='word_1_198' title='bbox 1262 2588 1319 2652; x_wconf 88' lang='grc' dir='ltr'><strong><em>καί</em></strong></span> <span class='ocrx_word' id='word_1_199' title='bbox 1349 2582 1408 2652; x_wconf 75' lang='grc' dir='ltr'><strong><em>ἕνα</em></strong></span> <span class='ocrx_word' id='word_1_200' title='bbox 1439 2577 1502 2652; x_wconf 87' lang='grc' dir='ltr'><strong><em>τὸν</em></strong></span> 
     </span>
     <span class='ocr_line' id='line_1_22' title="bbox 199 2670 1502 2770; baseline -0.005 -13"><span class='ocrx_word' id='word_1_201' title='bbox 199 2691 262 2757; x_wconf 89' lang='grc' dir='ltr'><strong><em>τοῦ</em></strong></span> <span class='ocrx_word' id='word_1_202' title='bbox 282 2689 367 2754; x_wconf 85' lang='grc' dir='ltr'><strong><em>θεοῦ</em></strong></span> <span class='ocrx_word' id='word_1_203' title='bbox 389 2677 549 2770; x_wconf 81' lang='grc' dir='ltr'><strong><em>ἀρχιερέα.</em></strong></span> <span class='ocrx_word' id='word_1_204' title='bbox 591 2675 691 2751; x_wconf 75' lang='grc' dir='ltr'><strong><em>οῦδὲν</em></strong></span> <span class='ocrx_word' id='word_1_205' title='bbox 711 2670 775 2750; x_wconf 89' lang='grc' dir='ltr'><strong><em>σύν</em></strong></span> <span class='ocrx_word' id='word_1_206' title='bbox 796 2677 916 2751; x_wconf 88' lang='grc' dir='ltr'><strong><em>κοινὸν</em></strong></span> <span class='ocrx_word' id='word_1_207' title='bbox 936 2677 1023 2769; x_wconf 89' lang='grc' dir='ltr'><strong><em>πρός</em></strong></span> <span class='ocrx_word' id='word_1_208' title='bbox 1045 2684 1195 2768; x_wconf 83' lang='grc' dir='ltr'><strong><em>Πέρσας</em></strong></span> <span class='ocrx_word' id='word_1_209' title='bbox 1219 2671 1265 2768; x_wconf 80' lang='grc' dir='ltr'><strong><em>ἦν</em></strong></span> <span class='ocrx_word' id='word_1_210' title='bbox 1285 2677 1502 2763; x_wconf 87' lang='grc' dir='ltr'><strong><em>Ἰουδαίοις,</em></strong></span> 
     </span>
     <span class='ocr_line' id='line_1_23' title="bbox 200 2771 1502 2870; baseline -0.003 -16"><span class='ocrx_word' id='word_1_211' title='bbox 200 2788 262 2854; x_wconf 80' lang='grc' dir='ltr'><strong><em>ἐπὶ</em></strong></span> <span class='ocrx_word' id='word_1_212' title='bbox 293 2783 340 2854; x_wconf 85' lang='grc' dir='ltr'><strong><em>τά</em></strong></span> <span class='ocrx_word' id='word_1_213' title='bbox 369 2775 606 2870; x_wconf 86' lang='grc' dir='ltr'><strong><em>ύφηλότατα</em></strong></span> <span class='ocrx_word' id='word_1_214' title='bbox 634 2786 716 2849; x_wconf 92' lang='grc' dir='ltr'><strong><em>τῶν</em></strong></span> <span class='ocrx_word' id='word_1_215' title='bbox 744 2771 890 2866; x_wconf 86' lang='grc' dir='ltr'><strong><em>δρέων,</em></strong></span> <span class='ocrx_word' id='word_1_216' title='bbox 913 2776 1086 2850; x_wconf 91' lang='grc' dir='ltr'><strong><em>πλειόνων</em></strong></span> <span class='ocrx_word' id='word_1_217' title='bbox 1109 2775 1234 2864; x_wconf 90' lang='grc' dir='ltr'><strong><em>όντων,</em></strong></span> <span class='ocrx_word' id='word_1_218' title='bbox 1266 2775 1502 2863; x_wconf 78' lang='grc' dir='ltr'><strong><em>ἀναβαίνον-</em></strong></span> 
     </span>
     <span class='ocr_line' id='line_1_24' title="bbox 200 2873 1503 2968; baseline -0.005 -14"><span class='ocrx_word' id='word_1_219' title='bbox 200 2913 270 2966; x_wconf 88' lang='grc' dir='ltr'><strong><em>τας</em></strong></span> <span class='ocrx_word' id='word_1_220' title='bbox 305 2888 361 2954; x_wconf 83' lang='grc' dir='ltr'><strong><em>καὶ</em></strong></span> <span class='ocrx_word' id='word_1_221' title='bbox 389 2887 531 2962; x_wconf 88' lang='grc' dir='ltr'><strong><em>θυσίας</em></strong></span> <span class='ocrx_word' id='word_1_222' title='bbox 566 2883 823 2961; x_wconf 76' lang='grc' dir='ltr'><strong><em>ἐπιτελοῦντας,</em></strong></span> <span class='ocrx_word' id='word_1_223' title='bbox 858 2875 958 2950; x_wconf 77' lang='grc' dir='ltr'><strong><em>οῦδὲν</em></strong></span> <span class='ocrx_word' id='word_1_224' title='bbox 991 2873 1232 2968; x_wconf 82' lang='grc' dir='ltr'><strong><em>παραπλήσιον</em></strong></span> <span class='ocrx_word' id='word_1_225' title='bbox 1262 2876 1399 2966; x_wconf 78' lang='grc' dir='ltr'><strong><em>ἐχούσας</em></strong></span> <span class='ocrx_word' id='word_1_226' title='bbox 1430 2898 1503 2961; x_wconf 87' lang='grc' dir='ltr'><strong><em>ταῖς</em></strong></span> 
     </span>
     <span class='ocr_line' id='line_1_25' title="bbox 199 2972 1504 3070; baseline -0.003 -18"><span class='ocrx_word' id='word_1_227' title='bbox 199 2981 286 3054; x_wconf 84' lang='grc' dir='ltr'><strong><em>κατὰ</em></strong></span> <span class='ocrx_word' id='word_1_228' title='bbox 317 2979 381 3052; x_wconf 87' lang='grc' dir='ltr'><strong><em>τὸν</em></strong></span> <span class='ocrx_word' id='word_1_229' title='bbox 402 2983 603 3061; x_wconf 84' lang='grc' dir='ltr'><strong><em>Μωῦσέως</em></strong></span> <span class='ocrx_word' id='word_1_230' title='bbox 632 2972 770 3066; x_wconf 86' lang='grc' dir='ltr'><strong><em>νόμον·</em></strong></span> <span class='ocrx_word' id='word_1_231' title='bbox 797 2973 878 3048; x_wconf 83' lang='grc' dir='ltr'><strong><em>καθ’</em></strong></span> <span class='ocrx_word' id='word_1_232' title='bbox 902 2973 942 3048; x_wconf 81' lang='grc' dir='ltr'><strong><em>δν</em></strong></span> <span class='ocrx_word' id='word_1_233' title='bbox 969 2973 1210 3066; x_wconf 87' lang='grc' dir='ltr'><strong><em>,,ύποδείγματι</em></strong></span> <span class='ocrx_word' id='word_1_234' title='bbox 1236 2985 1292 3048; x_wconf 85' lang='grc' dir='ltr'><strong><em>καί</em></strong></span> <span class='ocrx_word' id='word_1_235' title='bbox 1314 2984 1410 3070; x_wconf 46' lang='grc' dir='ltr'><strong><em>σκιᾷίί</em></strong></span> <span class='ocrx_word' id='word_1_236' title='bbox 1431 2975 1504 3048; x_wconf 83' lang='grc' dir='ltr'><strong><em>ἐλά-</em></strong></span> 
     </span>
     <span class='ocr_line' id='line_1_26' title="bbox 147 3071 1504 3170; baseline -0.005 -18"><span class='ocrx_word' id='word_1_237' title='bbox 147 3099 182 3152; x_wconf 81' lang='lat'><strong><em>25</em></strong></span> <span class='ocrx_word' id='word_1_238' title='bbox 200 3109 322 3170; x_wconf 89' lang='grc' dir='ltr'><strong><em>τρευον</em></strong></span> <span class='ocrx_word' id='word_1_239' title='bbox 343 3085 438 3166; x_wconf 82' lang='grc' dir='ltr'><strong><em>,τῶν</em></strong></span> <span class='ocrx_word' id='word_1_240' title='bbox 452 3081 685 3166; x_wconf 53' lang='grc' dir='ltr'><strong><em>έπουρανίωνίί</em></strong></span> <span class='ocrx_word' id='word_1_241' title='bbox 707 3079 739 3146; x_wconf 84' lang='grc' dir='ltr'><strong><em>οί</em></strong></span> <span class='ocrx_word' id='word_1_242' title='bbox 760 3071 962 3170; x_wconf 86' lang='grc' dir='ltr'><strong><em>Ἰουδαίων</em></strong></span> <span class='ocrx_word' id='word_1_243' title='bbox 982 3079 1088 3164; x_wconf 85' lang='grc' dir='ltr'><strong><em>ίερεῖς,</em></strong></span> <span class='ocrx_word' id='word_1_244' title='bbox 1110 3081 1147 3148; x_wconf 79' lang='grc' dir='ltr'><strong><em>ἐν</em></strong></span> <span class='ocrx_word' id='word_1_245' title='bbox 1168 3073 1354 3166; x_wconf 81' lang='grc' dir='ltr'><strong><em>άποῤῥῆτῳ</em></strong></span> <span class='ocrx_word' id='word_1_246' title='bbox 1375 3075 1504 3166; x_wconf 87' lang='grc' dir='ltr'><strong><em>διηγού-</em></strong></span> 
     </span>
     <span class='ocr_line' id='line_1_27' title="bbox 199 3167 1506 3272; baseline -0.006 -20"><span class='ocrx_word' id='word_1_247' title='bbox 199 3209 295 3272; x_wconf 89' lang='grc' dir='ltr'><strong><em>μενοι</em></strong></span> <span class='ocrx_word' id='word_1_248' title='bbox 325 3177 366 3251; x_wconf 88' lang='grc' dir='ltr'><strong><em>τὸ</em></strong></span> <span class='ocrx_word' id='word_1_249' title='bbox 392 3183 457 3249; x_wconf 91' lang='grc' dir='ltr'><strong><em>τοῦ</em></strong></span> <span class='ocrx_word' id='word_1_250' title='bbox 486 3173 612 3266; x_wconf 89' lang='grc' dir='ltr'><strong><em>νόμου</em></strong></span> <span class='ocrx_word' id='word_1_251' title='bbox 642 3181 814 3262; x_wconf 78' lang='grc' dir='ltr'><strong><em>περὶτῶν</em></strong></span> <span class='ocrx_word' id='word_1_252' title='bbox 843 3184 997 3246; x_wconf 91' lang='grc' dir='ltr'><strong><em>θυσιῶν</em></strong></span> <span class='ocrx_word' id='word_1_253' title='bbox 1027 3173 1177 3264; x_wconf 83' lang='grc' dir='ltr'><strong><em>βούλημα</em></strong></span> <span class='ocrx_word' id='word_1_254' title='bbox 1202 3182 1258 3246; x_wconf 84' lang='grc' dir='ltr'><strong><em>καλ</em></strong></span> <span class='ocrx_word' id='word_1_255' title='bbox 1286 3167 1338 3246; x_wconf 85' lang='grc' dir='ltr'><strong><em>ῶν</em></strong></span> <span class='ocrx_word' id='word_1_256' title='bbox 1358 3175 1506 3264; x_wconf 83' lang='grc' dir='ltr'><strong><em>σύμβολα</em></strong></span> 
     </span>
     <span class='ocr_line' id='line_1_28' title="bbox 199 3269 1505 3368; baseline -0.005 -17"><span class='ocrx_word' id='word_1_257' title='bbox 199 3271 286 3368; x_wconf 82' lang='grc' dir='ltr'><strong><em>ἦσαν</em></strong></span> <span class='ocrx_word' id='word_1_258' title='bbox 308 3269 416 3348; x_wconf 88' lang='grc' dir='ltr'><strong><em>αῦται.</em></strong></span> <span class='ocrx_word' id='word_1_259' title='bbox 459 3282 606 3364; x_wconf 88' lang='grc' dir='ltr'><strong><em>Πέρσαι</em></strong></span> <span class='ocrx_word' id='word_1_260' title='bbox 636 3280 755 3346; x_wconf 91' lang='grc' dir='ltr'><strong><em>τοίνυν</em></strong></span> <span class='ocrx_word' id='word_1_261' title='bbox 785 3271 919 3346; x_wconf 91' lang='grc' dir='ltr'><strong><em>πάντα</em></strong></span> <span class='ocrx_word' id='word_1_262' title='bbox 949 3272 1021 3345; x_wconf 85' lang='grc' dir='ltr'><strong><em>τόν</em></strong></span> <span class='ocrx_word' id='word_1_263' title='bbox 1054 3283 1125 3347; x_wconf 89' lang='grc' dir='ltr'><strong><em>τοῦ</em></strong></span> <span class='ocrx_word' id='word_1_264' title='bbox 1154 3271 1327 3363; x_wconf 89' lang='grc' dir='ltr'><strong><em>ούρανοῦ</em></strong></span> <span class='ocrx_word' id='word_1_265' title='bbox 1356 3273 1505 3346; x_wconf 90' lang='grc' dir='ltr'><strong><em>κύκλον</em></strong></span> 
     </span>
     <span class='ocr_line' id='line_1_29' title="bbox 202 3369 1505 3464; baseline -0.005 -14"><span class='ocrx_word' id='word_1_266' title='bbox 202 3387 270 3450; x_wconf 87' lang='grc' dir='ltr'><strong><em>Δία</em></strong></span> <span class='ocrx_word' id='word_1_267' title='bbox 301 3383 563 3458; x_wconf 90' lang='grc' dir='ltr'><strong><em>καλείτωσαν,</em></strong></span> <span class='ocrx_word' id='word_1_268' title='bbox 587 3370 678 3464; x_wconf 80' lang='grc' dir='ltr'><strong><em>ἡμεῖς</em></strong></span> <span class='ocrx_word' id='word_1_269' title='bbox 709 3381 744 3444; x_wconf 77' lang='grc' dir='ltr'><strong><em>δὲ</em></strong></span> <span class='ocrx_word' id='word_1_270' title='bbox 775 3369 857 3446; x_wconf 87' lang='grc' dir='ltr'><strong><em>οῦτε</em></strong></span> <span class='ocrx_word' id='word_1_271' title='bbox 880 3380 948 3444; x_wconf 85' lang='grc' dir='ltr'><strong><em>Δία</em></strong></span> <span class='ocrx_word' id='word_1_272' title='bbox 973 3369 1055 3446; x_wconf 82' lang='grc' dir='ltr'><strong><em>οὔτε</em></strong></span> <span class='ocrx_word' id='word_1_273' title='bbox 1081 3373 1145 3445; x_wconf 89' lang='grc' dir='ltr'><strong><em>τὸν</em></strong></span> <span class='ocrx_word' id='word_1_274' title='bbox 1171 3371 1255 3446; x_wconf 92' lang='grc' dir='ltr'><strong><em>θεόν</em></strong></span> <span class='ocrx_word' id='word_1_275' title='bbox 1282 3402 1394 3463; x_wconf 85' lang='grc' dir='ltr'><strong><em>φαμεν</em></strong></span> <span class='ocrx_word' id='word_1_276' title='bbox 1420 3373 1505 3444; x_wconf 91' lang='grc' dir='ltr'><strong><em>είναι</em></strong></span> 
     </span>
     <span class='ocr_line' id='line_1_30' title="bbox 201 3469 1506 3564; baseline -0.004 -16"><span class='ocrx_word' id='word_1_277' title='bbox 201 3476 273 3550; x_wconf 87' lang='grc' dir='ltr'><strong><em>τόν</em></strong></span> <span class='ocrx_word' id='word_1_278' title='bbox 305 3472 494 3564; x_wconf 89' lang='grc' dir='ltr'><strong><em>ούρανόν,</em></strong></span> <span class='ocrx_word' id='word_1_279' title='bbox 525 3479 563 3544; x_wconf 77' lang='grc' dir='ltr'><strong><em>οἵ</em></strong></span> <span class='ocrx_word' id='word_1_280' title='bbox 589 3502 626 3563; x_wconf 88' lang='grc' dir='ltr'><strong><em>γε</em></strong></span> <span class='ocrx_word' id='word_1_281' title='bbox 651 3470 862 3563; x_wconf 78' lang='grc' dir='ltr'><strong><em>ἐπιστάμεθα</em></strong></span> <span class='ocrx_word' id='word_1_282' title='bbox 884 3480 939 3543; x_wconf 87' lang='grc' dir='ltr'><strong><em>καί</em></strong></span> <span class='ocrx_word' id='word_1_283' title='bbox 961 3503 1038 3544; x_wconf 91' lang='grc' dir='ltr'><strong><em>τινα</em></strong></span> <span class='ocrx_word' id='word_1_284' title='bbox 1060 3483 1134 3546; x_wconf 90' lang='grc' dir='ltr'><strong><em>τῶν</em></strong></span> <span class='ocrx_word' id='word_1_285' title='bbox 1156 3469 1315 3563; x_wconf 80' lang='grc' dir='ltr'><strong><em>ἡττόνων</em></strong></span> <span class='ocrx_word' id='word_1_286' title='bbox 1337 3479 1400 3544; x_wconf 90' lang='grc' dir='ltr'><strong><em>τοῦ</em></strong></span> <span class='ocrx_word' id='word_1_287' title='bbox 1422 3480 1506 3544; x_wconf 90' lang='grc' dir='ltr'><strong><em>θεοῦ</em></strong></span> 
     </span>
    </p>
   </div>
   <div class='ocr_carea' id='block_1_4' title="bbox 200 3665 1508 4328">
    <p class='ocr_par' dir='ltr' id='par_1_6' title="bbox 200 3665 1508 4328">
     <span class='ocr_line' id='line_1_31' title="bbox 288 3665 1506 3739; baseline -0.002 -15"><span class='ocrx_word' id='word_1_288' title='bbox 288 3674 302 3727; x_wconf 76' lang='grc'><strong>2</strong></span> <span class='ocrx_word' id='word_1_289' title='bbox 327 3669 390 3739; x_wconf 81' lang='lat' dir='ltr'>Vgl.</span> <span class='ocrx_word' id='word_1_290' title='bbox 408 3667 508 3722; x_wconf 68' lang='lat' dir='ltr'>Matth.</span> <span class='ocrx_word' id='word_1_291' title='bbox 526 3667 567 3730; x_wconf 88' lang='lat'><strong><em>23,</em></strong></span> <span class='ocrx_word' id='word_1_292' title='bbox 585 3667 628 3721; x_wconf 82' lang='lat'><strong><em>37.</em></strong></span> <span class='ocrx_word' id='word_1_293' title='bbox 653 3667 722 3721; x_wconf 81' lang='lat' dir='ltr'>Luk.</span> <span class='ocrx_word' id='word_1_294' title='bbox 741 3668 781 3732; x_wconf 89' lang='lat'><strong><em>13,</em></strong></span> <span class='ocrx_word' id='word_1_295' title='bbox 800 3667 841 3720; x_wconf 78' lang='lat'><strong><em>34.</em></strong></span> <span class='ocrx_word' id='word_1_296' title='bbox 860 3697 892 3706; x_wconf 92' lang='lat'>-</span> <span class='ocrx_word' id='word_1_297' title='bbox 915 3667 933 3722; x_wconf 82' lang='lat'><strong>8</strong></span> <span class='ocrx_word' id='word_1_298' title='bbox 952 3667 1013 3736; x_wconf 86' lang='lat' dir='ltr'>Vgl.</span> <span class='ocrx_word' id='word_1_299' title='bbox 1033 3669 1158 3722; x_wconf 76' lang='lat' dir='ltr'>Clemens</span> <span class='ocrx_word' id='word_1_300' title='bbox 1176 3668 1263 3734; x_wconf 69' lang='lat' dir='ltr'><strong>Alex„</strong></span> <span class='ocrx_word' id='word_1_301' title='bbox 1280 3665 1379 3720; x_wconf 81' lang='lat' dir='ltr'>Strom.</span> <span class='ocrx_word' id='word_1_302' title='bbox 1399 3667 1437 3719; x_wconf 93' lang='lat' dir='ltr'><strong><em>IV</em></strong></span> <span class='ocrx_word' id='word_1_303' title='bbox 1456 3669 1506 3722; x_wconf 80' lang='lat'><strong><em>172</em></strong></span> 
     </span>
     <span class='ocr_line' id='line_1_32' title="bbox 200 3751 1508 3827; baseline -0.002 -17"><span class='ocrx_word' id='word_1_304' title='bbox 200 3775 226 3827; x_wconf 87' lang='lat' dir='ltr'><strong><em>p.</em></strong></span> <span class='ocrx_word' id='word_1_305' title='bbox 245 3757 295 3810; x_wconf 85' lang='grc'><strong><em>642</em></strong></span> <span class='ocrx_word' id='word_1_306' title='bbox 313 3755 356 3810; x_wconf 85' lang='grc' dir='ltr'><strong><em>εδ.</em></strong></span> <span class='ocrx_word' id='word_1_307' title='bbox 373 3752 475 3808; x_wconf 76' lang='lat' dir='ltr'>Potter.</span> <span class='ocrx_word' id='word_1_308' title='bbox 492 3783 526 3792; x_wconf 92' lang='lat'>—</span> <span class='ocrx_word' id='word_1_309' title='bbox 542 3753 562 3808; x_wconf 88' lang='grc' dir='ltr'><strong><em>θ</em></strong></span> <span class='ocrx_word' id='word_1_310' title='bbox 581 3751 644 3821; x_wconf 81' lang='lat' dir='ltr'>Vgl.</span> <span class='ocrx_word' id='word_1_311' title='bbox 662 3751 756 3814; x_wconf 67' lang='lat' dir='ltr'>Plato,</span> <span class='ocrx_word' id='word_1_312' title='bbox 773 3751 826 3805; x_wconf 74' lang='lat' dir='ltr'><strong><em>Res</em></strong></span> <span class='ocrx_word' id='word_1_313' title='bbox 843 3751 917 3822; x_wconf 88' lang='lat' dir='ltr'><strong>publ.</strong></span> <span class='ocrx_word' id='word_1_314' title='bbox 935 3753 960 3804; x_wconf 89' lang='lat'><strong><em>11</em></strong></span> <span class='ocrx_word' id='word_1_315' title='bbox 979 3756 1019 3806; x_wconf 90' lang='lat'><strong><em>11.</em></strong></span> <span class='ocrx_word' id='word_1_316' title='bbox 1039 3753 1071 3806; x_wconf 90' lang='grc'><strong><em>12</em></strong></span> <span class='ocrx_word' id='word_1_317' title='bbox 1088 3771 1113 3822; x_wconf 89' lang='lat' dir='ltr'><strong><em>p.</em></strong></span> <span class='ocrx_word' id='word_1_318' title='bbox 1131 3753 1182 3808; x_wconf 87' lang='grc'><strong><em>360</em></strong></span> <span class='ocrx_word' id='word_1_319' title='bbox 1195 3751 1302 3806; x_wconf 81' lang='grc' dir='ltr'><strong>Β-372</strong></span> <span class='ocrx_word' id='word_1_320' title='bbox 1314 3751 1342 3804; x_wconf 85' lang='lat'><strong><em>0.</em></strong></span> <span class='ocrx_word' id='word_1_321' title='bbox 1366 3751 1404 3804; x_wconf 84' lang='lat' dir='ltr'><strong><em>IV</em></strong></span> <span class='ocrx_word' id='word_1_322' title='bbox 1422 3753 1508 3808; x_wconf 91' lang='grc'><strong>6-10</strong></span> 
     </span>
     <span class='ocr_line' id='line_1_33' title="bbox 201 3834 1506 3912; baseline -0.005 -17"><span class='ocrx_word' id='word_1_323' title='bbox 201 3859 226 3912; x_wconf 89' lang='lat' dir='ltr'><strong><em>p.</em></strong></span> <span class='ocrx_word' id='word_1_324' title='bbox 245 3839 417 3894; x_wconf 83' lang='grc'><strong><em>4271)-434</em></strong></span> <span class='ocrx_word' id='word_1_325' title='bbox 426 3837 454 3893; x_wconf 84' lang='lat' dir='ltr'><strong><em>G.</em></strong></span> <span class='ocrx_word' id='word_1_326' title='bbox 484 3836 507 3889; x_wconf 89' lang='lat' dir='ltr'>V</span> <span class='ocrx_word' id='word_1_327' title='bbox 526 3838 559 3893; x_wconf 85' lang='lat'><strong><em>13</em></strong></span> <span class='ocrx_word' id='word_1_328' title='bbox 580 3853 606 3906; x_wconf 90' lang='lat' dir='ltr'><strong><em>p.</em></strong></span> <span class='ocrx_word' id='word_1_329' title='bbox 623 3835 752 3890; x_wconf 80' lang='lat'>47301).</span> <span class='ocrx_word' id='word_1_330' title='bbox 780 3835 866 3904; x_wconf 67' lang='lat' dir='ltr'><strong>Leges</strong></span> <span class='ocrx_word' id='word_1_331' title='bbox 883 3834 907 3888; x_wconf 90' lang='lat' dir='ltr'>V</span> <span class='ocrx_word' id='word_1_332' title='bbox 926 3836 1027 3890; x_wconf 85' lang='lat'>10—14</span> <span class='ocrx_word' id='word_1_333' title='bbox 1051 3854 1075 3906; x_wconf 91' lang='lat' dir='ltr'><strong><em>p.</em></strong></span> <span class='ocrx_word' id='word_1_334' title='bbox 1095 3834 1307 3892; x_wconf 73' lang='grc'><strong><em>73911-14511.</em></strong></span> <span class='ocrx_word' id='word_1_335' title='bbox 1329 3866 1363 3874; x_wconf 97' lang='lat'><em>-</em></span> <span class='ocrx_word' id='word_1_336' title='bbox 1386 3837 1426 3892; x_wconf 92' lang='grc'><strong><em>10</em></strong></span> <span class='ocrx_word' id='word_1_337' title='bbox 1443 3835 1506 3905; x_wconf 82' lang='lat' dir='ltr'>Vgl.</span> 
     </span>
     <span class='ocr_line' id='line_1_34' title="bbox 200 3917 1507 3991; baseline -0.005 -12"><span class='ocrx_word' id='word_1_338' title='bbox 200 3924 303 3980; x_wconf 79' lang='lat' dir='ltr'>IPetr.</span> <span class='ocrx_word' id='word_1_339' title='bbox 320 3923 345 3989; x_wconf 90' lang='lat'><strong><em>2,</em></strong></span> <span class='ocrx_word' id='word_1_340' title='bbox 362 3924 380 3977; x_wconf 87' lang='grc'>9</span> <span class='ocrx_word' id='word_1_341' title='bbox 397 3921 460 3991; x_wconf 81' lang='grc' dir='ltr'><strong><em>(ίεε.</em></strong></span> <span class='ocrx_word' id='word_1_342' title='bbox 477 3923 519 3984; x_wconf 88' lang='grc'><strong><em>43,</em></strong></span> <span class='ocrx_word' id='word_1_343' title='bbox 536 3921 578 3976; x_wconf 95' lang='grc'><strong>20.</strong></span> <span class='ocrx_word' id='word_1_344' title='bbox 601 3917 688 3973; x_wconf 74' lang='lat'>1:101.</span> <span class='ocrx_word' id='word_1_345' title='bbox 707 3921 747 3982; x_wconf 88' lang='grc'><strong><em>19,</em></strong></span> <span class='ocrx_word' id='word_1_346' title='bbox 765 3920 799 3986; x_wconf 88' lang='grc'><strong><em>6).</em></strong></span> <span class='ocrx_word' id='word_1_347' title='bbox 817 3949 850 3958; x_wconf 94' lang='grc'>-</span> <span class='ocrx_word' id='word_1_348' title='bbox 870 3919 908 3976; x_wconf 92' lang='grc'><strong><em>16</em></strong></span> <span class='ocrx_word' id='word_1_349' title='bbox 925 3918 988 3988; x_wconf 80' lang='lat' dir='ltr'>Vgl.</span> <span class='ocrx_word' id='word_1_350' title='bbox 1007 3920 1078 3974; x_wconf 83' lang='lat' dir='ltr'>oben</span> <span class='ocrx_word' id='word_1_351' title='bbox 1095 3919 1119 3971; x_wconf 93' lang='lat' dir='ltr'>V</span> <span class='ocrx_word' id='word_1_352' title='bbox 1136 3921 1168 3972; x_wconf 98' lang='lat'>41</span> <span class='ocrx_word' id='word_1_353' title='bbox 1187 3919 1350 3974; x_wconf 79' lang='lat' dir='ltr'>u.Herod01</span> <span class='ocrx_word' id='word_1_354' title='bbox 1367 3919 1380 3972; x_wconf 96' lang='lat' dir='ltr'>I</span> <span class='ocrx_word' id='word_1_355' title='bbox 1399 3921 1456 3974; x_wconf 89' lang='lat'>131.</span> <span class='ocrx_word' id='word_1_356' title='bbox 1474 3949 1507 3959; x_wconf 96' lang='lat'><em>-</em></span> 
     </span>
     <span class='ocr_line' id='line_1_35' title="bbox 202 4002 1508 4076; baseline -0.004 -12"><span class='ocrx_word' id='word_1_357' title='bbox 202 4009 243 4065; x_wconf 72' lang='lat'><strong><em>19</em></strong></span> <span class='ocrx_word' id='word_1_358' title='bbox 261 4007 323 4076; x_wconf 85' lang='lat' dir='ltr'>Vgl.</span> <span class='ocrx_word' id='word_1_359' title='bbox 341 4007 405 4060; x_wconf 79' lang='lat' dir='ltr'>hev.</span> <span class='ocrx_word' id='word_1_360' title='bbox 424 4005 464 4068; x_wconf 89' lang='lat'><strong><em>16,</em></strong></span> <span class='ocrx_word' id='word_1_361' title='bbox 482 4005 523 4060; x_wconf 90' lang='lat'><strong><em>24.</em></strong></span> <span class='ocrx_word' id='word_1_362' title='bbox 542 4005 583 4060; x_wconf 84' lang='lat'><strong><em>25.</em></strong></span> <span class='ocrx_word' id='word_1_363' title='bbox 609 4003 689 4056; x_wconf 88' lang='lat' dir='ltr'>Num.</span> <span class='ocrx_word' id='word_1_364' title='bbox 708 4005 748 4066; x_wconf 81' lang='lat'><strong><em>15,</em></strong></span> <span class='ocrx_word' id='word_1_365' title='bbox 766 4003 791 4058; x_wconf 89' lang='lat'><strong><em>3.</em></strong></span> <span class='ocrx_word' id='word_1_366' title='bbox 815 4003 918 4057; x_wconf 77' lang='lat' dir='ltr'>Weinh.</span> <span class='ocrx_word' id='word_1_367' title='bbox 936 4002 992 4058; x_wconf 78' lang='lat' dir='ltr'>Sal.</span> <span class='ocrx_word' id='word_1_368' title='bbox 1010 4005 1034 4070; x_wconf 88' lang='grc'><strong><em>3,</em></strong></span> <span class='ocrx_word' id='word_1_369' title='bbox 1052 4005 1068 4060; x_wconf 89' lang='grc'>6</span> <span class='ocrx_word' id='word_1_370' title='bbox 1087 4003 1182 4072; x_wconf 80' lang='lat' dir='ltr'>(Exod.</span> <span class='ocrx_word' id='word_1_371' title='bbox 1201 4005 1241 4067; x_wconf 90' lang='grc'><strong><em>30,</em></strong></span> <span class='ocrx_word' id='word_1_372' title='bbox 1258 4005 1300 4058; x_wconf 88' lang='grc'><strong>28.</strong></span> <span class='ocrx_word' id='word_1_373' title='bbox 1324 4005 1387 4058; x_wconf 78' lang='lat' dir='ltr'>Lov.</span> <span class='ocrx_word' id='word_1_374' title='bbox 1400 4007 1424 4068; x_wconf 90' lang='lat'><strong><em>3,</em></strong></span> <span class='ocrx_word' id='word_1_375' title='bbox 1441 4005 1466 4058; x_wconf 93' lang='lat'><strong><em>2.</em></strong></span> <span class='ocrx_word' id='word_1_376' title='bbox 1483 4007 1508 4060; x_wconf 88' lang='lat'><strong><em>5.</em></strong></span> 
     </span>
     <span class='ocr_line' id='line_1_36' title="bbox 201 4087 1508 4160; baseline -0.003 -12"><span class='ocrx_word' id='word_1_377' title='bbox 201 4097 227 4160; x_wconf 87' lang='lat'>4,</span> <span class='ocrx_word' id='word_1_378' title='bbox 239 4095 263 4148; x_wconf 77' lang='lat'><strong><em>7.</em></strong></span> <span class='ocrx_word' id='word_1_379' title='bbox 275 4094 316 4147; x_wconf 88' lang='lat'><strong><em>25.</em></strong></span> <span class='ocrx_word' id='word_1_380' title='bbox 329 4093 370 4147; x_wconf 83' lang='lat'><strong><em>30.</em></strong></span> <span class='ocrx_word' id='word_1_381' title='bbox 394 4090 470 4152; x_wconf 65' lang='grc'><strong>612.</strong></span> <span class='ocrx_word' id='word_1_382' title='bbox 497 4088 739 4148; x_wconf 68' lang='grc'><strong>161110111640.</strong></span> <span class='ocrx_word' id='word_1_383' title='bbox 767 4089 809 4151; x_wconf 89' lang='grc'><strong><em>21,</em></strong></span> <span class='ocrx_word' id='word_1_384' title='bbox 827 4089 867 4143; x_wconf 87' lang='grc'><strong>29.</strong></span> <span class='ocrx_word' id='word_1_385' title='bbox 896 4087 1020 4142; x_wconf 81' lang='grc' dir='ltr'><strong><em>ΙΜείιλτ.</em></strong></span> <span class='ocrx_word' id='word_1_386' title='bbox 1038 4091 1062 4152; x_wconf 85' lang='grc'><strong><em>4,</em></strong></span> <span class='ocrx_word' id='word_1_387' title='bbox 1081 4088 1134 4157; x_wconf 81' lang='grc'><strong><em>53).</em></strong></span> <span class='ocrx_word' id='word_1_388' title='bbox 1163 4117 1196 4127; x_wconf 94' lang='grc'><strong>-</strong></span> <span class='ocrx_word' id='word_1_389' title='bbox 1222 4088 1262 4144; x_wconf 81' lang='grc'><strong>20</strong></span> <span class='ocrx_word' id='word_1_390' title='bbox 1284 4087 1348 4158; x_wconf 76' lang='lat' dir='ltr'>vgl.</span> <span class='ocrx_word' id='word_1_391' title='bbox 1366 4089 1391 4143; x_wconf 89' lang='lat'><strong><em>11</em></strong></span> <span class='ocrx_word' id='word_1_392' title='bbox 1408 4088 1508 4144; x_wconf 85' lang='lat' dir='ltr'>Chron.</span> 
     </span>
     <span class='ocr_line' id='line_1_37' title="bbox 202 4171 1508 4243; baseline -0.003 -11"><span class='ocrx_word' id='word_1_393' title='bbox 202 4179 247 4242; x_wconf 86' lang='grc'><strong>26,</strong></span> <span class='ocrx_word' id='word_1_394' title='bbox 267 4177 307 4230; x_wconf 92' lang='grc'><strong><em>16.</em></strong></span> <span class='ocrx_word' id='word_1_395' title='bbox 326 4177 359 4232; x_wconf 90' lang='grc'><strong><em>10</em></strong></span> <span class='ocrx_word' id='word_1_396' title='bbox 381 4173 541 4243; x_wconf 69' lang='lat'>(11:0130,</span> <span class='ocrx_word' id='word_1_397' title='bbox 560 4175 583 4226; x_wconf 87' lang='lat'><strong><em>1.</em></strong></span> <span class='ocrx_word' id='word_1_398' title='bbox 602 4173 643 4227; x_wconf 80' lang='lat'><strong><em>27.</em></strong></span> <span class='ocrx_word' id='word_1_399' title='bbox 666 4173 730 4225; x_wconf 84' lang='lat' dir='ltr'>Lev.</span> <span class='ocrx_word' id='word_1_400' title='bbox 747 4175 776 4236; x_wconf 91' lang='lat'>4,</span> <span class='ocrx_word' id='word_1_401' title='bbox 795 4174 834 4228; x_wconf 86' lang='lat'><strong><em>18.</em></strong></span> <span class='ocrx_word' id='word_1_402' title='bbox 859 4173 872 4225; x_wconf 91' lang='lat'>1</span> <span class='ocrx_word' id='word_1_403' title='bbox 890 4171 989 4226; x_wconf 74' lang='lat' dir='ltr'>chron.</span> <span class='ocrx_word' id='word_1_404' title='bbox 1007 4175 1036 4238; x_wconf 88' lang='grc'><strong><em>6,</em></strong></span> <span class='ocrx_word' id='word_1_405' title='bbox 1053 4174 1094 4227; x_wconf 90' lang='lat'>49.</span> <span class='ocrx_word' id='word_1_406' title='bbox 1118 4173 1222 4240; x_wconf 72' lang='grc'><strong>2618).</strong></span> <span class='ocrx_word' id='word_1_407' title='bbox 1241 4201 1274 4212; x_wconf 90' lang='lat'><em>-</em></span> <span class='ocrx_word' id='word_1_408' title='bbox 1291 4173 1332 4228; x_wconf 76' lang='lat'>24</span> <span class='ocrx_word' id='word_1_409' title='bbox 1350 4173 1413 4243; x_wconf 82' lang='lat' dir='ltr'>Vgl.</span> <span class='ocrx_word' id='word_1_410' title='bbox 1425 4173 1508 4229; x_wconf 85' lang='lat' dir='ltr'>Hebr.</span> 
     </span>
     <span class='ocr_line' id='line_1_38' title="bbox 202 4257 762 4328; baseline -0.013 -11"><span class='ocrx_word' id='word_1_411' title='bbox 202 4263 227 4324; x_wconf 90' lang='lat'><strong><em>8,</em></strong></span> <span class='ocrx_word' id='word_1_412' title='bbox 245 4263 269 4316; x_wconf 82' lang='lat'><strong><em>5.</em></strong></span> <span class='ocrx_word' id='word_1_413' title='bbox 295 4289 328 4300; x_wconf 88' lang='lat'><em>-</em></span> <span class='ocrx_word' id='word_1_414' title='bbox 356 4259 396 4314; x_wconf 84' lang='grc'><strong>20</strong></span> <span class='ocrx_word' id='word_1_415' title='bbox 422 4257 484 4328; x_wconf 79' lang='lat' dir='ltr'>Vgl.</span> <span class='ocrx_word' id='word_1_416' title='bbox 502 4259 528 4311; x_wconf 93' lang='lat' dir='ltr'><strong><em>lI</em></strong></span> <span class='ocrx_word' id='word_1_417' title='bbox 546 4257 609 4312; x_wconf 86' lang='lat' dir='ltr'>Kor.</span> <span class='ocrx_word' id='word_1_418' title='bbox 628 4258 669 4320; x_wconf 89' lang='grc'><strong><em>12,</em></strong></span> <span class='ocrx_word' id='word_1_419' title='bbox 687 4257 762 4310; x_wconf 83' lang='grc'><strong>2-4.</strong></span> 
     </span>
    </p>
   </div>
   <div class='ocr_carea' id='block_1_5' title="bbox 204 4408 1510 4578">
    <p class='ocr_par' dir='ltr' id='par_1_7' title="bbox 204 4408 1510 4578">
     <span class='ocr_line' id='line_1_39' title="bbox 291 4408 1509 4496; baseline -0.001 -15"><span class='ocrx_word' id='word_1_420' title='bbox 291 4425 400 4481; x_wconf 90' lang='grc'><strong>10-11</strong></span> <span class='ocrx_word' id='word_1_421' title='bbox 420 4442 465 4479; x_wconf 78' lang='lat' dir='ltr'><strong><em>am</em></strong></span> <span class='ocrx_word' id='word_1_422' title='bbox 483 4425 561 4478; x_wconf 72' lang='lat' dir='ltr'>Rand</span> <span class='ocrx_word' id='word_1_423' title='bbox 580 4408 622 4494; x_wconf 65' lang='grc' dir='ltr'><strong><em>ζύγ’</em></strong></span> <span class='ocrx_word' id='word_1_424' title='bbox 634 4427 672 4478; x_wconf 77' lang='lat'>4²</span> <span class='ocrx_word' id='word_1_425' title='bbox 687 4425 691 4494; x_wconf 86' lang='grc' dir='ltr'>Ι</span> <span class='ocrx_word' id='word_1_426' title='bbox 707 4426 743 4482; x_wconf 76' lang='grc'><strong>12</strong></span> <span class='ocrx_word' id='word_1_427' title='bbox 766 4417 1001 4496; x_wconf 73' lang='grc' dir='ltr'><strong><em>(ἀναβαίνοντας)</em></strong></span> <span class='ocrx_word' id='word_1_428' title='bbox 1020 4423 1085 4492; x_wconf 72' lang='lat' dir='ltr'>fuge</span> <span class='ocrx_word' id='word_1_429' title='bbox 1101 4423 1146 4478; x_wconf 82' lang='lat' dir='ltr'><strong><em>ich</em></strong></span> <span class='ocrx_word' id='word_1_430' title='bbox 1164 4425 1207 4482; x_wconf 72' lang='lat' dir='ltr'><strong><em>als</em></strong></span> <span class='ocrx_word' id='word_1_431' title='bbox 1223 4425 1382 4496; x_wconf 71' lang='lat' dir='ltr'><strong>notwendjg</strong></span> <span class='ocrx_word' id='word_1_432' title='bbox 1399 4425 1443 4480; x_wconf 76' lang='grc'><strong><em>611</em></strong></span> <span class='ocrx_word' id='word_1_433' title='bbox 1456 4427 1509 4480; x_wconf 87' lang='lat' dir='ltr'><strong><em>den</em></strong></span> 
     </span>
     <span class='ocr_line' id='line_1_40' title="bbox 204 4502 1510 4578; baseline 0.002 -14"><span class='ocrx_word' id='word_1_434' title='bbox 204 4510 443 4578; x_wconf 73' lang='lat' dir='ltr'><strong>Zusammenhang</strong></span> <span class='ocrx_word' id='word_1_435' title='bbox 460 4510 508 4564; x_wconf 77' lang='lat' dir='ltr'><strong><em>der</em></strong></span> <span class='ocrx_word' id='word_1_436' title='bbox 520 4507 616 4563; x_wconf 78' lang='lat' dir='ltr'>Worte</span> <span class='ocrx_word' id='word_1_437' title='bbox 634 4509 685 4572; x_wconf 88' lang='lat' dir='ltr'>ein,</span> <span class='ocrx_word' id='word_1_438' title='bbox 704 4509 758 4578; x_wconf 82' lang='lat' dir='ltr'>vgl.</span> <span class='ocrx_word' id='word_1_439' title='bbox 771 4508 842 4563; x_wconf 78' lang='lat' dir='ltr'>oben</span> <span class='ocrx_word' id='word_1_440' title='bbox 859 4507 884 4560; x_wconf 90' lang='lat' dir='ltr'>V</span> <span class='ocrx_word' id='word_1_441' title='bbox 901 4511 943 4570; x_wconf 90' lang='lat'>41,</span> <span class='ocrx_word' id='word_1_442' title='bbox 961 4507 986 4562; x_wconf 79' lang='lat'><strong><em>8.</em></strong></span> <span class='ocrx_word' id='word_1_443' title='bbox 1000 4510 1034 4562; x_wconf 80' lang='lat'>45</span> <span class='ocrx_word' id='word_1_444' title='bbox 1052 4508 1079 4563; x_wconf 88' lang='lat' dir='ltr'><strong><em>Z.</em></strong></span> <span class='ocrx_word' id='word_1_445' title='bbox 1092 4511 1115 4574; x_wconf 92' lang='lat'><strong><em>1,</em></strong></span> <span class='ocrx_word' id='word_1_446' title='bbox 1132 4527 1157 4562; x_wconf 92' lang='lat' dir='ltr'><strong><em>u.</em></strong></span> <span class='ocrx_word' id='word_1_447' title='bbox 1175 4513 1259 4564; x_wconf 77' lang='lat' dir='ltr'>unten</span> <span class='ocrx_word' id='word_1_448' title='bbox 1277 4510 1304 4564; x_wconf 89' lang='lat' dir='ltr'><strong><em>Z.</em></strong></span> <span class='ocrx_word' id='word_1_449' title='bbox 1316 4511 1350 4566; x_wconf 91' lang='grc'><strong><em>22</em></strong></span> <span class='ocrx_word' id='word_1_450' title='bbox 1365 4513 1370 4578; x_wconf 91' lang='grc' dir='ltr'>Ι</span> <span class='ocrx_word' id='word_1_451' title='bbox 1387 4511 1425 4566; x_wconf 84' lang='grc'><strong><em>10</em></strong></span> <span class='ocrx_word' id='word_1_452' title='bbox 1444 4502 1510 4566; x_wconf 83' lang='grc' dir='ltr'><strong><em>ὅλο-</em></strong></span> 
     </span>
    </p>
   </div>
   <div class='ocr_carea' id='block_1_6' title="bbox 204 4583 1510 4746">
    <p class='ocr_par' dir='ltr' id='par_1_8' title="bbox 204 4583 1510 4746">
     <span class='ocr_line' id='line_1_41' title="bbox 204 4583 1510 4666; baseline 0.001 -17"><span class='ocrx_word' id='word_1_453' title='bbox 204 4588 419 4666; x_wconf 85' lang='grc' dir='ltr'><strong><em>καρπωμάτων]</em></strong></span> <span class='ocrx_word' id='word_1_454' title='bbox 442 4583 693 4660; x_wconf 79' lang='grc' dir='ltr'><strong><em>ὁλοκαυτωμάτων</em></strong></span> <span class='ocrx_word' id='word_1_455' title='bbox 714 4595 851 4648; x_wconf 79' lang='lat' dir='ltr'>vermute1</span> <span class='ocrx_word' id='word_1_456' title='bbox 869 4591 950 4646; x_wconf 77' lang='lat' dir='ltr'><strong>Guiot</strong></span> <span class='ocrx_word' id='word_1_457' title='bbox 972 4592 1027 4660; x_wconf 81' lang='lat' dir='ltr'>(bei</span> <span class='ocrx_word' id='word_1_458' title='bbox 1044 4593 1107 4649; x_wconf 78' lang='lat' dir='ltr'>Del.</span> <span class='ocrx_word' id='word_1_459' title='bbox 1126 4595 1138 4648; x_wconf 97' lang='grc' dir='ltr'>Ι</span> <span class='ocrx_word' id='word_1_460' title='bbox 1156 4596 1205 4650; x_wconf 89' lang='grc'><strong><em>611</em></strong></span> <span class='ocrx_word' id='word_1_461' title='bbox 1223 4597 1304 4650; x_wconf 80' lang='lat' dir='ltr'>Anm.</span> <span class='ocrx_word' id='word_1_462' title='bbox 1323 4595 1364 4664; x_wconf 93' lang='lat' dir='ltr'><strong><em>b),</em></strong></span> <span class='ocrx_word' id='word_1_463' title='bbox 1390 4595 1445 4664; x_wconf 82' lang='lat' dir='ltr'>vgl.</span> <span class='ocrx_word' id='word_1_464' title='bbox 1466 4596 1510 4650; x_wconf 79' lang='lat' dir='ltr'><strong><em>die</em></strong></span> 
     </span>
     <span class='ocr_line' id='line_1_42' title="bbox 205 4675 908 4746; baseline -0.004 -13"><span class='ocrx_word' id='word_1_465' title='bbox 205 4677 276 4733; x_wconf 82' lang='lat' dir='ltr'>oben</span> <span class='ocrx_word' id='word_1_466' title='bbox 294 4678 421 4733; x_wconf 77' lang='lat' dir='ltr'>citierten</span> <span class='ocrx_word' id='word_1_467' title='bbox 438 4677 638 4732; x_wconf 67' lang='lat' dir='ltr'>Schristatellen</span> <span class='ocrx_word' id='word_1_468' title='bbox 653 4680 657 4746; x_wconf 91' lang='grc' dir='ltr'>Ι</span> <span class='ocrx_word' id='word_1_469' title='bbox 672 4677 711 4732; x_wconf 85' lang='grc'><strong><em>24</em></strong></span> <span class='ocrx_word' id='word_1_470' title='bbox 727 4675 859 4744; x_wconf 78' lang='grc' dir='ltr'><strong><em>μιῶισὲος</em></strong></span> <span class='ocrx_word' id='word_1_471' title='bbox 876 4681 908 4732; x_wconf 85' lang='lat' dir='ltr'><strong><em>A.</em></strong></span> 
     </span>
    </p>
   </div>
   <div class='ocr_carea' id='block_1_7' title="bbox 0 0 1895 5514">
    <p class='ocr_par' dir='ltr' id='par_1_9' title="bbox 0 0 1895 5514">
     <span class='ocr_line' id='line_1_43' title="bbox 0 0 1895 5514; baseline 0 0"><span class='ocrx_word' id='word_1_472' title='bbox 0 0 1895 5514; x_wconf 95' lang='lat' dir='ltr'><strong><em> </em></strong></span> 
     </span>
    </p>
   </div>
  </div>
 </body>
</html>
