<?xml version="1.0" encoding="UTF-8"?>
<!DOCTYPE html PUBLIC "-//W3C//DTD XHTML 1.0 Transitional//EN"
    "http://www.w3.org/TR/xhtml1/DTD/xhtml1-transitional.dtd">
<html xmlns="http://www.w3.org/1999/xhtml" xml:lang="en" lang="en">
 <head>
  <title>
</title>
<meta http-equiv="Content-Type" content="text/html;charset=utf-8" />
  <meta name='ocr-system' content='tesseract 3.04.00' />
  <meta name='ocr-capabilities' content='ocr_page ocr_carea ocr_par ocr_line ocrx_word'/>
</head>
<body>
  <div class='ocr_page' id='page_1' title='image "./diegriechischen01wissgoog_0235.png"; bbox 0 0 3780 5532; ppageno 0'>
   <div class='ocr_carea' id='block_1_1' title="bbox 612 477 1533 545">
    <p class='ocr_par' dir='ltr' id='par_1_1' title="bbox 612 477 1533 545">
     <span class='ocr_line' id='line_1_1' title="bbox 612 477 1533 545; baseline 0.013 -14"><span class='ocrx_word' id='word_1_1' title='bbox 612 477 714 532; x_wconf 76' lang='grc' dir='ltr'><strong><em>ΚΑΤΑ</em></strong></span> <span class='ocrx_word' id='word_1_2' title='bbox 737 477 895 535; x_wconf 78' lang='grc' dir='ltr'><strong><em>ΚΕΛΣΟΥ</em></strong></span> <span class='ocrx_word' id='word_1_3' title='bbox 917 478 975 537; x_wconf 78' lang='lat' dir='ltr'><strong><em>vll</em></strong></span> <span class='ocrx_word' id='word_1_4' title='bbox 995 478 1037 534; x_wconf 84' lang='lat'><strong><em>22.</em></strong></span> <span class='ocrx_word' id='word_1_5' title='bbox 1054 479 1095 534; x_wconf 85' lang='grc'><strong><em>23.</em></strong></span> <span class='ocrx_word' id='word_1_6' title='bbox 1113 477 1153 532; x_wconf 92' lang='grc'><strong><em>24.</em></strong></span> <span class='ocrx_word' id='word_1_7' title='bbox 1476 483 1533 545; x_wconf 83' lang='grc'><strong><em>175</em></strong></span> 
     </span>
    </p>
   </div>
   <div class='ocr_carea' id='block_1_2' title="bbox 180 635 1599 2321">
    <p class='ocr_par' dir='ltr' id='par_1_2' title="bbox 180 635 1599 2321">
     <span class='ocr_line' id='line_1_2' title="bbox 316 635 1533 729; baseline 0 -21"><span class='ocrx_word' id='word_1_8' title='bbox 316 635 404 721; x_wconf 86' lang='grc' dir='ltr'><strong><em>εἰκὸς</em></strong></span> <span class='ocrx_word' id='word_1_9' title='bbox 430 643 465 708; x_wconf 83' lang='grc' dir='ltr'><strong><em>δὲ</em></strong></span> <span class='ocrx_word' id='word_1_10' title='bbox 492 636 560 711; x_wconf 86' lang='grc' dir='ltr'><strong><em>άπὸ</em></strong></span> <span class='ocrx_word' id='word_1_11' title='bbox 587 647 650 712; x_wconf 88' lang='grc' dir='ltr'><strong><em>τοῦ</em></strong></span> <span class='ocrx_word' id='word_1_12' title='bbox 676 635 716 724; x_wconf 80' lang='grc' dir='ltr'><strong><em>,ὁ</em></strong></span> <span class='ocrx_word' id='word_1_13' title='bbox 738 645 856 712; x_wconf 89' lang='grc' dir='ltr'><strong><em>θέλοον</em></strong></span> <span class='ocrx_word' id='word_1_14' title='bbox 881 645 919 712; x_wconf 82' lang='grc' dir='ltr'><strong><em>ἐν</em></strong></span> <span class='ocrx_word' id='word_1_15' title='bbox 945 637 1023 729; x_wconf 82' lang='grc' dir='ltr'><strong><em>ῦμῖν</em></strong></span> <span class='ocrx_word' id='word_1_16' title='bbox 1050 641 1134 711; x_wconf 80' lang='grc' dir='ltr'><strong><em>εἶναι</em></strong></span> <span class='ocrx_word' id='word_1_17' title='bbox 1167 645 1307 728; x_wconf 90' lang='grc' dir='ltr'><strong><em>πρῶτος</em></strong></span> <span class='ocrx_word' id='word_1_18' title='bbox 1333 642 1421 711; x_wconf 84' lang='grc' dir='ltr'><strong><em>έστοο</em></strong></span> <span class='ocrx_word' id='word_1_19' title='bbox 1448 637 1533 711; x_wconf 86' lang='grc' dir='ltr'><strong><em>πάι·-</em></strong></span> 
     </span>
     <span class='ocr_line' id='line_1_3' title="bbox 232 734 1532 827; baseline 0.001 -19"><span class='ocrx_word' id='word_1_20' title='bbox 232 767 306 809; x_wconf 91' lang='grc' dir='ltr'><strong><em>τοον</em></strong></span> <span class='ocrx_word' id='word_1_21' title='bbox 328 735 504 822; x_wconf 68' lang='grc' dir='ltr'><strong><em>διάκονοςκ</em></strong></span> <span class='ocrx_word' id='word_1_22' title='bbox 525 747 580 810; x_wconf 86' lang='grc' dir='ltr'><strong><em>καί</em></strong></span> <span class='ocrx_word' id='word_1_23' title='bbox 601 741 653 824; x_wconf 73' lang='lat' dir='ltr'><strong><em>„ol</em></strong></span> <span class='ocrx_word' id='word_1_24' title='bbox 675 734 834 827; x_wconf 80' lang='grc' dir='ltr'><strong><em>ἄρχοντες</em></strong></span> <span class='ocrx_word' id='word_1_25' title='bbox 856 747 929 810; x_wconf 91' lang='grc' dir='ltr'><strong><em>τῶν</em></strong></span> <span class='ocrx_word' id='word_1_26' title='bbox 951 743 1067 810; x_wconf 80' lang='grc' dir='ltr'>ἐθνῶν</span> <span class='ocrx_word' id='word_1_27' title='bbox 1087 735 1381 826; x_wconf 75' lang='grc' dir='ltr'><strong><em>κατακυριεύουσιν</em></strong></span> <span class='ocrx_word' id='word_1_28' title='bbox 1396 734 1532 810; x_wconf 44' lang='grc' dir='ltr'><strong><em>αῦτῶνίί</em></strong></span> 
     </span>
     <span class='ocr_line' id='line_1_4' title="bbox 231 834 1533 929; baseline 0.002 -23"><span class='ocrx_word' id='word_1_29' title='bbox 231 845 286 908; x_wconf 89' lang='grc' dir='ltr'><strong><em>καὶ</em></strong></span> <span class='ocrx_word' id='word_1_30' title='bbox 312 841 366 922; x_wconf 76' lang='grc' dir='ltr'><strong><em>,σί</em></strong></span> <span class='ocrx_word' id='word_1_31' title='bbox 389 837 638 926; x_wconf 72' lang='grc' dir='ltr'><strong><em>ἐξουσιάζοντες</em></strong></span> <span class='ocrx_word' id='word_1_32' title='bbox 660 844 697 910; x_wconf 89' lang='grc' dir='ltr'><strong><em>ἐν</em></strong></span> <span class='ocrx_word' id='word_1_33' title='bbox 718 834 833 923; x_wconf 84' lang='grc' dir='ltr'><strong><em>αῦτοῑς</em></strong></span> <span class='ocrx_word' id='word_1_34' title='bbox 856 835 1023 929; x_wconf 79' lang='grc' dir='ltr'><strong><em>εὐεργέται</em></strong></span> <span class='ocrx_word' id='word_1_35' title='bbox 1049 845 1254 910; x_wconf 51' lang='grc' dir='ltr'><strong><em>καλοῦνταί(</em></strong></span> <span class='ocrx_word' id='word_1_36' title='bbox 1276 843 1448 928; x_wconf 74' lang='grc' dir='ltr'><strong><em>εἰληφέναι</em></strong></span> <span class='ocrx_word' id='word_1_37' title='bbox 1470 837 1533 909; x_wconf 90' lang='grc' dir='ltr'><strong><em>τὸν</em></strong></span> 
     </span>
     <span class='ocr_line' id='line_1_5' title="bbox 233 930 1532 1028; baseline 0.002 -23"><span class='ocrx_word' id='word_1_38' title='bbox 233 942 364 1008; x_wconf 82' lang='grc' dir='ltr'><strong><em>Κέλσον</em></strong></span> <span class='ocrx_word' id='word_1_39' title='bbox 386 931 441 1009; x_wconf 77' lang='grc' dir='ltr'><strong><em>ὅτι</em></strong></span> <span class='ocrx_word' id='word_1_40' title='bbox 456 932 576 1028; x_wconf 77' lang='grc' dir='ltr'><strong><em>Ἰησοῦς</em></strong></span> <span class='ocrx_word' id='word_1_41' title='bbox 599 947 813 1028; x_wconf 77' lang='grc' dir='ltr'><strong><em>φιλαρχίαν</em></strong></span> <span class='ocrx_word' id='word_1_42' title='bbox 835 938 991 1023; x_wconf 77' lang='grc' dir='ltr'><strong><em>ἐκῶλυεν,</em></strong></span> <span class='ocrx_word' id='word_1_43' title='bbox 1014 930 1136 1027; x_wconf 74' lang='grc' dir='ltr'><strong><em>ἥντινα</em></strong></span> <span class='ocrx_word' id='word_1_44' title='bbox 1151 934 1215 1008; x_wconf 84' lang='grc' dir='ltr'><strong><em>οῦκ</em></strong></span> <span class='ocrx_word' id='word_1_45' title='bbox 1237 941 1426 1009; x_wconf 79' lang='grc' dir='ltr'><strong><em>ἐναντίαν</em></strong></span> <span class='ocrx_word' id='word_1_46' title='bbox 1448 939 1532 1008; x_wconf 81' lang='grc' dir='ltr'><strong><em>εἶναι</em></strong></span> 
     </span>
     <span class='ocr_line' id='line_1_6' title="bbox 198 1032 1532 1126; baseline -0.001 -18"><span class='ocrx_word' id='word_1_47' title='bbox 198 1042 412 1123; x_wconf 75' lang='grc' dir='ltr'><strong><em>ονομιστέον</em></strong></span> <span class='ocrx_word' id='word_1_48' title='bbox 437 1044 502 1108; x_wconf 88' lang='grc' dir='ltr'><strong><em>τοῦ</em></strong></span> <span class='ocrx_word' id='word_1_49' title='bbox 528 1033 659 1126; x_wconf 73' lang='grc' dir='ltr'><strong><em>,άρξεις</em></strong></span> <span class='ocrx_word' id='word_1_50' title='bbox 685 1037 725 1108; x_wconf 89' lang='grc' dir='ltr'><strong><em>σῦ</em></strong></span> <span class='ocrx_word' id='word_1_51' title='bbox 751 1041 865 1110; x_wconf 90' lang='grc' dir='ltr'><strong><em>ἐθνῶν</em></strong></span> <span class='ocrx_word' id='word_1_52' title='bbox 887 1045 1038 1122; x_wconf 78' lang='grc' dir='ltr'><strong><em>πολλῶν,</em></strong></span> <span class='ocrx_word' id='word_1_53' title='bbox 1061 1043 1122 1108; x_wconf 92' lang='grc' dir='ltr'><strong><em>σοῦ</em></strong></span> <span class='ocrx_word' id='word_1_54' title='bbox 1143 1043 1179 1110; x_wconf 86' lang='grc' dir='ltr'><strong><em>δέ</em></strong></span> <span class='ocrx_word' id='word_1_55' title='bbox 1200 1033 1263 1107; x_wconf 89' lang='grc' dir='ltr'><strong><em>οῦκ</em></strong></span> <span class='ocrx_word' id='word_1_56' title='bbox 1283 1032 1450 1126; x_wconf 84' lang='grc' dir='ltr'><strong><em>άρξουσι,“</em></strong></span> <span class='ocrx_word' id='word_1_57' title='bbox 1474 1033 1532 1126; x_wconf 91' lang='grc' dir='ltr'><strong><em>μά-</em></strong></span> 
     </span>
     <span class='ocr_line' id='line_1_7' title="bbox 232 1133 997 1227; baseline 0.003 -22"><span class='ocrx_word' id='word_1_58' title='bbox 232 1145 328 1207; x_wconf 89' lang='grc' dir='ltr'><strong><em>λιστα</em></strong></span> <span class='ocrx_word' id='word_1_59' title='bbox 350 1135 404 1207; x_wconf 89' lang='grc' dir='ltr'><strong><em>διά</em></strong></span> <span class='ocrx_word' id='word_1_60' title='bbox 427 1135 470 1208; x_wconf 85' lang='grc' dir='ltr'><strong><em>τά</em></strong></span> <span class='ocrx_word' id='word_1_61' title='bbox 492 1133 723 1226; x_wconf 78' lang='grc' dir='ltr'><strong><em>ἀποδεδομένα</em></strong></span> <span class='ocrx_word' id='word_1_62' title='bbox 745 1143 791 1220; x_wconf 87' lang='grc' dir='ltr'><strong><em>είς</em></strong></span> <span class='ocrx_word' id='word_1_63' title='bbox 812 1136 877 1227; x_wconf 82' lang='grc' dir='ltr'><strong><em>τὴν</em></strong></span> <span class='ocrx_word' id='word_1_64' title='bbox 899 1144 997 1224; x_wconf 91' lang='grc' dir='ltr'><strong><em>λέξιν.</em></strong></span> 
     </span>
     <span class='ocr_line' id='line_1_8' title="bbox 315 1229 1599 1326; baseline -0.001 -20"><span class='ocrx_word' id='word_1_65' title='bbox 315 1237 389 1324; x_wconf 78' lang='grc' dir='ltr'><strong><em>ἑξῆς</em></strong></span> <span class='ocrx_word' id='word_1_66' title='bbox 416 1241 451 1306; x_wconf 78' lang='grc' dir='ltr'><strong><em>δὲ</em></strong></span> <span class='ocrx_word' id='word_1_67' title='bbox 477 1235 614 1320; x_wconf 81' lang='grc' dir='ltr'><strong><em>τούτοις</em></strong></span> <span class='ocrx_word' id='word_1_68' title='bbox 639 1239 865 1326; x_wconf 82' lang='grc' dir='ltr'><strong><em>παραῤῥίπτει</em></strong></span> <span class='ocrx_word' id='word_1_69' title='bbox 891 1243 967 1326; x_wconf 85' lang='grc' dir='ltr'><strong><em>περὶ</em></strong></span> <span class='ocrx_word' id='word_1_70' title='bbox 989 1241 1050 1326; x_wconf 85' lang='grc' dir='ltr'><strong><em>τῆς</em></strong></span> <span class='ocrx_word' id='word_1_71' title='bbox 1072 1243 1215 1323; x_wconf 89' lang='grc' dir='ltr'><strong><em>σοφίας</em></strong></span> <span class='ocrx_word' id='word_1_72' title='bbox 1238 1229 1257 1306; x_wconf 91' lang='lat'><strong><em>6</em></strong></span> <span class='ocrx_word' id='word_1_73' title='bbox 1276 1241 1281 1324; x_wconf 94' lang='grc' dir='ltr'>Ι</span> <span class='ocrx_word' id='word_1_74' title='bbox 1301 1241 1443 1318; x_wconf 85' lang='grc' dir='ltr'><strong><em>Κέλσος,</em></strong></span> <span class='ocrx_word' id='word_1_75' title='bbox 1466 1231 1532 1306; x_wconf 77' lang='lat'><strong><em>06-</em></strong></span> <span class='ocrx_word' id='word_1_76' title='bbox 1551 1260 1599 1312; x_wconf 77' lang='grc' dir='ltr'><strong><em>γι]</em></strong></span> 
     </span>
     <span class='ocr_line' id='line_1_9' title="bbox 232 1332 1533 1426; baseline 0 -22"><span class='ocrx_word' id='word_1_77' title='bbox 232 1361 332 1422; x_wconf 87' lang='grc' dir='ltr'><strong><em>μενος</em></strong></span> <span class='ocrx_word' id='word_1_78' title='bbox 354 1333 417 1406; x_wconf 84' lang='grc' dir='ltr'><strong><em>τὸν</em></strong></span> <span class='ocrx_word' id='word_1_79' title='bbox 444 1332 591 1425; x_wconf 78' lang='grc' dir='ltr'><strong><em>Ἰησοῦν</em></strong></span> <span class='ocrx_word' id='word_1_80' title='bbox 618 1337 785 1409; x_wconf 80' lang='grc' dir='ltr'><strong><em>διδάσκειν</em></strong></span> <span class='ocrx_word' id='word_1_81' title='bbox 806 1335 854 1426; x_wconf 84' lang='grc' dir='ltr'><strong><em>μὴ</em></strong></span> <span class='ocrx_word' id='word_1_82' title='bbox 877 1334 1102 1424; x_wconf 86' lang='grc' dir='ltr'><strong><em>παριτητὸν</em></strong></span> <span class='ocrx_word' id='word_1_83' title='bbox 1124 1337 1225 1406; x_wconf 90' lang='grc' dir='ltr'><strong><em>είναι</em></strong></span> <span class='ocrx_word' id='word_1_84' title='bbox 1245 1335 1346 1423; x_wconf 88' lang='grc' dir='ltr'><strong><em>πρὸς</em></strong></span> <span class='ocrx_word' id='word_1_85' title='bbox 1368 1333 1440 1407; x_wconf 83' lang='grc' dir='ltr'><strong><em>τάν</em></strong></span> <span class='ocrx_word' id='word_1_86' title='bbox 1461 1362 1533 1406; x_wconf 83' lang='grc' dir='ltr'><strong><em>τια-</em></strong></span> 
     </span>
     <span class='ocr_line' id='line_1_10' title="bbox 232 1431 1532 1526; baseline 0.003 -24"><span class='ocrx_word' id='word_1_87' title='bbox 232 1440 326 1522; x_wconf 87' lang='grc' dir='ltr'><strong><em>τέρα</em></strong></span> <span class='ocrx_word' id='word_1_88' title='bbox 352 1441 404 1524; x_wconf 85' lang='grc' dir='ltr'><strong><em>τῶ</em></strong></span> <span class='ocrx_word' id='word_1_89' title='bbox 432 1441 541 1525; x_wconf 84' lang='grc' dir='ltr'><strong><em>σοφῶ.</em></strong></span> <span class='ocrx_word' id='word_1_90' title='bbox 578 1441 724 1526; x_wconf 85' lang='grc' dir='ltr'><strong><em>είπωμεν</em></strong></span> <span class='ocrx_word' id='word_1_91' title='bbox 746 1442 781 1507; x_wconf 82' lang='grc' dir='ltr'><strong><em>δὲ</em></strong></span> <span class='ocrx_word' id='word_1_92' title='bbox 808 1435 894 1524; x_wconf 88' lang='grc' dir='ltr'><strong><em>πράς</em></strong></span> <span class='ocrx_word' id='word_1_93' title='bbox 922 1431 1040 1507; x_wconf 78' lang='grc' dir='ltr'><strong><em>αὐτόν·</em></strong></span> <span class='ocrx_word' id='word_1_94' title='bbox 1067 1442 1157 1524; x_wconf 85' lang='grc' dir='ltr'><strong><em>ποίῳ</em></strong></span> <span class='ocrx_word' id='word_1_95' title='bbox 1185 1439 1299 1524; x_wconf 79' lang='grc' dir='ltr'><strong><em>σοφῶ;</em></strong></span> <span class='ocrx_word' id='word_1_96' title='bbox 1329 1438 1356 1504; x_wconf 89' lang='grc' dir='ltr'><strong><em>εί</em></strong></span> <span class='ocrx_word' id='word_1_97' title='bbox 1382 1440 1443 1524; x_wconf 79' lang='grc' dir='ltr'><strong><em>μὲν</em></strong></span> <span class='ocrx_word' id='word_1_98' title='bbox 1470 1433 1532 1523; x_wconf 85' lang='grc' dir='ltr'><strong><em>γάρ</em></strong></span> 
     </span>
     <span class='ocr_line' id='line_1_11' title="bbox 182 1528 1533 1625; baseline 0.001 -24"><span class='ocrx_word' id='word_1_99' title='bbox 182 1549 216 1604; x_wconf 88' lang='grc'><strong><em>10</em></strong></span> <span class='ocrx_word' id='word_1_100' title='bbox 232 1532 362 1622; x_wconf 83' lang='grc' dir='ltr'><strong><em>τούτῳ,</em></strong></span> <span class='ocrx_word' id='word_1_101' title='bbox 394 1528 432 1616; x_wconf 84' lang='grc' dir='ltr'><strong><em>ῦς</em></strong></span> <span class='ocrx_word' id='word_1_102' title='bbox 464 1541 656 1607; x_wconf 86' lang='grc' dir='ltr'><strong><em>πεποίῶται</em></strong></span> <span class='ocrx_word' id='word_1_103' title='bbox 684 1535 772 1606; x_wconf 86' lang='grc' dir='ltr'><strong><em>κατά</em></strong></span> <span class='ocrx_word' id='word_1_104' title='bbox 803 1535 867 1624; x_wconf 86' lang='grc' dir='ltr'><strong><em>τὴν</em></strong></span> <span class='ocrx_word' id='word_1_105' title='bbox 897 1542 1081 1625; x_wconf 78' lang='grc' dir='ltr'><strong><em>λεγομένην</em></strong></span> <span class='ocrx_word' id='word_1_106' title='bbox 1116 1539 1262 1621; x_wconf 92' lang='grc' dir='ltr'><strong><em>σοφίαν</em></strong></span> <span class='ocrx_word' id='word_1_107' title='bbox 1293 1539 1377 1618; x_wconf 71' lang='grc' dir='ltr'><strong><em>,τοῦ</em></strong></span> <span class='ocrx_word' id='word_1_108' title='bbox 1406 1529 1533 1622; x_wconf 83' lang='grc' dir='ltr'><strong><em>κόσμου</em></strong></span> 
     </span>
     <span class='ocr_line' id='line_1_12' title="bbox 232 1629 1532 1755; baseline 0.001 -52"><span class='ocrx_word' id='word_1_109' title='bbox 232 1631 388 1720; x_wconf 75' lang='grc' dir='ltr'><strong><em>τοῦτου,“</em></strong></span> <span class='ocrx_word' id='word_1_110' title='bbox 410 1657 516 1706; x_wconf 91' lang='grc' dir='ltr'><strong><em>ουσαν</em></strong></span> <span class='ocrx_word' id='word_1_111' title='bbox 537 1643 697 1755; x_wconf 82' lang='grc' dir='ltr'><strong><em>μωρίαν,</em></strong></span> <span class='ocrx_word' id='word_1_112' title='bbox 700 1631 800 1723; x_wconf 87' lang='grc' dir='ltr'><strong><em>,παρά</em></strong></span> <span class='ocrx_word' id='word_1_113' title='bbox 816 1639 868 1724; x_wconf 79' lang='grc' dir='ltr'><strong><em>τῷ</em></strong></span> <span class='ocrx_word' id='word_1_114' title='bbox 884 1641 968 1724; x_wconf 84' lang='grc' dir='ltr'><strong><em>θεῶ,</em></strong></span> <span class='ocrx_word' id='word_1_115' title='bbox 971 1645 989 1671; x_wconf 83' lang='lat'><em>“</em></span> <span class='ocrx_word' id='word_1_116' title='bbox 1011 1641 1066 1705; x_wconf 85' lang='grc' dir='ltr'><strong><em>καὶ</em></strong></span> <span class='ocrx_word' id='word_1_117' title='bbox 1086 1629 1177 1723; x_wconf 79' lang='grc' dir='ltr'><strong><em>ἡμεῖς</em></strong></span> <span class='ocrx_word' id='word_1_118' title='bbox 1193 1632 1344 1723; x_wconf 85' lang='grc' dir='ltr'><strong><em>φήσομεν</em></strong></span> <span class='ocrx_word' id='word_1_119' title='bbox 1365 1631 1414 1723; x_wconf 85' lang='grc' dir='ltr'><strong><em>μὴ</em></strong></span> <span class='ocrx_word' id='word_1_120' title='bbox 1436 1661 1532 1721; x_wconf 88' lang='grc' dir='ltr'><strong><em>παρ-</em></strong></span> 
     </span>
     <span class='ocr_line' id='line_1_13' title="bbox 233 1706 1531 1860; baseline -0.001 -58"><span class='ocrx_word' id='word_1_121' title='bbox 233 1733 374 1823; x_wconf 89' lang='grc' dir='ltr'><strong><em>ιτητὸν</em></strong></span> <span class='ocrx_word' id='word_1_122' title='bbox 401 1735 502 1805; x_wconf 84' lang='grc' dir='ltr'><strong><em>εἶναι</em></strong></span> <span class='ocrx_word' id='word_1_123' title='bbox 528 1733 628 1822; x_wconf 89' lang='grc' dir='ltr'><strong><em>πρὸς</em></strong></span> <span class='ocrx_word' id='word_1_124' title='bbox 654 1734 727 1805; x_wconf 87' lang='grc' dir='ltr'><strong><em>τὸν</em></strong></span> <span class='ocrx_word' id='word_1_125' title='bbox 748 1706 901 1824; x_wconf 91' lang='grc' dir='ltr'><strong><em>πατέρα</em></strong></span> <span class='ocrx_word' id='word_1_126' title='bbox 923 1740 974 1823; x_wconf 83' lang='grc' dir='ltr'><strong><em>τῶ</em></strong></span> <span class='ocrx_word' id='word_1_127' title='bbox 998 1727 1111 1816; x_wconf 85' lang='grc' dir='ltr'><strong><em>οῦτῶς</em></strong></span> <span class='ocrx_word' id='word_1_128' title='bbox 1131 1739 1244 1823; x_wconf 79' lang='grc' dir='ltr'><strong><em>σοφῷ·</em></strong></span> <span class='ocrx_word' id='word_1_129' title='bbox 1277 1738 1305 1804; x_wconf 90' lang='grc' dir='ltr'><strong><em>εί</em></strong></span> <span class='ocrx_word' id='word_1_130' title='bbox 1327 1738 1362 1803; x_wconf 80' lang='grc' dir='ltr'><strong><em>δὲ</em></strong></span> <span class='ocrx_word' id='word_1_131' title='bbox 1384 1739 1531 1860; x_wconf 86' lang='grc' dir='ltr'><strong><em>σρφίαν</em></strong></span> 
     </span>
     <span class='ocr_line' id='line_1_14' title="bbox 232 1830 1532 1924; baseline 0 -21"><span class='ocrx_word' id='word_1_132' title='bbox 232 1860 284 1916; x_wconf 90' lang='grc' dir='ltr'><strong><em>τις</em></strong></span> <span class='ocrx_word' id='word_1_133' title='bbox 310 1830 429 1922; x_wconf 79' lang='grc' dir='ltr'><strong><em>νοῆσαι</em></strong></span> <span class='ocrx_word' id='word_1_134' title='bbox 456 1830 519 1905; x_wconf 86' lang='grc' dir='ltr'><strong><em>τὸν</em></strong></span> <span class='ocrx_word' id='word_1_135' title='bbox 542 1830 706 1922; x_wconf 85' lang='grc' dir='ltr'><strong><em>Χριστὸν,</em></strong></span> <span class='ocrx_word' id='word_1_136' title='bbox 734 1838 805 1904; x_wconf 83' lang='grc' dir='ltr'><strong><em>ἐπεὶ</em></strong></span> <span class='ocrx_word' id='word_1_137' title='bbox 827 1830 974 1924; x_wconf 85' lang='grc' dir='ltr'><strong><em>Χριστός</em></strong></span> <span class='ocrx_word' id='word_1_138' title='bbox 1001 1838 1072 1905; x_wconf 89' lang='grc' dir='ltr'><strong><em>ἐστι</em></strong></span> <span class='ocrx_word' id='word_1_139' title='bbox 1098 1838 1182 1904; x_wconf 89' lang='grc' dir='ltr'><strong><em>θεοῦ</em></strong></span> <span class='ocrx_word' id='word_1_140' title='bbox 1209 1831 1346 1922; x_wconf 84' lang='grc' dir='ltr'><strong><em>δύναμις</em></strong></span> <span class='ocrx_word' id='word_1_141' title='bbox 1370 1838 1425 1902; x_wconf 91' lang='grc' dir='ltr'><strong><em>και</em></strong></span> <span class='ocrx_word' id='word_1_142' title='bbox 1446 1838 1532 1903; x_wconf 90' lang='grc' dir='ltr'><strong><em>θεοῦ</em></strong></span> 
     </span>
     <span class='ocr_line' id='line_1_15' title="bbox 233 1925 1530 2056; baseline -0.001 -55"><span class='ocrx_word' id='word_1_143' title='bbox 233 1939 367 2020; x_wconf 89' lang='grc' dir='ltr'><strong><em>σοφία,</em></strong></span> <span class='ocrx_word' id='word_1_144' title='bbox 391 1928 432 2004; x_wconf 88' lang='grc' dir='ltr'><strong><em>οῦ</em></strong></span> <span class='ocrx_word' id='word_1_145' title='bbox 452 1928 561 2056; x_wconf 84' lang='grc' dir='ltr'><strong><em>μάνρν</em></strong></span> <span class='ocrx_word' id='word_1_146' title='bbox 586 1932 813 2021; x_wconf 87' lang='grc' dir='ltr'><strong><em>παριτητόν</em></strong></span> <span class='ocrx_word' id='word_1_147' title='bbox 833 1929 932 2021; x_wconf 87' lang='grc' dir='ltr'><strong><em>πρὸς</em></strong></span> <span class='ocrx_word' id='word_1_148' title='bbox 951 1930 1024 2004; x_wconf 84' lang='grc' dir='ltr'><strong><em>τὸν</em></strong></span> <span class='ocrx_word' id='word_1_149' title='bbox 1045 1937 1198 2020; x_wconf 88' lang='grc' dir='ltr'><strong><em>πατέρα</em></strong></span> <span class='ocrx_word' id='word_1_150' title='bbox 1219 1937 1272 2022; x_wconf 82' lang='grc' dir='ltr'><strong><em>τῶ</em></strong></span> <span class='ocrx_word' id='word_1_151' title='bbox 1296 1925 1409 2015; x_wconf 84' lang='grc' dir='ltr'><strong><em>οῦτῶς</em></strong></span> <span class='ocrx_word' id='word_1_152' title='bbox 1431 1936 1530 2020; x_wconf 81' lang='grc' dir='ltr'><strong><em>σοφῷ</em></strong></span> 
     </span>
     <span class='ocr_line' id='line_1_16' title="bbox 180 2003 1532 2124; baseline 0 -24"><span class='ocrx_word' id='word_1_153' title='bbox 180 2047 213 2102; x_wconf 82' lang='grc'><strong><em>15</em></strong></span> <span class='ocrx_word' id='word_1_154' title='bbox 231 2037 371 2122; x_wconf 88' lang='grc' dir='ltr'><strong><em>λέγομεν</em></strong></span> <span class='ocrx_word' id='word_1_155' title='bbox 392 2032 490 2117; x_wconf 92' lang='grc' dir='ltr'><strong><em>είναι,</em></strong></span> <span class='ocrx_word' id='word_1_156' title='bbox 515 2029 602 2103; x_wconf 86' lang='grc' dir='ltr'><strong><em>άλλά</em></strong></span> <span class='ocrx_word' id='word_1_157' title='bbox 628 2038 683 2102; x_wconf 86' lang='grc' dir='ltr'><strong><em>καὶ</em></strong></span> <span class='ocrx_word' id='word_1_158' title='bbox 704 2037 825 2124; x_wconf 84' lang='grc' dir='ltr'><strong><em>πολλῶ</em></strong></span> <span class='ocrx_word' id='word_1_159' title='bbox 852 2039 925 2103; x_wconf 89' lang='grc' dir='ltr'><strong><em>τῶν</em></strong></span> <span class='ocrx_word' id='word_1_160' title='bbox 945 2031 990 2122; x_wconf 83' lang='grc' dir='ltr'><strong><em>μὴ</em></strong></span> <span class='ocrx_word' id='word_1_161' title='bbox 1013 2029 1184 2103; x_wconf 83' lang='grc' dir='ltr'><strong><em>τοιούτων</em></strong></span> <span class='ocrx_word' id='word_1_162' title='bbox 1206 2003 1376 2120; x_wconf 84' lang='grc' dir='ltr'><strong><em>διαφέρειν</em></strong></span> <span class='ocrx_word' id='word_1_163' title='bbox 1397 2028 1460 2101; x_wconf 88' lang='grc' dir='ltr'><strong><em>τὸν</em></strong></span> <span class='ocrx_word' id='word_1_164' title='bbox 1481 2059 1532 2100; x_wconf 90' lang='grc' dir='ltr'><strong><em>κε-</em></strong></span> 
     </span>
     <span class='ocr_line' id='line_1_17' title="bbox 229 2127 1532 2222; baseline -0.002 -21"><span class='ocrx_word' id='word_1_165' title='bbox 229 2136 441 2222; x_wconf 89' lang='grc' dir='ltr'><strong><em>κοσμημένον</em></strong></span> <span class='ocrx_word' id='word_1_166' title='bbox 465 2139 641 2221; x_wconf 88' lang='grc' dir='ltr'><strong><em>χαρίσματί</em></strong></span> <span class='ocrx_word' id='word_1_167' title='bbox 669 2161 778 2221; x_wconf 91' lang='grc' dir='ltr'><strong><em>φαμεν</em></strong></span> <span class='ocrx_word' id='word_1_168' title='bbox 805 2127 897 2222; x_wconf 84' lang='grc' dir='ltr'><strong><em>λόγῳ</em></strong></span> <span class='ocrx_word' id='word_1_169' title='bbox 927 2137 1119 2219; x_wconf 80' lang='grc' dir='ltr'><strong><em>,,υοφίας“</em></strong></span> <span class='ocrx_word' id='word_1_170' title='bbox 1149 2136 1356 2220; x_wconf 88' lang='grc' dir='ltr'><strong><em>καλουμένῳ,</em></strong></span> <span class='ocrx_word' id='word_1_171' title='bbox 1387 2128 1442 2201; x_wconf 88' lang='grc' dir='ltr'><strong><em>διά</em></strong></span> <span class='ocrx_word' id='word_1_172' title='bbox 1468 2135 1532 2201; x_wconf 90' lang='grc' dir='ltr'><strong><em>τοῦ</em></strong></span> 
     </span>
     <span class='ocr_line' id='line_1_18' title="bbox 229 2229 613 2321; baseline 0 -18"><span class='ocrx_word' id='word_1_173' title='bbox 229 2229 419 2320; x_wconf 81' lang='grc' dir='ltr'><strong><em>πνεύματος</em></strong></span> <span class='ocrx_word' id='word_1_174' title='bbox 441 2235 613 2321; x_wconf 83' lang='grc' dir='ltr'><strong><em>διδομένῳ.</em></strong></span> 
     </span>
    </p>
   </div>
   <div class='ocr_carea' id='block_1_3' title="bbox 178 2339 1576 3732">
    <p class='ocr_par' dir='ltr' id='par_1_3' title="bbox 178 2339 1576 3732">
     <span class='ocr_line' id='line_1_19' title="bbox 311 2339 1576 2437; baseline 0.002 -21"><span class='ocrx_word' id='word_1_175' title='bbox 311 2352 425 2418; x_wconf 87' lang='lat' dir='ltr'>XXIV.</span> <span class='ocrx_word' id='word_1_176' title='bbox 465 2345 574 2418; x_wconf 89' lang='grc' dir='ltr'><strong><em>Πάλιν</em></strong></span> <span class='ocrx_word' id='word_1_177' title='bbox 604 2375 642 2419; x_wconf 87' lang='grc' dir='ltr'><strong><em>τε</em></strong></span> <span class='ocrx_word' id='word_1_178' title='bbox 668 2339 710 2418; x_wconf 89' lang='grc' dir='ltr'><strong><em>αῦ</em></strong></span> <span class='ocrx_word' id='word_1_179' title='bbox 739 2345 778 2418; x_wconf 87' lang='grc' dir='ltr'><strong><em>τὸ</em></strong></span> <span class='ocrx_word' id='word_1_180' title='bbox 809 2343 924 2437; x_wconf 85' lang='grc' dir='ltr'><strong><em>δόξης</em></strong></span> <span class='ocrx_word' id='word_1_181' title='bbox 954 2344 1254 2420; x_wconf 84' lang='grc' dir='ltr'><strong><em>άντιποιεῐσθαι</em></strong></span> <span class='ocrx_word' id='word_1_182' title='bbox 1286 2351 1347 2435; x_wconf 79' lang='grc' dir='ltr'><strong><em>τῆς</em></strong></span> <span class='ocrx_word' id='word_1_183' title='bbox 1373 2342 1452 2435; x_wconf 76' lang='grc' dir='ltr'><strong><em>παρ’</em></strong></span> <span class='ocrx_word' id='word_1_184' title='bbox 1476 2342 1531 2418; x_wconf 89' lang='grc' dir='ltr'><strong><em>άν-</em></strong></span> <span class='ocrx_word' id='word_1_185' title='bbox 1572 2383 1576 2390; x_wconf 89' lang='grc'><em>·</em></span> 
     </span>
     <span class='ocr_line' id='line_1_20' title="bbox 230 2442 1531 2537; baseline -0.002 -19"><span class='ocrx_word' id='word_1_186' title='bbox 230 2445 387 2533; x_wconf 79' lang='grc' dir='ltr'><strong><em>θρώποις</em></strong></span> <span class='ocrx_word' id='word_1_187' title='bbox 417 2443 458 2519; x_wconf 90' lang='grc' dir='ltr'><strong><em>οῦ</em></strong></span> <span class='ocrx_word' id='word_1_188' title='bbox 487 2445 574 2518; x_wconf 87' lang='grc' dir='ltr'><strong><em>κατά</em></strong></span> <span class='ocrx_word' id='word_1_189' title='bbox 606 2446 669 2536; x_wconf 83' lang='grc' dir='ltr'><strong><em>τὴν</em></strong></span> <span class='ocrx_word' id='word_1_190' title='bbox 695 2442 797 2537; x_wconf 83' lang='grc' dir='ltr'><strong><em>Ἰησοῦ</em></strong></span> <span class='ocrx_word' id='word_1_191' title='bbox 826 2443 933 2536; x_wconf 86' lang='grc' dir='ltr'><strong><em>μάνου</em></strong></span> <span class='ocrx_word' id='word_1_192' title='bbox 962 2452 1177 2520; x_wconf 86' lang='grc' dir='ltr'><strong><em>διδασκαλίαν</em></strong></span> <span class='ocrx_word' id='word_1_193' title='bbox 1202 2443 1396 2516; x_wconf 84' lang='grc' dir='ltr'><strong><em>κῶλάεσθαί</em></strong></span> <span class='ocrx_word' id='word_1_194' title='bbox 1422 2475 1531 2536; x_wconf 90' lang='grc' dir='ltr'><strong><em>φαμεν</em></strong></span> 
     </span>
     <span class='ocr_line' id='line_1_21' title="bbox 178 2541 1531 2668; baseline -0.004 -46"><span class='ocrx_word' id='word_1_195' title='bbox 178 2567 213 2625; x_wconf 87' lang='grc'><strong><em>20</em></strong></span> <span class='ocrx_word' id='word_1_196' title='bbox 230 2541 315 2617; x_wconf 89' lang='grc' dir='ltr'><strong><em>άλλά</em></strong></span> <span class='ocrx_word' id='word_1_197' title='bbox 345 2553 401 2616; x_wconf 85' lang='grc' dir='ltr'><strong><em>καὶ</em></strong></span> <span class='ocrx_word' id='word_1_198' title='bbox 430 2545 517 2618; x_wconf 83' lang='grc' dir='ltr'><strong><em>κατὰ</em></strong></span> <span class='ocrx_word' id='word_1_199' title='bbox 548 2545 613 2636; x_wconf 79' lang='grc' dir='ltr'><strong><em>τὴν</em></strong></span> <span class='ocrx_word' id='word_1_200' title='bbox 643 2546 791 2618; x_wconf 85' lang='grc' dir='ltr'><strong><em>παλαιάν</em></strong></span> <span class='ocrx_word' id='word_1_201' title='bbox 817 2543 958 2636; x_wconf 84' lang='grc' dir='ltr'><strong><em>γραφήν.</em></strong></span> <span class='ocrx_word' id='word_1_202' title='bbox 1001 2546 1217 2668; x_wconf 79' lang='grc' dir='ltr'><strong><em>ἐπαρώμενος</em></strong></span> <span class='ocrx_word' id='word_1_203' title='bbox 1243 2551 1325 2634; x_wconf 91' lang='grc' dir='ltr'><strong><em>γοῦν</em></strong></span> <span class='ocrx_word' id='word_1_204' title='bbox 1346 2545 1457 2636; x_wconf 76' lang='grc' dir='ltr'><strong><em>ἐαυτῷ</em></strong></span> <span class='ocrx_word' id='word_1_205' title='bbox 1479 2575 1531 2629; x_wconf 89' lang='grc' dir='ltr'><strong><em>τις</em></strong></span> 
     </span>
     <span class='ocr_line' id='line_1_22' title="bbox 230 2642 1530 2766; baseline 0.002 -50"><span class='ocrx_word' id='word_1_206' title='bbox 230 2651 312 2716; x_wconf 93' lang='grc' dir='ltr'><strong><em>τῶν</em></strong></span> <span class='ocrx_word' id='word_1_207' title='bbox 341 2653 578 2766; x_wconf 81' lang='grc' dir='ltr'><strong><em>προφητῶν,</em></strong></span> <span class='ocrx_word' id='word_1_208' title='bbox 610 2648 683 2717; x_wconf 84' lang='grc' dir='ltr'><strong><em>εί’</em></strong></span> <span class='ocrx_word' id='word_1_209' title='bbox 668 2675 785 2736; x_wconf 88' lang='grc' dir='ltr'><strong><em>ενυχος</em></strong></span> <span class='ocrx_word' id='word_1_210' title='bbox 816 2650 864 2736; x_wconf 86' lang='grc' dir='ltr'><strong><em>είη</em></strong></span> <span class='ocrx_word' id='word_1_211' title='bbox 898 2664 970 2728; x_wconf 86' lang='grc' dir='ltr'><strong><em>τοϊς</em></strong></span> <span class='ocrx_word' id='word_1_212' title='bbox 1000 2642 1224 2735; x_wconf 84' lang='grc' dir='ltr'><strong><em>άμαρτὴμασι,</em></strong></span> <span class='ocrx_word' id='word_1_213' title='bbox 1252 2649 1355 2734; x_wconf 91' lang='grc' dir='ltr'><strong><em>φησίν</em></strong></span> <span class='ocrx_word' id='word_1_214' title='bbox 1381 2643 1456 2718; x_wconf 85' lang='grc' dir='ltr'><strong><em>άντί</em></strong></span> <span class='ocrx_word' id='word_1_215' title='bbox 1478 2674 1530 2737; x_wconf 89' lang='grc' dir='ltr'><strong><em>με·</em></strong></span> 
     </span>
     <span class='ocr_line' id='line_1_23' title="bbox 229 2739 1531 2868; baseline 0.001 -51"><span class='ocrx_word' id='word_1_216' title='bbox 229 2756 346 2835; x_wconf 91' lang='grc' dir='ltr'><strong><em>γίστου</em></strong></span> <span class='ocrx_word' id='word_1_217' title='bbox 367 2752 475 2868; x_wconf 85' lang='grc' dir='ltr'><strong><em>κακρῦ</em></strong></span> <span class='ocrx_word' id='word_1_218' title='bbox 496 2752 658 2836; x_wconf 78' lang='grc' dir='ltr'><strong><em>συμβῆναι</em></strong></span> <span class='ocrx_word' id='word_1_219' title='bbox 680 2739 721 2816; x_wconf 71' lang='lat'><strong><em>61&gt;</em></strong></span> <span class='ocrx_word' id='word_1_220' title='bbox 743 2741 841 2836; x_wconf 83' lang='grc' dir='ltr'><strong><em>αῦτῳ</em></strong></span> <span class='ocrx_word' id='word_1_221' title='bbox 824 2751 918 2816; x_wconf 89' lang='grc' dir='ltr'><strong><em>καὶ</em></strong></span> <span class='ocrx_word' id='word_1_222' title='bbox 940 2743 1004 2834; x_wconf 84' lang='grc' dir='ltr'><strong><em>τὴν</em></strong></span> <span class='ocrx_word' id='word_1_223' title='bbox 1026 2743 1190 2834; x_wconf 76' lang='grc' dir='ltr'><strong><em>βιῶτικὴν</em></strong></span> <span class='ocrx_word' id='word_1_224' title='bbox 1213 2741 1342 2831; x_wconf 84' lang='grc' dir='ltr'><strong><em>δόξαν.</em></strong></span> <span class='ocrx_word' id='word_1_225' title='bbox 1385 2753 1473 2836; x_wconf 81' lang='grc' dir='ltr'><strong><em>λέγει</em></strong></span> <span class='ocrx_word' id='word_1_226' title='bbox 1495 2753 1531 2818; x_wconf 85' lang='grc' dir='ltr'><strong><em>δὲ</em></strong></span> 
     </span>
     <span class='ocr_line' id='line_1_24' title="bbox 229 2839 1531 2935; baseline 0.002 -18"><span class='ocrx_word' id='word_1_227' title='bbox 229 2839 355 2929; x_wconf 78' lang='grc' dir='ltr'><strong><em>οῦτοος</em></strong></span> <span class='ocrx_word' id='word_1_228' title='bbox 389 2845 514 2934; x_wconf 62' lang='grc' dir='ltr'><strong><em>,κύρια</em></strong></span> <span class='ocrx_word' id='word_1_229' title='bbox 547 2841 566 2916; x_wconf 91' lang='lat'><strong><em>6</em></strong></span> <span class='ocrx_word' id='word_1_230' title='bbox 597 2840 690 2928; x_wconf 87' lang='grc' dir='ltr'><strong><em>θεάς</em></strong></span> <span class='ocrx_word' id='word_1_231' title='bbox 720 2875 798 2935; x_wconf 90' lang='grc' dir='ltr'><strong><em>μου,</em></strong></span> <span class='ocrx_word' id='word_1_232' title='bbox 829 2851 858 2916; x_wconf 89' lang='grc' dir='ltr'><strong><em>εί</em></strong></span> <span class='ocrx_word' id='word_1_233' title='bbox 883 2849 1024 2934; x_wconf 87' lang='grc' dir='ltr'><strong><em>ἐποίησα</em></strong></span> <span class='ocrx_word' id='word_1_234' title='bbox 1051 2851 1166 2930; x_wconf 89' lang='grc' dir='ltr'><strong><em>τοῦτο,</em></strong></span> <span class='ocrx_word' id='word_1_235' title='bbox 1194 2846 1264 2914; x_wconf 87' lang='grc' dir='ltr'><strong><em>εί”</em></strong></span> <span class='ocrx_word' id='word_1_236' title='bbox 1248 2869 1341 2916; x_wconf 91' lang='grc' dir='ltr'><strong><em>εστιν</em></strong></span> <span class='ocrx_word' id='word_1_237' title='bbox 1362 2842 1531 2919; x_wconf 90' lang='grc' dir='ltr'><strong><em>άδικίαέν</em></strong></span> 
     </span>
     <span class='ocr_line' id='line_1_25' title="bbox 229 2941 1531 3067; baseline 0.002 -52"><span class='ocrx_word' id='word_1_238' title='bbox 229 2951 318 3033; x_wconf 86' lang='grc' dir='ltr'><strong><em>χερσί</em></strong></span> <span class='ocrx_word' id='word_1_239' title='bbox 327 2973 417 3067; x_wconf 85' lang='grc' dir='ltr'><strong><em>μρυ,</em></strong></span> <span class='ocrx_word' id='word_1_240' title='bbox 445 2947 473 3014; x_wconf 86' lang='grc' dir='ltr'><strong><em>εί</em></strong></span> <span class='ocrx_word' id='word_1_241' title='bbox 499 2941 726 3016; x_wconf 86' lang='grc' dir='ltr'><strong><em>άνταπέδωκα</em></strong></span> <span class='ocrx_word' id='word_1_242' title='bbox 753 2964 825 3027; x_wconf 81' lang='grc' dir='ltr'><strong><em>τοῖς</em></strong></span> <span class='ocrx_word' id='word_1_243' title='bbox 847 2941 1112 3016; x_wconf 87' lang='grc' dir='ltr'><strong><em>άνταποδιδοῦσί</em></strong></span> <span class='ocrx_word' id='word_1_244' title='bbox 1132 2971 1189 3033; x_wconf 91' lang='grc' dir='ltr'><strong><em>μοι</em></strong></span> <span class='ocrx_word' id='word_1_245' title='bbox 1209 2943 1306 3028; x_wconf 86' lang='grc' dir='ltr'><strong><em>κακά,</em></strong></span> <span class='ocrx_word' id='word_1_246' title='bbox 1329 2941 1531 3035; x_wconf 86' lang='grc' dir='ltr'><strong><em>άποπέσοιμι</em></strong></span> 
     </span>
     <span class='ocr_line' id='line_1_26' title="bbox 179 3038 1531 3134; baseline -0.001 -18"><span class='ocrx_word' id='word_1_247' title='bbox 179 3063 212 3118; x_wconf 80' lang='lat'><strong><em>25</em></strong></span> <span class='ocrx_word' id='word_1_248' title='bbox 230 3039 294 3132; x_wconf 88' lang='grc' dir='ltr'><strong><em>άρα</em></strong></span> <span class='ocrx_word' id='word_1_249' title='bbox 315 3040 383 3116; x_wconf 88' lang='grc' dir='ltr'><strong><em>άπὸ</em></strong></span> <span class='ocrx_word' id='word_1_250' title='bbox 406 3050 480 3115; x_wconf 92' lang='grc' dir='ltr'><strong><em>τῶν</em></strong></span> <span class='ocrx_word' id='word_1_251' title='bbox 502 3048 636 3133; x_wconf 88' lang='grc' dir='ltr'><strong><em>ἐχθρῶν</em></strong></span> <span class='ocrx_word' id='word_1_252' title='bbox 657 3073 723 3133; x_wconf 90' lang='grc' dir='ltr'><strong><em>μου</em></strong></span> <span class='ocrx_word' id='word_1_253' title='bbox 743 3041 853 3126; x_wconf 90' lang='grc' dir='ltr'><strong><em>κενός·</em></strong></span> <span class='ocrx_word' id='word_1_254' title='bbox 883 3038 1133 3130; x_wconf 84' lang='grc' dir='ltr'><strong><em>καταδιῶξαι</em></strong></span> <span class='ocrx_word' id='word_1_255' title='bbox 1111 3071 1177 3134; x_wconf 90' lang='grc' dir='ltr'><strong><em>αρα</em></strong></span> <span class='ocrx_word' id='word_1_256' title='bbox 1200 3073 1218 3115; x_wconf 93' lang='grc' dir='ltr'><strong><em>ο</em></strong></span> <span class='ocrx_word' id='word_1_257' title='bbox 1209 3038 1421 3132; x_wconf 74' lang='grc' dir='ltr'><strong><em>“ἐχθρὸς</em></strong></span> <span class='ocrx_word' id='word_1_258' title='bbox 1384 3075 1448 3134; x_wconf 91' lang='grc' dir='ltr'><strong><em>την</em></strong></span> <span class='ocrx_word' id='word_1_259' title='bbox 1470 3068 1531 3134; x_wconf 79' lang='grc' dir='ltr'><strong><em>ψυ</em></strong></span> 
     </span>
     <span class='ocr_line' id='line_1_27' title="bbox 228 3140 1530 3265; baseline 0.002 -53"><span class='ocrx_word' id='word_1_260' title='bbox 228 3142 292 3265; x_wconf 68' lang='grc' dir='ltr'><strong><em>χρυ</em></strong></span> <span class='ocrx_word' id='word_1_261' title='bbox 313 3171 379 3232; x_wconf 91' lang='grc' dir='ltr'><strong><em>μου</em></strong></span> <span class='ocrx_word' id='word_1_262' title='bbox 399 3149 454 3214; x_wconf 84' lang='grc' dir='ltr'><strong><em>καί</em></strong></span> <span class='ocrx_word' id='word_1_263' title='bbox 475 3140 670 3227; x_wconf 81' lang='grc' dir='ltr'><strong><em>καταλάβοι,</em></strong></span> <span class='ocrx_word' id='word_1_264' title='bbox 691 3151 748 3215; x_wconf 86' lang='grc' dir='ltr'><strong><em>καὶ</em></strong></span> <span class='ocrx_word' id='word_1_265' title='bbox 768 3141 1005 3233; x_wconf 77' lang='grc' dir='ltr'><strong><em>καταπατῆσαι</em></strong></span> <span class='ocrx_word' id='word_1_266' title='bbox 1027 3149 1073 3227; x_wconf 90' lang='grc' dir='ltr'><strong><em>είς</em></strong></span> <span class='ocrx_word' id='word_1_267' title='bbox 1096 3149 1159 3233; x_wconf 80' lang='grc' dir='ltr'><strong><em>γῆν</em></strong></span> <span class='ocrx_word' id='word_1_268' title='bbox 1182 3142 1247 3233; x_wconf 86' lang='grc' dir='ltr'><strong><em>τὴν</em></strong></span> <span class='ocrx_word' id='word_1_269' title='bbox 1268 3141 1359 3233; x_wconf 83' lang='grc' dir='ltr'><strong><em>ξιοήν</em></strong></span> <span class='ocrx_word' id='word_1_270' title='bbox 1379 3173 1453 3233; x_wconf 92' lang='grc' dir='ltr'><strong><em>μου,</em></strong></span> <span class='ocrx_word' id='word_1_271' title='bbox 1475 3151 1530 3216; x_wconf 80' lang='grc' dir='ltr'><strong><em>καί</em></strong></span> 
     </span>
     <span class='ocr_line' id='line_1_28' title="bbox 230 3240 1001 3333; baseline -0.004 -19"><span class='ocrx_word' id='word_1_272' title='bbox 230 3243 294 3333; x_wconf 84' lang='grc' dir='ltr'><strong><em>τὴν</em></strong></span> <span class='ocrx_word' id='word_1_273' title='bbox 316 3240 435 3329; x_wconf 86' lang='grc' dir='ltr'><strong><em>δόξαν</em></strong></span> <span class='ocrx_word' id='word_1_274' title='bbox 457 3271 521 3331; x_wconf 90' lang='grc' dir='ltr'><strong><em>μου</em></strong></span> <span class='ocrx_word' id='word_1_275' title='bbox 543 3249 589 3326; x_wconf 88' lang='grc' dir='ltr'><strong><em>είς</em></strong></span> <span class='ocrx_word' id='word_1_276' title='bbox 609 3247 694 3330; x_wconf 90' lang='grc' dir='ltr'><strong><em>χοῦν</em></strong></span> <span class='ocrx_word' id='word_1_277' title='bbox 715 3242 1001 3331; x_wconf 55' lang='grc' dir='ltr'><strong><em>κατασκηνῶσαιῖ(</em></strong></span> 
     </span>
     <span class='ocr_line' id='line_1_29' title="bbox 312 3336 1531 3460; baseline 0 -46"><span class='ocrx_word' id='word_1_278' title='bbox 312 3339 384 3414; x_wconf 78' lang='grc' dir='ltr'><strong><em>ἀλλ’</em></strong></span> <span class='ocrx_word' id='word_1_279' title='bbox 408 3338 486 3414; x_wconf 88' lang='grc' dir='ltr'><strong><em>οῦδε</em></strong></span> <span class='ocrx_word' id='word_1_280' title='bbox 507 3340 549 3414; x_wconf 86' lang='grc' dir='ltr'><strong><em>τά</em></strong></span> <span class='ocrx_word' id='word_1_281' title='bbox 571 3341 635 3431; x_wconf 81' lang='grc' dir='ltr'><strong><em>,μὴ</em></strong></span> <span class='ocrx_word' id='word_1_282' title='bbox 657 3345 837 3460; x_wconf 84' lang='grc' dir='ltr'><strong><em>μεριμνᾶτε</em></strong></span> <span class='ocrx_word' id='word_1_283' title='bbox 858 3349 892 3411; x_wconf 91' lang='grc' dir='ltr'><strong><em>τί</em></strong></span> <span class='ocrx_word' id='word_1_284' title='bbox 914 3339 1045 3431; x_wconf 88' lang='grc' dir='ltr'><strong><em>φάγητε</em></strong></span> <span class='ocrx_word' id='word_1_285' title='bbox 1065 3336 1086 3431; x_wconf 90' lang='lat'><strong><em>6</em></strong></span> <span class='ocrx_word' id='word_1_286' title='bbox 1109 3349 1143 3412; x_wconf 93' lang='grc' dir='ltr'><strong><em>τί</em></strong></span> <span class='ocrx_word' id='word_1_287' title='bbox 1157 3347 1263 3432; x_wconf 86' lang='grc' dir='ltr'><strong><em>πίητε</em></strong></span> <span class='ocrx_word' id='word_1_288' title='bbox 1298 3339 1531 3432; x_wconf 85' lang='grc' dir='ltr'><strong><em>κατανοήσατε</em></strong></span> 
     </span>
     <span class='ocr_line' id='line_1_30' title="bbox 229 3434 1533 3531; baseline -0.001 -16"><span class='ocrx_word' id='word_1_289' title='bbox 229 3441 272 3515; x_wconf 87' lang='grc' dir='ltr'><strong><em>τά</em></strong></span> <span class='ocrx_word' id='word_1_290' title='bbox 302 3441 441 3515; x_wconf 82' lang='grc' dir='ltr'><strong><em>πετεινά</em></strong></span> <span class='ocrx_word' id='word_1_291' title='bbox 474 3447 538 3513; x_wconf 89' lang='grc' dir='ltr'><strong><em>τοῦ</em></strong></span> <span class='ocrx_word' id='word_1_292' title='bbox 570 3437 718 3529; x_wconf 88' lang='grc' dir='ltr'><strong><em>οῦρανοῦ</em></strong></span> <span class='ocrx_word' id='word_1_293' title='bbox 749 3434 769 3530; x_wconf 90' lang='lat'><strong><em>6</em></strong></span> <span class='ocrx_word' id='word_1_294' title='bbox 800 3439 1035 3531; x_wconf 85' lang='grc' dir='ltr'><strong><em>κατανοήσατε</em></strong></span> <span class='ocrx_word' id='word_1_295' title='bbox 1064 3440 1159 3525; x_wconf 87' lang='grc' dir='ltr'><strong><em>τοῦς</em></strong></span> <span class='ocrx_word' id='word_1_296' title='bbox 1185 3437 1374 3530; x_wconf 78' lang='grc' dir='ltr'><strong><em>κόρακας,</em></strong></span> <span class='ocrx_word' id='word_1_297' title='bbox 1406 3437 1460 3514; x_wconf 85' lang='grc' dir='ltr'><strong><em>ῦτι</em></strong></span> <span class='ocrx_word' id='word_1_298' title='bbox 1492 3440 1533 3516; x_wconf 88' lang='lat'><strong><em>06</em></strong></span> 
     </span>
     <span class='ocr_line' id='line_1_31' title="bbox 178 3533 1531 3677; baseline -0.001 -63"><span class='ocrx_word' id='word_1_299' title='bbox 178 3559 213 3615; x_wconf 86' lang='grc'><strong><em>30</em></strong></span> <span class='ocrx_word' id='word_1_300' title='bbox 229 3537 420 3631; x_wconf 86' lang='grc' dir='ltr'><strong><em>σπείρουσιν</em></strong></span> <span class='ocrx_word' id='word_1_301' title='bbox 449 3538 525 3614; x_wconf 87' lang='grc' dir='ltr'><strong><em>οῦδε</em></strong></span> <span class='ocrx_word' id='word_1_302' title='bbox 554 3548 737 3663; x_wconf 86' lang='grc' dir='ltr'><strong><em>θερίξρυσι,</em></strong></span> <span class='ocrx_word' id='word_1_303' title='bbox 772 3533 876 3610; x_wconf 84' lang='grc' dir='ltr'><strong><em>καὶὸ</em></strong></span> <span class='ocrx_word' id='word_1_304' title='bbox 905 3538 1018 3630; x_wconf 81' lang='grc' dir='ltr'><strong><em>πατὴρ</em></strong></span> <span class='ocrx_word' id='word_1_305' title='bbox 1049 3536 1146 3631; x_wconf 85' lang='grc' dir='ltr'><strong><em>ἡμῶν</em></strong></span> <span class='ocrx_word' id='word_1_306' title='bbox 1178 3536 1197 3613; x_wconf 89' lang='lat'><strong><em>6</em></strong></span> <span class='ocrx_word' id='word_1_307' title='bbox 1229 3537 1386 3677; x_wconf 87' lang='grc' dir='ltr'><strong><em>ρῦράνιος</em></strong></span> <span class='ocrx_word' id='word_1_308' title='bbox 1416 3547 1531 3631; x_wconf 87' lang='grc' dir='ltr'><strong><em>τρέφει</em></strong></span> 
     </span>
     <span class='ocr_line' id='line_1_32' title="bbox 228 3637 1532 3732; baseline 0.002 -20"><span class='ocrx_word' id='word_1_309' title='bbox 228 3639 322 3714; x_wconf 88' lang='grc' dir='ltr'><strong><em>αῦτά.</em></strong></span> <span class='ocrx_word' id='word_1_310' title='bbox 364 3638 461 3732; x_wconf 85' lang='grc' dir='ltr'><strong><em>πόσῳ</em></strong></span> <span class='ocrx_word' id='word_1_311' title='bbox 488 3648 619 3732; x_wconf 86' lang='grc' dir='ltr'><strong><em>μάλλον</em></strong></span> <span class='ocrx_word' id='word_1_312' title='bbox 644 3637 736 3728; x_wconf 78' lang='grc' dir='ltr'><strong><em>ὑμεῖς</em></strong></span> <span class='ocrx_word' id='word_1_313' title='bbox 757 3645 933 3728; x_wconf 88' lang='grc' dir='ltr'><strong><em>διαφέρετε</em></strong></span> <span class='ocrx_word' id='word_1_314' title='bbox 955 3647 1028 3711; x_wconf 92' lang='grc' dir='ltr'><strong><em>τῶν</em></strong></span> <span class='ocrx_word' id='word_1_315' title='bbox 1049 3648 1244 3726; x_wconf 53' lang='grc' dir='ltr'><strong><em>πετεινῶνγ</em></strong></span> <span class='ocrx_word' id='word_1_316' title='bbox 1247 3647 1337 3712; x_wconf 48' lang='grc' dir='ltr'><strong><em>(καὶ</em></strong></span> <span class='ocrx_word' id='word_1_317' title='bbox 1362 3650 1459 3732; x_wconf 76' lang='grc' dir='ltr'><strong><em>,περὶ</em></strong></span> <span class='ocrx_word' id='word_1_318' title='bbox 1481 3647 1532 3714; x_wconf 88' lang='grc' dir='ltr'><strong><em>ἐν·</em></strong></span> 
     </span>
    </p>
   </div>
   <div class='ocr_carea' id='block_1_4' title="bbox 229 3735 1531 3832">
    <p class='ocr_par' dir='ltr' id='par_1_4' title="bbox 229 3735 1531 3832">
     <span class='ocr_line' id='line_1_33' title="bbox 229 3735 1531 3832; baseline 0.002 -20"><span class='ocrx_word' id='word_1_319' title='bbox 229 3741 377 3832; x_wconf 87' lang='grc' dir='ltr'><strong><em>δάματος</em></strong></span> <span class='ocrx_word' id='word_1_320' title='bbox 407 3751 442 3814; x_wconf 92' lang='grc' dir='ltr'><strong><em>τί</em></strong></span> <span class='ocrx_word' id='word_1_321' title='bbox 472 3747 666 3832; x_wconf 86' lang='grc' dir='ltr'><strong><em>μεριμι·άτε;</em></strong></span> <span class='ocrx_word' id='word_1_322' title='bbox 695 3735 911 3829; x_wconf 87' lang='grc' dir='ltr'><strong><em>καταμάθετε</em></strong></span> <span class='ocrx_word' id='word_1_323' title='bbox 943 3737 991 3810; x_wconf 89' lang='grc' dir='ltr'><strong><em>τά</em></strong></span> <span class='ocrx_word' id='word_1_324' title='bbox 1020 3748 1136 3829; x_wconf 91' lang='grc' dir='ltr'><strong><em>κρίνα</em></strong></span> <span class='ocrx_word' id='word_1_325' title='bbox 1167 3746 1229 3812; x_wconf 92' lang='grc' dir='ltr'><strong><em>τοῦ</em></strong></span> <span class='ocrx_word' id='word_1_326' title='bbox 1256 3737 1384 3831; x_wconf 46' lang='grc' dir='ltr'><strong><em>άγροῦίί</em></strong></span> <span class='ocrx_word' id='word_1_327' title='bbox 1410 3741 1531 3814; x_wconf 84' lang='grc' dir='ltr'><strong><em>καὶτὰ</em></strong></span> 
     </span>
    </p>
   </div>
   <div class='ocr_carea' id='block_1_5' title="bbox 227 3909 1530 4236">
    <p class='ocr_par' dir='ltr' id='par_1_5' title="bbox 227 3909 1530 4236">
     <span class='ocr_line' id='line_1_34' title="bbox 311 3909 1530 3982; baseline 0 -14"><span class='ocrx_word' id='word_1_328' title='bbox 311 3912 406 3982; x_wconf 79' lang='lat' dir='ltr'>lvgl.</span> <span class='ocrx_word' id='word_1_329' title='bbox 424 3913 524 3968; x_wconf 77' lang='lat'>666.</span> <span class='ocrx_word' id='word_1_330' title='bbox 541 3913 583 3980; x_wconf 90' lang='grc'><strong><em>20,</em></strong></span> <span class='ocrx_word' id='word_1_331' title='bbox 601 3913 642 3968; x_wconf 87' lang='grc'><strong><em>26.</em></strong></span> <span class='ocrx_word' id='word_1_332' title='bbox 660 3911 701 3966; x_wconf 82' lang='grc'><strong><em>21.</em></strong></span> <span class='ocrx_word' id='word_1_333' title='bbox 719 3913 760 3967; x_wconf 80' lang='lat'><strong><em>25.</em></strong></span> <span class='ocrx_word' id='word_1_334' title='bbox 782 3909 871 3963; x_wconf 73' lang='lat' dir='ltr'>Mark.</span> <span class='ocrx_word' id='word_1_335' title='bbox 888 3909 929 3976; x_wconf 87' lang='lat'><strong><em>10,</em></strong></span> <span class='ocrx_word' id='word_1_336' title='bbox 945 3911 988 3964; x_wconf 83' lang='lat'><strong><em>43.</em></strong></span> <span class='ocrx_word' id='word_1_337' title='bbox 1003 3913 1044 3966; x_wconf 91' lang='grc'><strong><em>44.</em></strong></span> <span class='ocrx_word' id='word_1_338' title='bbox 1061 3912 1095 3965; x_wconf 89' lang='grc'><strong><em>42</em></strong></span> <span class='ocrx_word' id='word_1_339' title='bbox 1113 3910 1190 3980; x_wconf 77' lang='grc' dir='ltr'><strong>(1ιυ1.</strong></span> <span class='ocrx_word' id='word_1_340' title='bbox 1203 3912 1244 3976; x_wconf 87' lang='grc'><strong>22,</strong></span> <span class='ocrx_word' id='word_1_341' title='bbox 1257 3911 1298 3967; x_wconf 89' lang='grc'><strong><em>26.</em></strong></span> <span class='ocrx_word' id='word_1_342' title='bbox 1310 3913 1361 3982; x_wconf 87' lang='grc'><strong>27).</strong></span> <span class='ocrx_word' id='word_1_343' title='bbox 1380 3943 1413 3952; x_wconf 89' lang='grc'>-</span> <span class='ocrx_word' id='word_1_344' title='bbox 1431 3913 1530 3969; x_wconf 66' lang='lat' dir='ltr'>ahak.</span> 
     </span>
     <span class='ocr_line' id='line_1_35' title="bbox 227 3993 1529 4066; baseline 0 -14"><span class='ocrx_word' id='word_1_345' title='bbox 227 3998 268 4062; x_wconf 91' lang='grc'><strong>22,</strong></span> <span class='ocrx_word' id='word_1_346' title='bbox 281 3998 322 4053; x_wconf 87' lang='grc'><strong><em>25.</em></strong></span> <span class='ocrx_word' id='word_1_347' title='bbox 341 4028 373 4036; x_wconf 91' lang='grc'>-</span> <span class='ocrx_word' id='word_1_348' title='bbox 392 3999 408 4054; x_wconf 83' lang='lat'><strong><em>6</em></strong></span> <span class='ocrx_word' id='word_1_349' title='bbox 428 3998 507 4053; x_wconf 70' lang='lat' dir='ltr'>Dent.</span> <span class='ocrx_word' id='word_1_350' title='bbox 526 3999 566 4062; x_wconf 85' lang='grc'><strong>15,</strong></span> <span class='ocrx_word' id='word_1_351' title='bbox 585 3998 609 4052; x_wconf 91' lang='lat'><strong><em>6.</em></strong></span> <span class='ocrx_word' id='word_1_352' title='bbox 632 3993 1529 4066; x_wconf 72' lang='lat' dir='ltr'>28,12.-10vgl.11{0r.3,19.—18Vg1.11{0r.1,24.</span> 
     </span>
     <span class='ocr_line' id='line_1_36' title="bbox 227 4078 1529 4150; baseline 0 -14"><span class='ocrx_word' id='word_1_353' title='bbox 227 4083 268 4138; x_wconf 85' lang='lat'><strong><em>18.</em></strong></span> <span class='ocrx_word' id='word_1_354' title='bbox 286 4111 318 4122; x_wconf 88' lang='lat'><em>-</em></span> <span class='ocrx_word' id='word_1_355' title='bbox 339 4083 376 4138; x_wconf 85' lang='grc'><strong><em>16</em></strong></span> <span class='ocrx_word' id='word_1_356' title='bbox 395 4082 458 4150; x_wconf 82' lang='lat' dir='ltr'>Vgl.</span> <span class='ocrx_word' id='word_1_357' title='bbox 475 4083 487 4136; x_wconf 90' lang='lat'><em>1</em></span> <span class='ocrx_word' id='word_1_358' title='bbox 505 4082 568 4137; x_wconf 76' lang='grc' dir='ltr'><strong><em>Κατ.</em></strong></span> <span class='ocrx_word' id='word_1_359' title='bbox 587 4081 633 4144; x_wconf 91' lang='grc'><strong><em>12,</em></strong></span> <span class='ocrx_word' id='word_1_360' title='bbox 650 4081 675 4136; x_wconf 90' lang='grc'><strong><em>8.</em></strong></span> <span class='ocrx_word' id='word_1_361' title='bbox 692 4110 725 4120; x_wconf 96' lang='grc'>-</span> <span class='ocrx_word' id='word_1_362' title='bbox 745 4081 782 4136; x_wconf 81' lang='grc'><strong><em>19</em></strong></span> <span class='ocrx_word' id='word_1_363' title='bbox 805 4078 868 4149; x_wconf 80' lang='lat' dir='ltr'>vgl.</span> <span class='ocrx_word' id='word_1_364' title='bbox 887 4079 986 4134; x_wconf 76' lang='lat' dir='ltr'>Matth.</span> <span class='ocrx_word' id='word_1_365' title='bbox 1004 4081 1045 4144; x_wconf 84' lang='lat'><strong><em>23,</em></strong></span> <span class='ocrx_word' id='word_1_366' title='bbox 1063 4082 1155 4136; x_wconf 90' lang='grc'><strong>8-12.</strong></span> <span class='ocrx_word' id='word_1_367' title='bbox 1173 4112 1206 4120; x_wconf 96' lang='grc'>-</span> <span class='ocrx_word' id='word_1_368' title='bbox 1224 4081 1263 4136; x_wconf 83' lang='grc'><strong>28</strong></span> <span class='ocrx_word' id='word_1_369' title='bbox 1285 4080 1355 4137; x_wconf 80' lang='lat' dir='ltr'>Psal.</span> <span class='ocrx_word' id='word_1_370' title='bbox 1375 4085 1398 4144; x_wconf 79' lang='lat'><strong><em>7.</em></strong></span> <span class='ocrx_word' id='word_1_371' title='bbox 1420 4087 1444 4136; x_wconf 89' lang='grc'><strong><em>4.</em></strong></span> <span class='ocrx_word' id='word_1_372' title='bbox 1463 4085 1487 4138; x_wconf 87' lang='grc'><strong><em>5.</em></strong></span> <span class='ocrx_word' id='word_1_373' title='bbox 1505 4084 1529 4138; x_wconf 85' lang='grc'><strong><em>6.</em></strong></span> 
     </span>
     <span class='ocr_line' id='line_1_37' title="bbox 227 4163 1271 4236; baseline 0.001 -14"><span class='ocrx_word' id='word_1_374' title='bbox 227 4197 261 4208; x_wconf 94' lang='grc'>-</span> <span class='ocrx_word' id='word_1_375' title='bbox 279 4165 317 4222; x_wconf 86' lang='grc'><strong>28</strong></span> <span class='ocrx_word' id='word_1_376' title='bbox 336 4167 398 4236; x_wconf 81' lang='lat' dir='ltr'>Vgl.</span> <span class='ocrx_word' id='word_1_377' title='bbox 417 4167 516 4220; x_wconf 80' lang='lat'>666.</span> <span class='ocrx_word' id='word_1_378' title='bbox 534 4167 558 4232; x_wconf 87' lang='lat'><strong><em>6,</em></strong></span> <span class='ocrx_word' id='word_1_379' title='bbox 576 4165 617 4222; x_wconf 82' lang='grc'><strong>25,</strong></span> <span class='ocrx_word' id='word_1_380' title='bbox 635 4166 676 4221; x_wconf 91' lang='grc'><strong><em>26.</em></strong></span> <span class='ocrx_word' id='word_1_381' title='bbox 700 4163 768 4218; x_wconf 81' lang='lat' dir='ltr'>Luk.</span> <span class='ocrx_word' id='word_1_382' title='bbox 787 4164 827 4228; x_wconf 91' lang='grc'><strong><em>12,</em></strong></span> <span class='ocrx_word' id='word_1_383' title='bbox 844 4163 886 4219; x_wconf 89' lang='grc'><strong><em>29.</em></strong></span> <span class='ocrx_word' id='word_1_384' title='bbox 904 4164 996 4218; x_wconf 83' lang='grc'><strong><em>24-</em></strong></span> <span class='ocrx_word' id='word_1_385' title='bbox 1014 4165 1051 4220; x_wconf 81' lang='grc'><strong><em>81</em></strong></span> <span class='ocrx_word' id='word_1_386' title='bbox 1071 4165 1170 4220; x_wconf 81' lang='lat'>666.</span> <span class='ocrx_word' id='word_1_387' title='bbox 1188 4167 1212 4231; x_wconf 86' lang='lat'><strong><em>6,</em></strong></span> <span class='ocrx_word' id='word_1_388' title='bbox 1230 4167 1271 4223; x_wconf 85' lang='lat'><strong><em>28.</em></strong></span> 
     </span>
    </p>
   </div>
   <div class='ocr_carea' id='block_1_6' title="bbox 226 4289 1531 4541">
    <p class='ocr_par' dir='ltr' id='par_1_6' title="bbox 226 4289 1531 4541">
     <span class='ocr_line' id='line_1_38' title="bbox 312 4289 1530 4389; baseline 0.002 -33"><span class='ocrx_word' id='word_1_389' title='bbox 312 4301 330 4356; x_wconf 87' lang='grc'><strong>2</strong></span> <span class='ocrx_word' id='word_1_390' title='bbox 356 4295 496 4371; x_wconf 86' lang='grc' dir='ltr'><strong><em>διάκονος]</em></strong></span> <span class='ocrx_word' id='word_1_391' title='bbox 516 4300 586 4354; x_wconf 83' lang='grc' dir='ltr'><strong><em>διιτυ</em></strong></span> <span class='ocrx_word' id='word_1_392' title='bbox 603 4317 649 4354; x_wconf 77' lang='lat' dir='ltr'><strong><em>am</em></strong></span> <span class='ocrx_word' id='word_1_393' title='bbox 666 4300 746 4354; x_wconf 79' lang='lat' dir='ltr'><strong>Rand</strong></span> <span class='ocrx_word' id='word_1_394' title='bbox 764 4294 820 4389; x_wconf 89' lang='grc' dir='ltr'><strong><em>γρ’</em></strong></span> <span class='ocrx_word' id='word_1_395' title='bbox 828 4301 930 4364; x_wconf 85' lang='grc' dir='ltr'><strong><em>δοῦλος</em></strong></span> <span class='ocrx_word' id='word_1_396' title='bbox 947 4303 984 4354; x_wconf 85' lang='lat' dir='ltr'><strong><em>A¹</em></strong></span> <span class='ocrx_word' id='word_1_397' title='bbox 999 4289 1074 4369; x_wconf 76' lang='lat'><strong><em>{4⁰</em></strong></span> <span class='ocrx_word' id='word_1_398' title='bbox 1057 4319 1101 4356; x_wconf 90' lang='grc' dir='ltr'><strong><em>οτι</em></strong></span> <span class='ocrx_word' id='word_1_399' title='bbox 1119 4301 1245 4354; x_wconf 69' lang='lat' dir='ltr'><strong><em>PM001&#39;1·</em></strong></span> <span class='ocrx_word' id='word_1_400' title='bbox 1256 4300 1371 4356; x_wconf 62' lang='lat' dir='ltr'><strong>solem</strong></span> <span class='ocrx_word' id='word_1_401' title='bbox 1384 4303 1442 4357; x_wconf 86' lang='lat' dir='ltr'>Del.</span> <span class='ocrx_word' id='word_1_402' title='bbox 1461 4304 1490 4358; x_wconf 91' lang='grc' dir='ltr'><strong><em>τι</em></strong></span> <span class='ocrx_word' id='word_1_403' title='bbox 1505 4306 1530 4358; x_wconf 89' lang='lat' dir='ltr'>A</span> 
     </span>
     <span class='ocr_line' id='line_1_39' title="bbox 227 4365 1531 4484; baseline 0.003 -44"><span class='ocrx_word' id='word_1_404' title='bbox 227 4386 278 4440; x_wconf 84' lang='grc' dir='ltr'><strong>Ηδ.</strong></span> <span class='ocrx_word' id='word_1_405' title='bbox 285 4386 328 4456; x_wconf 87' lang='lat' dir='ltr'><strong><em>Sp.</em></strong></span> <span class='ocrx_word' id='word_1_406' title='bbox 344 4388 348 4455; x_wconf 86' lang='grc' dir='ltr'>Ι</span> <span class='ocrx_word' id='word_1_407' title='bbox 367 4387 381 4442; x_wconf 83' lang='grc'><strong>7</strong></span> <span class='ocrx_word' id='word_1_408' title='bbox 401 4404 451 4456; x_wconf 88' lang='grc' dir='ltr'><strong><em>της</em></strong></span> <span class='ocrx_word' id='word_1_409' title='bbox 469 4385 516 4455; x_wconf 83' lang='grc' dir='ltr'><strong><em>[ευ]</em></strong></span> <span class='ocrx_word' id='word_1_410' title='bbox 535 4385 578 4454; x_wconf 85' lang='grc' dir='ltr'><strong><em>ΑΙ</em></strong></span> <span class='ocrx_word' id='word_1_411' title='bbox 599 4387 617 4443; x_wconf 91' lang='grc'><strong>8</strong></span> <span class='ocrx_word' id='word_1_412' title='bbox 635 4402 693 4440; x_wconf 84' lang='grc' dir='ltr'><strong><em>παι</em></strong></span> <span class='ocrx_word' id='word_1_413' title='bbox 695 4381 756 4453; x_wconf 83' lang='grc' dir='ltr'><strong><em>ἐρα]</em></strong></span> <span class='ocrx_word' id='word_1_414' title='bbox 774 4365 844 4456; x_wconf 78' lang='grc' dir='ltr'><strong><em>αρἀ,</em></strong></span> <span class='ocrx_word' id='word_1_415' title='bbox 862 4400 911 4440; x_wconf 84' lang='lat' dir='ltr'><strong><em>vor</em></strong></span> <span class='ocrx_word' id='word_1_416' title='bbox 924 4403 947 4484; x_wconf 79' lang='grc' dir='ltr'><strong><em>ρι</em></strong></span> <span class='ocrx_word' id='word_1_417' title='bbox 965 4383 1009 4439; x_wconf 84' lang='lat' dir='ltr'><strong><em>ein</em></strong></span> <span class='ocrx_word' id='word_1_418' title='bbox 1027 4385 1136 4440; x_wconf 78' lang='grc' dir='ltr'><strong>Βοο1ιε1.</strong></span> <span class='ocrx_word' id='word_1_419' title='bbox 1155 4386 1307 4441; x_wconf 72' lang='lat' dir='ltr'><strong>austadiert</strong></span> <span class='ocrx_word' id='word_1_420' title='bbox 1322 4388 1346 4441; x_wconf 77' lang='lat' dir='ltr'>A</span> <span class='ocrx_word' id='word_1_421' title='bbox 1362 4390 1365 4456; x_wconf 94' lang='grc' dir='ltr'>Ι</span> <span class='ocrx_word' id='word_1_422' title='bbox 1382 4387 1419 4443; x_wconf 93' lang='grc'><strong><em>12</em></strong></span> <span class='ocrx_word' id='word_1_423' title='bbox 1439 4406 1531 4453; x_wconf 78' lang='grc' dir='ltr'><strong><em>ουτως</em></strong></span> 
     </span>
     <span class='ocr_line' id='line_1_40' title="bbox 226 4459 1529 4541; baseline 0.002 -16"><span class='ocrx_word' id='word_1_424' title='bbox 226 4473 251 4525; x_wconf 81' lang='grc' dir='ltr'><strong>Α</strong></span> <span class='ocrx_word' id='word_1_425' title='bbox 270 4459 344 4526; x_wconf 79' lang='grc' dir='ltr'><strong><em>οῦτοι</em></strong></span> <span class='ocrx_word' id='word_1_426' title='bbox 362 4471 463 4540; x_wconf 81' lang='lat' dir='ltr'>Ausgg.</span> <span class='ocrx_word' id='word_1_427' title='bbox 479 4472 483 4537; x_wconf 82' lang='grc' dir='ltr'>Ι</span> <span class='ocrx_word' id='word_1_428' title='bbox 500 4469 538 4526; x_wconf 90' lang='grc'><strong><em>14</em></strong></span> <span class='ocrx_word' id='word_1_429' title='bbox 558 4463 601 4540; x_wconf 81' lang='grc' dir='ltr'><strong><em>οὐ]</em></strong></span> <span class='ocrx_word' id='word_1_430' title='bbox 620 4468 703 4540; x_wconf 79' lang='lat' dir='ltr'>Spirit</span> <span class='ocrx_word' id='word_1_431' title='bbox 705 4487 735 4523; x_wconf 84' lang='lat' dir='ltr'><strong><em>us</em></strong></span> <span class='ocrx_word' id='word_1_432' title='bbox 691 4468 823 4524; x_wconf 77' lang='lat' dir='ltr'><strong>tfehlt</strong></span> <span class='ocrx_word' id='word_1_433' title='bbox 840 4471 864 4524; x_wconf 81' lang='lat' dir='ltr'>A</span> <span class='ocrx_word' id='word_1_434' title='bbox 879 4469 883 4538; x_wconf 89' lang='grc' dir='ltr'>Ι</span> <span class='ocrx_word' id='word_1_435' title='bbox 903 4459 995 4534; x_wconf 77' lang='grc' dir='ltr'><strong><em>οῦτως</em></strong></span> <span class='ocrx_word' id='word_1_436' title='bbox 1012 4459 1088 4524; x_wconf 81' lang='lat' dir='ltr'><strong><em>A‘&#39;</em></strong></span> <span class='ocrx_word' id='word_1_437' title='bbox 1055 4489 1131 4526; x_wconf 83' lang='grc' dir='ltr'><strong><em>ουτιυ</em></strong></span> <span class='ocrx_word' id='word_1_438' title='bbox 1149 4471 1325 4541; x_wconf 57' lang='grc'><strong>1111133118</strong></span> <span class='ocrx_word' id='word_1_439' title='bbox 1343 4467 1529 4539; x_wconf 82' lang='grc' dir='ltr'><strong><em>μόνουΑΗδ.</em></strong></span> 
     </span>
    </p>
   </div>
   <div class='ocr_carea' id='block_1_7' title="bbox 227 4549 1529 4709">
    <p class='ocr_par' dir='ltr' id='par_1_7' title="bbox 227 4549 1529 4709">
     <span class='ocr_line' id='line_1_41' title="bbox 227 4549 1529 4628; baseline 0.003 -19"><span class='ocrx_word' id='word_1_440' title='bbox 227 4555 270 4625; x_wconf 86' lang='lat' dir='ltr'><strong><em>Sp.</em></strong></span> <span class='ocrx_word' id='word_1_441' title='bbox 288 4549 383 4624; x_wconf 89' lang='grc' dir='ltr'><strong><em>μόνον</em></strong></span> <span class='ocrx_word' id='word_1_442' title='bbox 399 4555 486 4609; x_wconf 83' lang='grc' dir='ltr'><strong>ΡΙ)ε1.</strong></span> <span class='ocrx_word' id='word_1_443' title='bbox 507 4555 511 4623; x_wconf 81' lang='grc' dir='ltr'>Ι</span> <span class='ocrx_word' id='word_1_444' title='bbox 530 4555 568 4609; x_wconf 79' lang='grc'><strong>23</strong></span> <span class='ocrx_word' id='word_1_445' title='bbox 591 4543 723 4618; x_wconf 79' lang='grc' dir='ltr'><strong><em>οέτοιςΔ</em></strong></span> <span class='ocrx_word' id='word_1_446' title='bbox 743 4543 958 4624; x_wconf 79' lang='lat' dir='ltr'><strong><em>ovtwAusgg.1</em></strong></span> <span class='ocrx_word' id='word_1_447' title='bbox 978 4553 1014 4610; x_wconf 82' lang='grc'><strong><em>21</em></strong></span> <span class='ocrx_word' id='word_1_448' title='bbox 1034 4560 1258 4626; x_wconf 75' lang='grc' dir='ltr'><strong><em>κατασκηνώσει</em></strong></span> <span class='ocrx_word' id='word_1_449' title='bbox 1275 4557 1298 4610; x_wconf 83' lang='grc' dir='ltr'><strong>Δ</strong></span> <span class='ocrx_word' id='word_1_450' title='bbox 1314 4556 1318 4624; x_wconf 86' lang='lat' dir='ltr'>l</span> <span class='ocrx_word' id='word_1_451' title='bbox 1335 4557 1374 4612; x_wconf 78' lang='lat'><strong><em>80</em></strong></span> <span class='ocrx_word' id='word_1_452' title='bbox 1398 4549 1462 4614; x_wconf 84' lang='grc' dir='ltr'><strong><em>οέδε</em></strong></span> <span class='ocrx_word' id='word_1_453' title='bbox 1481 4559 1529 4628; x_wconf 85' lang='lat'><strong><em>[6]</em></strong></span> 
     </span>
     <span class='ocr_line' id='line_1_42' title="bbox 227 4635 717 4709; baseline -0.004 -15"><span class='ocrx_word' id='word_1_454' title='bbox 227 4642 251 4694; x_wconf 80' lang='grc' dir='ltr'><strong>Α</strong></span> <span class='ocrx_word' id='word_1_455' title='bbox 266 4641 271 4708; x_wconf 92' lang='grc' dir='ltr'>Ι</span> <span class='ocrx_word' id='word_1_456' title='bbox 286 4637 366 4709; x_wconf 74' lang='grc' dir='ltr'><strong><em>ἡμῶν</em></strong></span> <span class='ocrx_word' id='word_1_457' title='bbox 382 4639 461 4694; x_wconf 71' lang='lat' dir='ltr'>Ano.</span> <span class='ocrx_word' id='word_1_458' title='bbox 478 4637 558 4707; x_wconf 73' lang='grc' dir='ltr'><strong><em>ὑμῶν</em></strong></span> <span class='ocrx_word' id='word_1_459' title='bbox 575 4635 717 4709; x_wconf 87' lang='lat' dir='ltr'>MSp.Del.</span> 
     </span>
    </p>
   </div>
   <div class='ocr_carea' id='block_1_8' title="bbox 0 0 1894 5532">
    <p class='ocr_par' dir='ltr' id='par_1_8' title="bbox 0 0 1894 5532">
     <span class='ocr_line' id='line_1_43' title="bbox 0 0 1894 5532; baseline 0 1"><span class='ocrx_word' id='word_1_460' title='bbox 0 0 1894 5532; x_wconf 95' lang='lat' dir='ltr'><strong><em> </em></strong></span> 
     </span>
    </p>
   </div>
  </div>
 </body>
</html>
