3780 5538
601 492 695 546 ΠΕΡΙ
713 493 849 548 mm
869 492 921 565 21,
938 493 962 546 2.
989 491 1082 564 22,1.
1101 491 1124 546 2.
1143 491 1168 545 3.
1474 495 1535 558 347

233 679 297 723 τον
327 657 387 741 τῆς
417 649 578 741 υίότητος
604 650 668 724 οῦκ
694 655 786 725 ἐστιν
814 659 896 726 ίδεῑν
921 653 1013 744 παρὰ
1038 671 1112 736 τοῖς
1139 649 1296 743 άρχαίοις.
1339 646 1426 723 αῦτὰ
1454 654 1536 739 γοῦν

232 745 253 821 ά
279 757 496 841 παρεθέμεθα
522 749 699 837 ὑπαιτίους
724 758 877 844 ἐμφαίνει
901 755 986 825 εἶναι
1007 752 1089 836 τοῦς
1110 758 1309 842 λεγομένους
1329 749 1435 834 υἱοῦς·
1464 753 1536 820 ἐπεὶ

231 850 318 922 κατὰ
344 848 409 922 τὸν
433 849 643 938 άπόστολον,
672 855 736 934 ἕως
762 848 803 938 ,ό
828 849 1038 943 κληρονόμος
1064 847 1186 941 νήπιός
1212 854 1318 936 ἐστιν,
1349 845 1449 922 οῦδὲν
1471 854 1535 920 δια-

231 956 327 1038 φέρει
348 949 486 1036 δοῦλου,
513 951 629 1040 κύριος
655 950 800 1024 πάντων
823 946 883 1037 ὢν,
905 948 978 1023 ἀλλ’
1001 948 1069 1022 ῦπό
1091 947 1297 1040 ἐπιτρόπους
1319 954 1390 1022 ἐστὶ
1410 955 1466 1019 καί
1489 953 1535 1019 οί-

197 1045 397 1137 δκονόμους
428 1047 502 1140 ἄχρι
534 1058 595 1141 τῆς
626 1059 835 1143 προθεσμίας
865 1059 928 1123 τοῦ
958 1047 1147 1140 πατρόςίί·
1173 1048 1258 1135 ,,τὸ“
1285 1053 1320 1120 δέ
1346 1045 1536 1138 ,πλήρωμα

230 1155 294 1220 τοῦ
314 1146 458 1238 χρόνοσ·
476 1155 513 1221 ἐν
535 1158 578 1239 τῇ
600 1159 663 1222 τοῦ
682 1159 801 1241 κυρίου
821 1147 918 1241 ήμῶν
931 1146 1035 1240 Ἰησοῦ
1050 1156 1200 1238 Χριστοῦ
1220 1153 1376 1240 ἐπιδημίᾳ
1395 1149 1535 1231 ἔνεστιν,

230 1241 289 1319 ότε
317 1247 382 1338 τήν
407 1253 581 1321 υἱοθεσίαν
607 1246 905 1339 άπολαμβόνουσιν
931 1254 963 1322 οί
985 1246 1199 1340 βουλόμενοι,
1222 1246 1270 1331 αἱς
1292 1243 1311 1319 ὁ
1333 1253 1468 1330 Παῦλος
1489 1252 1536 1318 δι-

230 1345 342 1420 δάσκει
373 1347 428 1420 διὰ
458 1348 612 1420 τούτων·
642 1347 704 1436 ,οῦ
736 1351 797 1440 γάρ
829 1347 965 1435 ἐλάβετε
994 1354 1125 1438 πνεῦμα
1156 1354 1308 1432 δουλείας
1344 1350 1390 1430 είς
1426 1342 1536 1434 φόβον

229 1441 315 1518 ἀλλὰ
345 1445 480 1532 ἐλάβετε
510 1455 640 1539 πνεῦμα
669 1452 851 1534 υἱοθεσίας,
880 1455 916 1522 ἐν
942 1439 971 1538 ᾦ
997 1445 1173 1537 κράζομεν·
1204 1443 1299 1536 Ἀββά
1326 1442 1345 1518 ό
1371 1443 1536 1535 πατήρίί·

178 1571 212 1625 10
227 1552 285 1616 καὶ
311 1551 348 1617 ἐν
374 1555 425 1638 τῷ
452 1548 539 1619 κατὰ
560 1545 732 1640 Ἰωάννην·
762 1543 855 1631 ,ὅσοι
878 1559 882 1632 Ι
905 1552 942 1618 δὲ
968 1550 1089 1632 ἔλαβον
1120 1541 1238 1631 αῦτόν,
1268 1548 1394 1617 ἐδωκεν
1419 1541 1537 1628 αὐτοῖς
1553 1563 1605 1618 232

229 1648 384 1730 ἐξουσίαν
409 1653 512 1719 τέκνα
538 1655 625 1719 θεοῦ
652 1654 820 1737 γενέσθαι,
852 1665 926 1730 τοῖς
958 1643 1174 1718 πιστεύουσιν
1200 1648 1246 1728 είς
1272 1644 1314 1718 τὸ
1343 1642 1450 1735 ὄνομα
1476 1640 1535 1715 αῦ-

230 1749 321 1815 τοῦ.“
363 1753 419 1816 καί
449 1745 503 1818 διὰ
536 1753 642 1820 τοῦτο
675 1745 716 1817 τό
746 1753 807 1837 τῆς
836 1748 1026 1832 ,υἱοθεσίας
1051 1751 1205 1836 πνεῦμα·
1233 1749 1269 1817 ἐν
1298 1751 1341 1834 τῇ
1367 1751 1537 1832 καθολικῇ

230 1848 293 1914 τοῦ
320 1839 479 1916 Ἰωάννου
509 1851 671 1934 ἐπιστολή
707 1852 782 1934 περὶ
818 1854 893 1918 τιῦν
923 1849 960 1917 ἐκ
990 1849 1075 1916 θεοῦ
1108 1849 1359 1934 γεγεννημένων
1388 1841 1537 1934 μεμαθή-

228 1969 332 2029 καμεν
364 1935 418 2015 ότι
448 1951 535 2028 ,πᾶς
566 1940 584 2016 ό
616 1951 857 2034 γεγεννημένος
890 1948 927 2014 ἐκ
954 1949 1018 2015 τοῦ
1051 1949 1137 2014 θεοῦ
1169 1939 1335 2032 ἁμαρτίαν
1364 1937 1406 2012 οῦ
1436 1959 1535 2026 ποιεί,
1566 2033 1568 2037 ι

179 2065 211 2118 15
230 2034 285 2112 ότι
308 2047 436 2130 σπέρμα
462 2039 573 2115 αῦτοῦ
600 2047 637 2114 ἐν
662 2040 758 2134 αῦτῷ
784 2050 888 2132 μένει·
916 2051 974 2113 καὶ
999 2038 1041 2113 οῦ
1068 2040 1208 2114 δύναται
1239 2037 1453 2132 ἁμαρτάνειν,
1482 2035 1501 2114 ἵ
1502 2069 1536 2112 τι

229 2143 267 2209 ἐκ
291 2147 355 2212 τοῦ
376 2148 463 2213 θεοῦ
485 2149 711 2232 γεγέννηταιίί

312 2251 339 2313 3.
376 2246 405 2312 εί
430 2248 546 2330 μέντοι
573 2239 762 2332 νοήσαιμεν,
790 2248 824 2313 τί
850 2246 920 2314 ἐστι
947 2240 988 2313 τὸ
1011 2234 1119 2326 ,όταν
1141 2239 1386 2330 προσεύχησθε,
1409 2246 1535 2330 λέγετε·

227 2335 394 2428 πάτερ,“
417 2335 501 2430 ὅπερ
523 2341 615 2430 παρὰ
641 2347 694 2432 τῷ
717 2347 835 2435 Λουκᾷ
861 2349 1057 2431 γέγραπται,
1085 2335 1272 2430 όκνήσομεν
1292 2340 1337 2430 μή
1359 2337 1536 2430 γενόμενοι

228 2441 295 2510 υίοί
316 2436 446 2530 γνήσιοι
471 2447 738 2530 προενέγκασθαι
759 2442 889 2532 ταύτην
912 2441 976 2531 τήν
998 2439 1120 2530 φωνήν
1143 2437 1248 2530 αὐτῷ,
1274 2438 1319 2530 μή
1340 2469 1427 2512 ποτε
1448 2437 1535 2530 πρὸς

176 2561 209 2614 20
227 2557 300 2620 τοῖς
315 2534 432 2623 ἄλλοις
450 2537 548 2630 ήμῶν
562 2537 773 2631 ἁμαρτήμασι
787 2549 842 2612 καί
856 2538 1004 2626 ἀσεβείας
1018 2537 1200 2630 ἐγκλήματι
1216 2543 1327 2628 ἔνοχοι
1348 2539 1534 2628 γενώμεθα.

228 2633 247 2709 ό
275 2645 311 2710 δὲ
337 2644 439 2728 λέγω,
467 2637 627 2712 τοιοῦτόν
654 2645 734 2712 ἐστι.
778 2649 881 2731 φησίν
907 2647 944 2714 ἐν
971 2649 1014 2730 τῇ
1044 2645 1194 2732 προτέρᾳ
1219 2637 1305 2726 πρὸς
1328 2645 1535 2727 Κορινθίους

227 2732 246 2808 ὁ
268 2744 418 2822 Παῦλος·
446 2735 575 2822 ,οὐδεὶς
600 2738 741 2811 δύναται
763 2744 880 2813 εἰπεῖν·
905 2740 1020 2830 κύριος
1041 2736 1172 2828 Ἰησοῦς,
1196 2741 1223 2810 εί
1244 2737 1289 2827 μή
1311 2741 1348 2810 ἐν
1369 2735 1535 2827 πνεύματι

227 2831 322 2926 άγίῳ,
348 2845 403 2909 καὶ
430 2835 538 2921 οὐδεὶς
563 2843 600 2909 ἐν
626 2838 792 2930 πνεύματι
818 2847 903 2913 θεοῦ
929 2847 1047 2912 λαλῶν
1077 2845 1178 2926 λέγει·
1206 2835 1361 2925 άνάθεμα
1382 2833 1534 2925 ’1ησοῦς,“

157 2953 208 3008 19¹
226 2933 267 3007 τό
290 2932 373 3008 αῦτὸ
395 2933 582 3028 όνομάΙζων
603 2933 701 3028 ῦγιον
721 2945 852 3028 πνεῦμα
873 2946 929 3011 καὶ
947 2945 1077 3028 πνεῦμα
1098 2943 1230 3022 ,,θεοῦ.“
1266 2945 1300 3008 τί
1321 2943 1357 3008 δέ
1372 2935 1413 3008 τὸ
1428 2941 1534 3008 εἰπεῖν

173 3057 207 3112 25
224 3037 282 3118 ,ἐν
308 3035 473 3124 πνεῦματι
495 3033 600 3126 ῦγίῳίί
623 3037 740 3126 κῦριον
762 3034 898 3127 Ἰησοῦν,
922 3035 962 3110 οῦ
983 3035 1075 3110 πάνυ
1098 3043 1168 3109 ἐστὶ
1191 3043 1303 3124 σαφὲς,
1325 3041 1534 3125 προφερομέ-

225 3163 296 3206 νων
318 3133 383 3224 τήν
410 3135 532 3225 φωνὴν
549 3134 746 3226 ῦποκριτιῦν
767 3143 898 3226 μυρίων
918 3145 975 3208 καὶ
998 3133 1205 3226 ἑτεροδόξων
1218 3131 1402 3220 πλειόνων,
1425 3139 1534 3206 ἐνίοτε

224 3239 279 3305 καί
302 3230 482 3321 δαιμόνων,
506 3241 705 3325 νικωμένων
732 3233 800 3308 ῦπό
823 3242 885 3325 τῆς
906 3240 943 3308 ἐν
964 3243 1016 3326 τῷ
1045 3233 1187 3324 ὀνόματι
1209 3233 1390 3326 δυνάμεως.
1425 3231 1534 3318 οῦδελς

225 3361 289 3404 συν
314 3332 473 3424 τολμήσει
494 3334 571 3406 τινὰ
595 3334 732 3406 τοῦτων
751 3332 996 3425 ἀποφήνασθαι
1023 3341 1081 3420 ,ἐν
1110 3333 1276 3424 πνεῦματι
1298 3331 1404 3424 άγίῳίί
1426 3341 1534 3423 λέγειν

311 3539 328 3594 θ
352 3539 413 3596 Gal.
430 3542 456 3604 4,
474 3542 498 3592 1.
517 3539 541 3592 2.
564 3569 596 3578 -
622 3539 640 3596 ῦ
660 3539 723 3608 Vgl.
742 3539 803 3594 Gal.
820 3543 850 3606 4,
868 3543 893 3594 4.
916 3569 949 3579 -
972 3539 1084 3596 ΒΒλίω.
1103 3541 1127 3606 8,
1147 3543 1186 3596 15.
1204 3570 1238 3578 -
1258 3539 1297 3596 12
1319 3539 1380 3593 Joh.
1399 3543 1423 3604 1,
1442 3538 1481 3593 12.
1500 3568 1533 3578 —

226 3624 264 3680 12
283 3625 346 3694 Vgl.
364 3623 442 3678 mm.
461 3623 484 3687 8,
504 3625 544 3678 15.
563 3653 596 3662 -
615 3623 654 3679 14
673 3623 758 3678 IJoh.
771 3625 796 3686 3,
808 3625 832 3678 9.
851 3654 884 3663 -
904 3625 939 3680 11
960 3624 1026 3678 Luk.
1041 3627 1082 3690 11,
1094 3625 1118 3679 2.
1137 3653 1170 3662 -
1187 3623 1226 3678 22
1244 3623 1424 3688 11101123.
1443 3653 1475 3662 -
1493 3621 1533 3678 25

187 3773 195 3790 ¹
224 3727 250 3764 α
263 3709 302 3767 28
321 3709 415 3778 Vgl.1
434 3709 496 3764 Xor.
515 3710 555 3768 12.
574 3711 598 3764 3.
617 3739 649 3748 -
668 3707 707 3764 28
726 3707 788 3777 Vgl.
802 3707 940 3777 θήρευεε,
959 3709 991 3762 ln
1008 3708 1107 3763 Jerem.
1125 3708 1237 3763 hom.X
1256 3711 1272 3764 5
1290 3711 1366 3777 (tom.
1380 3707 1432 3762 XV
1445 3725 1470 3778 p.
1483 3707 1534 3762 218

224 3792 267 3848 εδ.
285 3793 407 3860 Lotum).
427 3823 459 3832 -
478 3793 515 3849 27
536 3793 599 3863 Vgl.
616 3793 747 3862 Origenes
763 3810 786 3847 σ.
804 3792 871 3847 Cels.
889 3794 901 3844 1
918 3793 947 3854 6,
969 3793 1032 3848 159
1054 3792 1080 3845 Z.
1099 3793 1132 3848 12
1140 3793 1169 3847 ff.
1193 3823 1226 3833 -
1250 3793 1289 3849 28
1313 3793 1376 3862 Vgl.
1394 3792 1532 3862 Origenes.

224 3877 328 3932 Comm.
345 3877 375 3930 in
392 3875 453 3930 Joh.
466 3877 568 3931 XXXII
587 3881 601 3932 7
620 3878 673 3948 (11)
696 3880 771 3947 (tom.
783 3878 809 3932 II
822 3897 847 3949 p.
858 3878 910 3932 412
922 3878 963 3933 ed.
976 3878 1088 3942 Lomm„
1107 3879 1132 3931 11
1151 3879 1208 3942 169,
1228 3880 1259 3932 17
1270 3895 1327 3947 sqq.
1347 3877 1389 3933 ed.
1407 3877 1532 3942 Brooke).

308 4055 327 4110 8
350 4047 470 4123 ἐνεοτιν]
492 4051 592 4124 ἐνέστη
610 4057 746 4109 vermutet
763 4053 844 4124 Angl.
863 4055 926 4124 (bei¹
937 4056 996 4110 Del.
1018 4056 1030 4108 1
1048 4055 1130 4120 92011)
1153 4055 1225 4108 nach
1244 4054 1304 4108 Gal.
1322 4059 1351 4120 4,
1368 4058 1385 4109 4
1409 4055 1470 4122 118
1488 4071 1532 4124 γε·

223 4135 343 4208 γένηται
360 4139 444 4192 Lond.
461 4138 521 4206 118
540 4131 712 4208 δκνήσομεν]
733 4133 907 4207 ὀκνήσαιμεν
924 4140 987 4194 lieet
1004 4139 1082 4196 Bent.
1101 4139 1156 4208 (bei
1174 4139 1233 4193 Del.
1252 4140 1263 4191 Ι
1282 4139 1332 4195 232
1344 4144 1426 4194 Anm.
1440 4143 1466 4206 ε)
1484 4155 1533 4192 un-

222 4223 347 4292 richtig!
376 4223 416 4279 28
438 4226 510 4278 θεοῦ
536 4223 637 4292 riohtig
662 4224 743 4292 Angl.
767 4225 801 4291 (a.
819 4241 844 4277 a„
862 4223 916 4293 0.),
942 4225 998 4294 vgl.
1025 4224 1051 4280 Z.
1070 4227 1115 4287 24;
1143 4215 1214 4296 ἁγίῳ
1238 4224 1370 4294 TAusgg.
1395 4226 1399 4291 Ι
1423 4216 1533 4292 Ἰησοῦς

222 4307 346 4362 schreibe
371 4308 416 4361 ich
443 4308 494 4361 mit
520 4308 598 4362 Bent.
625 4309 680 4376 (bei
698 4307 757 4363 Del.
776 4309 856 4364 1232
878 4311 959 4364 Anm.
978 4311 1014 4376 ο),
1037 4310 1092 4379 vgl.
1115 4311 1200 4363 unten
1222 4307 1247 4363 8.
1269 4310 1320 4365 348
1342 4309 1367 4365 Z.
1385 4311 1410 4364 6.
1427 4313 1457 4372 8;
1488 4303 1532 4378 Ἰη-

223 4397 294 4448 σοῦν
326 4391 453 4462 TAusgg.
478 4395 482 4460 Ι
506 4393 544 4448 25
570 4388 671 4464 κῦριον
700 4387 816 4462 Ἰησοῦν]
847 4393 948 4464 κύριος
972 4385 1079 4464 Ἰησοῦς
1109 4394 1173 4448 lieet
1199 4394 1277 4451 Bent.
1301 4395 1355 4463 (bei
1373 4395 1433 4450 Del.
1452 4395 1533 4450 1232

222 4481 303 4530 Anm.
322 4477 350 4546 d)
376 4478 448 4532 ohne
476 4478 570 4530 Grnnd
594 4481 598 4546 l
622 4476 852 4549 προφερομένου
877 4479 926 4533 Ox.
936 4478 996 4533 Del.
1006 4479 1087 4547 Angl.
1106 4481 1140 4548 (ε.
1158 4497 1181 4534 ε.
1200 4479 1241 4548 Ο.)
1265 4478 1532 4552 προφερομένηνΤ

222 4561 328 4628 Lond.l
348 4561 386 4618 28
408 4557 462 4631 τήν
478 4556 585 4631 φωνήν]
608 4557 744 4633 (ταῦτην>
766 4557 819 4631 τήν
841 4559 940 4632 φωνήν
961 4563 1042 4632 Angl.
1061 4565 1094 4630 (ιι.
1108 4581 1132 4618 ε.
1145 4563 1195 4634 0.),
1213 4564 1270 4633 vgl.
1288 4565 1359 4619 oben
1378 4565 1404 4619 Z.
1423 4564 1457 4620 19
1471 4565 1475 4633 Ι
1491 4561 1531 4619 28

221 4636 370 4731 τολμήσει]
387 4638 543 4716 τολμήσειέ
561 4647 624 4701 lient
641 4647 719 4702 Bent.
738 4648 792 4718 (bei
811 4648 870 4703 Del.
888 4649 901 4701 I
919 4649 969 4703 232
987 4653 1057 4702 Anm
1077 4650 1101 4716 ε)
1120 4649 1266 4719 unrichtig.
