3780 5538
645 517 745 571 RATA
769 517 928 574 ΚΕΛΣΟΥ
953 519 1028 578 vm
1050 519 1091 574 49.
1110 519 1151 574 50.
1477 526 1537 588 265

233 676 419 769 σώματος
452 699 643 769 κρεῖττον
678 676 767 750 οῦδὲ
808 681 1054 770 τιμιώτερον
1086 685 1123 752 ἐν
1160 687 1203 768 τῇ
1238 677 1391 752 συστάσει
1427 675 1537 770 ἡμῶν

233 774 451 868 ἡγουμένους·
481 778 612 870 ψυχὴν
642 779 705 869 γάρ
731 778 863 864 παντὸς
889 780 1076 870 σώματος
1106 786 1161 850 καὶ
1186 776 1331 866 μάλιστα
1358 779 1423 869 τὴν
1448 788 1537 868 λογι-

231 875 297 968 κήν
325 905 434 967 φαμεν
461 879 546 950 είναι
571 886 708 969 πρᾶγμα
739 880 998 970 τιμιώτερον,
1029 883 1056 952 εί
1081 887 1137 950 καὶ
1160 877 1201 951 τὸ
1224 875 1319 964 ,κατ’
1341 874 1454 950 εἰκόνα
1475 885 1539 950 τοῦ

232 985 434 1061 κτίσαντος(
460 977 564 1067 ψυχὴ
591 984 652 1068 μὲν
677 999 782 1068 χωρεῖ
805 976 961 1068 οὐδαμῶς
988 983 1024 1049 δὲ
1050 976 1091 1049 τὸ
1115 987 1232 1069 σῶμα.
1274 975 1352 1050 οῦδὲ
1373 976 1436 1065 γάρ
1458 973 1537 1049 καθ’

199 1094 215 1148 5
233 1071 318 1165 ἡμᾶς
340 1084 449 1167 σῶμα
471 1073 490 1149 ό
513 1074 607 1160 θεός·
630 1081 684 1150 ἵνα
704 1077 749 1168 μὴ
767 1086 1000 1168 περιπέσωμεν
1020 1079 1071 1162 οίς
1086 1084 1349 1164 περιπίπτουσιν
1369 1073 1539 1158 ἀτόποις

232 1180 265 1248 σί
287 1175 330 1248 τὰ
354 1173 516 1267 Ζήνωνος
537 1184 593 1248 καὶ
615 1183 820 1267 Χρυσίππου
841 1184 1122 1266 φιλοσοφοῦντες.

315 1297 349 1363 L.
384 1288 473 1366 Ἐπεὶ
503 1290 536 1364 δ’
560 1289 714 1382 ὀνειδίζει
745 1291 823 1383 ἡμῖν
852 1303 908 1366 καὶ
939 1292 987 1377 ως
1016 1301 1195 1367 ποθοῦσι
1226 1292 1271 1365 τό
1302 1301 1426 1381 σῶμα,
1453 1297 1538 1364 ίστω

234 1386 303 1477 ότι,
332 1398 360 1464 εί
385 1398 445 1480 μὲν
471 1389 491 1466 ό
517 1390 630 1478 πόθος
652 1392 788 1482 φαῦλόν
810 1398 912 1479 ἐστιν,
940 1391 1038 1466 οῦδὲν
1067 1399 1289 1483 ποθοῦμεν,
1320 1399 1349 1465 εί
1370 1399 1406 1464 δὲ
1427 1399 1538 1482 μέσον,

233 1498 445 1580 ποθοῦμεν
466 1490 582 1564 πάντα
604 1486 666 1566 όοα
688 1492 769 1576 θεὸς
792 1511 863 1576 τοῖς
885 1498 1027 1577 δικαίοις
1048 1498 1295 1582 ἐπαγγέλλεται.
1340 1487 1453 1575 οῦτως
1474 1483 1538 1562 οῦν

183 1603 217 1658 10
232 1601 288 1660 καὶ
306 1591 371 1680 τὴν
387 1599 460 1662 τῶν
475 1598 617 1663 δικαίων
631 1589 817 1665 ἀνάστασιν
834 1600 1046 1683 ποθοῦμεν
1067 1600 1130 1664 καί
1153 1598 1376 1680 ἐλπίζομεν.
1412 1599 1539 1681 νομίζει

233 1696 269 1761 δὲ
286 1697 413 1773 Κέλσος
434 1699 491 1762 καὶ
513 1689 809 1781 ἀνομολογούμενα
831 1688 916 1783 ἡμᾶς
938 1695 1070 1776 ἑαυτοῖς
1091 1712 1210 1770 ποιεῖν,
1234 1686 1324 1764 ῦπου
1347 1696 1409 1779 μὲν
1431 1695 1539 1762 ἐλπί·

235 1800 346 1876 ζουσι
367 1789 432 1879 τὴν
454 1797 518 1862 τοῦ
541 1791 725 1878 σώματος
747 1788 940 1877 ἀνάστασιν,
965 1789 1013 1876 ιῦς
1035 1798 1096 1881 τῆς
1114 1791 1207 1880 παρὰ
1222 1796 1308 1862 θεοῦ
1324 1798 1421 1881 τιμῆς
1434 1788 1539 1877 ἀξίου,

235 1884 324 1962 όπου
353 1895 389 1960 δὲ
417 1891 631 1978 ῥίπτουσιν
662 1888 746 1962 αὐτὸ
777 1897 832 1974 εἰς
861 1889 1047 1975 κολάσεις
1078 1889 1130 1974 ως
1157 1887 1310 1978 ἄτιμον.
1353 1889 1452 1962 οῦδὲν
1475 1883 1539 1962 σῦν

233 1982 379 2077 ἀτιμον
413 1987 454 2060 τό
486 1987 528 2060 δι’
551 1988 718 2075 εὐσέβειαν
748 1989 879 2081 πάσχον
905 2000 960 2062 καὶ
987 1987 1028 2062 δι’
1051 1987 1176 2080 ἀρετὴν
1198 1987 1408 2077 περιστάσεις
1429 1989 1539 2077 αἱροῦ-

183 2107 216 2160 15
233 2117 350 2177 μενον,
366 2084 469 2160 ’ἀλλὰ
498 2096 554 2160 καί
584 2096 655 2161 πᾶν
686 2085 833 2179 άτιμον
860 2090 901 2162 τό
928 2088 1012 2180 μετὰ
1038 2095 1156 2170 κακίας
1177 2095 1214 2161 ἐν
1236 2087 1373 2180 ἡδοναῖς
1394 2119 1539 2161 κατανα-

234 2184 442 2278 λισκόμενον.
485 2195 565 2278 φησὶ
596 2195 680 2278 γοῦν
708 2197 765 2261 καὶ
792 2185 811 2262 ά
833 2200 927 2274 θεῖος
950 2186 1063 2277 λόγος·
1092 2197 1242 2280 ,σπέρμα
1265 2193 1402 2278 ἔντιμον
1423 2209 1539 2275 ποῖον;

234 2295 363 2376 σπέρμα
388 2284 596 2376 ἀνθρώπου·
625 2295 753 2380 σπέρμα
775 2285 917 2379 άτιμον
939 2309 1057 2374 ποῖον;
1078 2296 1208 2378 σπέρμα
1229 2286 1449 2378 ἀνθρώπου.“

317 2385 377 2459 εἶτ’
401 2393 510 2460 οίεται
542 2387 587 2478 μὴ
616 2395 870 2477 διαλέγεσθαι
903 2394 973 2460 δεῖν
1002 2407 1074 2472 τοῖς
1101 2387 1144 2459 τά
1170 2395 1331 2476 περὶτοῦ
1354 2388 1541 2477 σώματος

234 2492 468 2574 ἐλπίζουσιν
494 2483 513 2559 ό
537 2494 665 2572 Κέλσος
687 2487 735 2572 ως
757 2484 1047 2577 συντετηκόσιν
1072 2485 1205 2576 ἀλόγως
1227 2485 1399 2578 πράγματι
1421 2485 1539 2560 ἀδυνά·

182 2611 216 2665 20
236 2617 285 2677 τῳ
317 2605 429 2675 τυχεῖν
460 2595 533 2659 τῶν
564 2592 837 2675 ἐλπιζομένων
866 2583 922 2658 ῦπ’
951 2584 1079 2672 αῦτῶν,
1109 2585 1324 2677 ἀγροίκους
1353 2595 1417 2658 καὶ
1447 2585 1540 2660 άκα-

233 2688 414 2775 θάρτους
443 2683 568 2770 αῦτοῦς
593 2694 711 2757 καλοῦν
737 2693 801 2757 καὶ
828 2695 949 2776 χωρὶς
975 2683 1098 2775 λόγου
1124 2684 1288 2770 συνόντας
1314 2695 1362 2777 τῇ
1388 2689 1539 2774 στάσει,

234 2793 313 2858 δέον
340 2784 388 2870 σός
410 2784 665 2874 φιλάνθρωπον
683 2796 740 2858 καὶ
763 2805 835 2869 τοῖς
861 2783 1165 2875 ἀγροικοτέροις
1186 2796 1335 2875 βοηθεῖν.
1377 2784 1456 2859 οῦδὲ
1478 2787 1540 2877 γάρ

234 2885 275 2958 τό
305 2884 513 2958 κοινωνικὸν
544 2892 806 2975 περιγέγραπται
833 2880 947 2974 ὥσπερ
974 2882 1043 2958 ἀπὸ
1066 2893 1140 2957 τιῦν
1162 2881 1298 2976 ἀλόγων
1321 2885 1423 2976 ζῴων
1444 2881 1539 2958 οῦτω

233 2994 289 3058 καὶ
320 2983 388 3058 ἀπὸ
420 2992 495 3056 τῶν
523 2981 825 3073 ἀγροικοτέρων
855 2982 1065 3074 ἀνθρώπων,
1088 2982 1162 3056 ἀλλ’
1184 2982 1236 3056 ἐπ’
1258 2990 1331 3074 ’ίσης
1353 2980 1372 3056 ό
1395 2983 1540 3076 ποιήσας

181 3109 215 3163 25
233 3083 318 3176 ἡμᾶς
350 3085 435 3172 πρὸς
466 3083 599 3168 πάντας
629 3080 837 3173 ἀνθρώπους
865 3092 1030 3174 πεποίηκε
1060 3083 1293 3168 κοινωνικούς.
1337 3081 1450 3170 ἀξιον
1477 3077 1540 3156 οῦν

233 3191 492 3274 διαλέγεσθαι
522 3192 578 3254 καὶ
605 3180 811 3272 ἀγροίκοις
836 3190 891 3254 καὶ
914 3180 976 3274 όση
1004 3184 1142 3274 δύναμις
1162 3182 1318 3273 μετάγειν
1340 3181 1463 3268 αῦτοῦς
1486 3188 1539 3255 ἐπὶ

232 3283 274 3357 τὸ
304 3281 524 3372 ἀστειότερον
560 3291 616 3354 καὶ
653 3279 900 3370 ἀκαθάρτοις
935 3293 990 3354 καί
1020 3302 1133 3356 ποιεῖν
1161 3279 1299 3368 αῦτοῦς,
1326 3281 1375 3366 σός
1400 3280 1476 3355 οίόν
1502 3311 1541 3356 τε

232 3390 312 3470 ἐστὶ,
334 3390 601 3474 καθαρωτέρους
627 3387 682 3454 καὶ
709 3401 782 3464 τοῖς
802 3390 926 3472 χωρὶς
948 3381 1073 3473 λόγου
1095 3376 1113 3456 ό
1136 3413 1170 3456 τι
1191 3379 1271 3456 ποτ’
1287 3374 1351 3455 οῦν
1373 3389 1540 3470 φρονοῦσι

231 3491 287 3556 καὶ
317 3482 382 3574 τὴν
411 3483 541 3573 ψυχὴν
572 3489 740 3567 νοσοῦσιν,
771 3486 826 3554 ίνα
855 3489 975 3574 μηκέτι
1000 3493 1122 3574 χωρὶς
1153 3481 1276 3574 λόγου
1302 3513 1336 3554 τι
1362 3485 1541 3570 πράττωσι

181 3607 216 3661 30
231 3590 315 3674 μηδὲ
335 3583 399 3674 τὴν
420 3583 552 3674 ψυχὴν
573 3581 750 3673 νοσήσωσι

318 3806 337 3862 Β
362 3804 553 3874 VgIKoI3,
573 3807 613 3862 10.
640 3835 673 3846 -
699 3805 718 3861 5
745 3805 809 3874 vgl.
827 3805 899 3858 oben
921 3807 933 3859 Ι
958 3807 1003 3872 21,
1026 3807 1090 3862 172
1112 3808 1139 3862 Ζ.
1158 3810 1198 3864 15.
1225 3807 1327 3874 11175,
1346 3805 1426 3861 1267
1449 3805 1475 3860 Ζ.
1495 3805 1540 3860 ss.

233 3890 272 3944 lv
290 3893 332 3958 14,
349 3892 362 3946 I
380 3892 430 3946 284
448 3891 475 3944 Z.
492 3890 553 3945 23f.
572 3921 605 3930 —
622 3890 660 3946 16
677 3890 727 3944 Sir.
747 3893 787 3957 10,
806 3891 846 3945 19.

319 4091 393 4147 3-4
411 4109 456 4145 am
473 4090 553 4144 θεοῦ
574 4106 609 4160 ση
626 4093 663 4144 A¹
679 4092 715 4158 13
732 4088 759 4148 εί
775 4091 890 4144 Jol⁰⁰“·
902 4089 962 4144 DeI.
981 4077 998 4160 ᾖ
1016 4093 1153 4144 νετωοίεί
1169 4089 1217 4143 Βο.
1236 4088 1334 4157 (Notae
1350 4107 1376 4160 p.
1391 4089 1461 4157 407),
1480 4084 1542 4143 έπεί

232 4175 292 4231 Del.
312 4168 744 4246 (1778Anm.b);r”1ffl6.sp.
765 4178 770 4244 Ι
790 4177 809 4231 θ
833 4193 881 4230 vor
898 4169 969 4239 θεὸς
987 4182 1019 4240 -Ι-
1038 4167 1054 4229 ό
1075 4175 1210 4244 MAusgg.
1226 4175 1230 4242 Ι
1248 4173 1286 4230 14
1303 4169 1541 4242 πάσχωνΑΙῙθ

233 4255 436 4330 συντετηκόσιν
451 4259 663 4331 M⁰⁰“·Ausgg.
695 4253 865 4330 συντετηκός
881 4264 907 4314 A
935 4261 939 4328 Ι
968 4260 1006 4316 21
1027 4255 1174 4328 συνόντας]
1195 4262 1410 4321 συννοσοῦντας
1427 4257 1477 4311 Ηὸ.
1495 4274 1541 4310 σοι

231 4345 323 4408 Βεοδ,
350 4344 393 4416 sp.
411 4345 451 4398 im
467 4346 549 4414 Text,
576 4347 631 4416 vgl.
660 4346 731 4401 oben
758 4345 822 4400 VIII
841 4348 888 4409 49,
912 4346 938 4400 S.
956 4346 1007 4400 264
1024 4344 1051 4398 Ζ.
1069 4346 1099 4409 5;
1125 4343 1276 4412 allerdings
1298 4341 1373 4396 kann
1395 4341 1455 4395 hier
1477 4340 1542 4395 eber

232 4434 445 4494 σνννοσοῦντας
461 4431 492 4484 in
510 4426 650 4496 συνόντας
667 4431 708 4485 als
720 4430 792 4486 oben
805 4448 830 4485 α.
843 4447 867 4485 ε.
877 4428 909 4486 0.
928 4424 1062 4494 συνόντες
1078 4429 1108 4482 in
1127 4433 1334 4490 σοννοσσῦντες
1350 4424 1541 4480 versehrieben

231 4513 342 4570 worden
360 4515 431 4578 sein,
454 4515 520 4572 aber
538 4515 667 4586 Οτίςεοεε
685 4515 777 4570 citiert
793 4514 852 4570 hIer
869 4515 948 4569 nicht
964 4513 1091 4569 wortlieh
1115 4515 1119 4582 Ι
1142 4513 1179 4568 27
1206 4505 1387 4582 ἀκαθάρτοις
1404 4509 1541 4580 MAusgg.

232 4591 420 4667 ἀκαθάρτους
441 4603 466 4654 Α
490 4602 495 4669 Ι
519 4601 557 4657 28
583 4598 811 4672 καθαρωτέρους
831 4599 917 4656 Ano.
928 4599 971 4670 Sp.
995 4593 1148 4670 καθαρούς
1165 4596 1256 4652 PDel.
1281 4598 1285 4664 Ι
1308 4595 1348 4652 80
1375 4591 1542 4664 νοσήσωσιν

180 4721 185 4730 .
231 4683 332 4751 Ausgg.
