3790 5526
367 514 426 578 158
906 507 1129 564 ΩΡΙΓΕΝΟΥΣ

447 674 733 762 τραγῳδιοποιῶν
755 699 820 744 ουν
841 679 962 760 σοφῶν
977 667 1035 742 ὑπ’
1050 668 1156 744 αύτου
1140 678 1384 762 ’λελεγμένων
1400 681 1568 766 κρείττων
1583 683 1669 753 είναι

362 765 580 861 νομισθείς“
560 799 579 842 ο
602 768 803 861 Σωκράτης,
835 779 908 844 τῶν
930 776 985 843 έπὶ
1006 778 1067 862 τῆς
1089 778 1215 864 σκηνῆς
1235 781 1291 844 καὶ
1312 779 1374 864 τῆς
1395 770 1584 868 ὀρχήστρας
1606 787 1670 853 τοῦ

363 865 528 958 τυχόντος
554 865 666 942 άθλου
691 871 804 943 ’ένεκεν
835 867 1098 960 ἀγωνιζομένων
1122 866 1224 944 262⁰
1205 900 1294 944 οπου
1318 879 1380 962 μὲν
1405 873 1514 960 λύπας
1539 887 1595 950 καί
1622 886 1668 952 σ’ί-

361 996 466 1052 κτους
487 987 561 1052 τοῖς
581 981 721 1054 θεαταῖς
742 964 1013 1062 ἐμποιούντων“
993 999 1083 1043 οπου
1097 975 1133 1042 δέ
1147 968 1311 1094 ἀσέμνους
1325 977 1478 1062 γέλωτας
1493 985 1668 1064 (τοιοῦτον

328 1065 424 1158 5γάρ
457 1097 491 1140 τι
520 1067 677 1153 βούλεται
707 1069 750 1141 τὰ
776 1069 938 1157 σατυρικὰ
968 1067 1146 1160 δράματα),
1177 1067 1219 1143 06
1246 1069 1338 1144 πάνυ
1367 1101 1402 1144 τι
1429 1073 1471 1146 τό
1494 1076 1548 1150 διὰ
1571 1091 1667 1166 φιλο-

361 1175 486 1255 σοφίαν
510 1175 567 1239 καί
594 1165 759 1260 ἀλήθειαν
783 1173 937 1259 ἐμφαίνει
963 1167 1086 1258 σεμνὸν
1110 1180 1167 1241 καὶ
1188 1163 1242 1242 διὰ
1264 1169 1456 1263 σεμνότητα
1476 1175 1667 1251 ἐπαινετόν.

360 1275 415 1340 καί
446 1266 532 1357 τάχα
567 1264 609 1340 06
638 1274 807 1340 τοσοῦτον
837 1271 892 1342 διὰ
919 1277 1126 1389 φιλοσοφίαν
1151 1266 1287 1392 ἀνδρων
1314 1269 1471 1344 είπεν’
1428 1273 1538 1347 αυτὸν
1560 1272 1666 1349 ἀπάν-

361 1397 433 1440 των
462 1367 669 1456 σοφοότατον
700 1361 782 1440 ὅσον
817 1367 871 1440 διά
902 1367 964 1451 τὰς
989 1375 1109 1453 θυσίας
1137 1365 1245 1441 καὶ
1230 1367 1270 1456 ἀς
1294 1369 1503 1462 προσήνεγκε
1532 1384 1667 1462 κνίσσας

362 1465 459 1560 αύτῷ
482 1475 596 1540 τεκαὶ
618 1485 689 1550 τοῖς
710 1477 844 1552 λοιποῖς
865 1473 1004 1557 δαίμοσι

310 1583 343 1638 10
442 1575 498 1640 καί
524 1563 579 1639 διὰ
605 1573 713 1639 ταῦτα
739 1572 867 1639 ἐοίκασι
892 1573 1024 1655 μᾶλλον
1048 1585 1161 1638 ποιεῖν
1186 1573 1220 1640 οί
1242 1570 1457 1694 δαίμονες
1419 1602 1463 1644 τα
1485 1567 1665 1694 ἀξιούμενα

359 1664 426 1740 ύπό
459 1675 534 1740 τῶν
563 1663 678 1749 αύτοῖς
708 1662 957 1756 προσαγόντων
983 1659 1005 1758 6
1032 1665 1087 1738 διδι
1113 1667 1156 1739 τά
1183 1671 1262 1758 ἔργα
1287 1676 1350 1760 τῆς
1359 1667 1501 1790 ἀρετῆς.
1545 1671 1664 1765 διόπερ

360 1764 559 1857 διαγράφων
590 1765 634 1837 τὰ
669 1761 828 1855 γινόμενα
860 1760 880 1837 δ
910 1773 985 1837 τῶν
1013 1773 1170 1858 ποιητῶν
1201 1763 1339 1858 ἄριστος
1359 1762 1501 1862 Ὅμηρος
1530 1779 1587 1844 καί
1617 1782 1665 1846 δι-

359 1864 504 1952 δάσκων,
526 1873 604 1938 τίνα
625 1862 769 1956 μάλιστά
791 1863 919 1937 ἐστι
882 1895 925 1937 τα
945 1872 1114 1938 πείθοντα
1136 1866 1217 1949 τούς
1238 1872 1400 1958 δαίμονας
1419 1889 1532 1942 ποιεῖν
1549 1901 1570 1943 α
1554 1867 1664 1958 “606-

358 1976 478 2038 λονται
499 1970 532 2038 οί
552 1963 713 2049 θύοντες,
745 1962 896 2092 εἰσήγαγε
926 1963 989 2036 τόν
1012 1963 1158 2086 Χρύσην,
1186 1967 1299 2038 ἕνεκεν
1329 1962 1454 2056 ὀλίγων
1479 1969 1664 2059 στεφάνων

308 2080 340 2134 15
357 2074 414 2137 καί
438 2070 572 2189 μηρίων
593 2063 730 2154 ταύρων
750 2072 806 2136 καὶ
828 2071 938 2155 αίγῶν
957 2061 1170 2154 τυγχάνοντα
1192 2056 1244 2136 ὦν
1264 2061 1382 2190 ᾔτησε
1389 2063 1470 2138 καθ’
1490 2065 1664 2161 Ἑλλήνων

358 2165 412 2239 διὰ
434 2165 499 2256 τήν
520 2171 702 2254 θυγατέρα,
726 2169 781 2236 ίνα
803 2165 1032 2286 λοιμώξαντες
1052 2160 1267 2236 ἀποδάσειαν
1289 2161 1383 2256 αύτῷ
1398 2166 1465 2257 τήν
1479 2175 1664 2260 Χρυσηίδα

356 2272 521 2356 μέμνημαι
543 2269 578 2338 δὲ
599 2261 690 2354 παρά
711 2293 779 2336 τινι
800 2271 874 2336 τῶν
895 2270 1148 2354 Πυθαγορείων,
1171 2260 1407 2354 ἀναγράφοντι
1431 2275 1509 2357 περὶ
1531 2276 1605 2341 τῶν
1625 2274 1663 2342 έν

357 2362 502 2458 ύπονοίςι
527 2363 620 2452 παρὰ
646 2371 698 2454 τῷ
719 2372 846 2454 ποιητῇ
867 2359 1128 2453 λελεγμένων,’
1108 2363 1273 2452 αναγνούς
1300 2359 1355 2438 ότι
1376 2364 1419 2437 τδι
1441 2373 1505 2438 τοῦ
1528 2368 1664 2458 Χρύσου

357 2462 444 2552 πρὸς
478 2464 543 2537 τὸν
569 2459 765 2534 Ἀπόλλωνα
796 2467 859 2553 ἔπη
895 2471 951 2534 καί
981 2459 1001 2535 6
1031 2468 1067 2550 ἐξ
1090 2458 1306 2546 Ἀπόλλωνος
1335 2469 1561 2555 ἐπιπεμφθεὶς
1590 2487 1663 2552 τοῖς

306 2557 488 2654 2οἝλλησι
517 2561 634 2652 λοιμός
661 2559 807 2634 διδάσκει
835 2557 890 2636 ότι
915 2558 1084 2653 ήπίστατο
1106 2557 1251 2652 Ὅμηρος
1275 2563 1446 2654 πονηρούς
1472 2595 1569 2651 τινας
1594 2572 1661 2637 δαί-

356 2690 470 2752 μονας,
491 2671 674 2752 χαίροντας
695 2680 769 2745 ταῖς
790 2669 939 2746 κνίσσαις
959 2670 1015 2733 καί
1036 2679 1110 2746 ταῖς
1131 2667 1274 2748 θυσίαις,
1296 2663 1440 2752 μισθούς
1460 2662 1662 2738 ἀποδιδόναι

355 2781 429 2845 τοῖς
449 2761 571 2834 θύσασι
592 2761 656 2852 τήν
678 2762 805 2851 ἑτέρων
828 2761 976 2850 φθορὰν,
999 2767 1028 2834 εί
1049 2767 1189 2834 τοιοῦτο
1212 2765 1245 2833 οί
1266 2761 1412 2846 θύοντες
1434 2759 1600 2854 εύχοιντο.

437 2871 493 2934 καί
512 2858 531 2934 6
545 2861 756 2952 ,,Δωδιύνης“
771 2867 807 2933 δὲ
822 2867 972 2950 ,μεδέων
987 2867 1230 2950 δοσχειμέρου,“
1244 2859 1323 2951 παρ’
1339 2854 1369 2953 ᾧ
1384 2869 1468 2934 εἰσιν
1482 2869 1515 2936 οί
1530 2871 1662 2955 προφή-

355 2991 412 3035 ται
432 2959 681 3049 ,ἀνιπτόποδες
701 2969 927 3052 χαμαιεῦναι,“
948 2957 1200 3051 ἀποδοκιμάσας
1219 2959 1260 3032 τό
1277 2969 1349 3033 τῶν
1363 2959 1502 3052 ἀνδρῶν
1518 2969 1564 3048 είς
1578 2993 1662 3054 προ-

303 3076 336 3131 25
355 3071 499 3154 φητείαν
521 3069 617 3154 γένος
640 3079 714 3145 ταῖς
734 3067 939 3133 Δωδωνίσι
959 3067 1090 3150 χρῆται,
1113 3058 1162 3142 οἱς
1181 3067 1238 3131 καί
1261 3055 1423 3146 όΚέλσος
1444 3071 1662 3154 παρέστησεν.

353 3165 441 3234 ἔστω
471 3169 509 3234 δέ
537 3191 590 3245 τις
619 3160 756 3245 τούτοις
787 3158 1024 3250 παραπλήσιος
1046 3157 1221 3248 Κλάριος
1249 3167 1306 3231 καὶ
1332 3161 1447 3250 θτερος
1473 3167 1514 3234 έν
1537 3171 1661 3253 Βραγ-

352 3267 480 3352 χίδαις
501 3269 556 3334 καί
578 3257 681 3344 ἄλλος
703 3266 744 3332 έν
761 3256 966 3352 Ἄμμωνος
991 3253 1011 3350 6
1035 3253 1116 3331 ὅποι
1137 3265 1224 3331 ποτέ
1245 3266 1305 3350 γῆς
1325 3257 1578 3352 μαντευόμενοι,
1600 3260 1661 3334 πό-

353 3374 418 3434 θεν
440 3354 504 3434 ούν
526 3359 739 3452 δειχθήσεται
761 3366 790 3432 εί
810 3367 866 3432 καί
888 3368 964 3432 θεοί
985 3365 1047 3446 μέν
1069 3364 1153 3430 εἰσιν
1173 3355 1214 3429 ού
1235 3355 1391 3448 δαιμόνια
1412 3364 1451 3430 δέ
1472 3389 1566 3448 τινα,·

439 3516 557 3589 14Vg1.
576 3517 685 3582 Homer,
702 3515 733 3572 Il.
752 3519 764 3571 Ι
782 3517 892 3572 94-53.
910 3545 944 3556 -
964 3517 1000 3572 17
1021 3514 1084 3584 Vgl.
1102 3514 1173 3570 oben
1189 3515 1229 3570 IV
1246 3516 1288 3582 38,
1305 3516 1319 3570 I
1336 3517 1386 3572 999
1404 3514 1430 3570 Ζ.
1446 3518 1469 3570 7.
1487 3545 1521 3555 -
1540 3517 1579 3573 29
1597 3517 1660 3587 VgL

352 3603 462 3668 Homer,
480 3605 512 3659 Il.
530 3603 594 3658 XVl
612 3603 670 3658 234.
689 3603 747 3658 235.

438 3740 455 3796 1
478 3741 706 3812 τραγωδοτιοιολν
726 3739 786 3795 Del.
811 3739 816 3807 Ι
841 3738 860 3795 5
887 3731 930 3806 ού]
955 3754 971 3790 ο
994 3736 1024 3790 in
1045 3735 1135 3790 Rasur
1156 3753 1182 3790 u.
1201 3735 1344 3790 conentur
1361 3736 1385 3789 A
1409 3736 1414 3803 Ι
1437 3735 1452 3790 7
1478 3725 1615 3791 ἁπάντων
1631 3735 1661 3789 Μ

352 3827 454 3892 Ausgg.
467 3817 603 3880 ἀπαντῶν
619 3827 645 3878 A
659 3827 663 3893 Ι
678 3825 696 3880 8
712 3820 896 3897 προσήνεγκε
913 3819 1064 3876 6116601.
1082 3820 1122 3874 im
1133 3819 1209 3884 Text,
1227 3815 1388 3892 προήνεγκε
1404 3823 1436 3884 A,
1452 3820 1503 3876 flu.
1515 3837 1562 3874 am
1573 3819 1660 3884 Βιιοδ,

351 3907 395 3979 Sp.
417 3908 456 3962 im
477 3907 547 3963 Text
569 3911 574 3980 Ι
597 3910 717 3975 κνίσσας
741 3927 790 3964 aus
813 3908 914 3971 κνίσας
935 3923 1003 3960 οοπ.
1021 3908 1058 3960 A¹
1078 3907 1088 3947 Ι·
1103 3905 1215 3961 19-17
1236 3922 1282 3958 am
1299 3905 1379 3958 Rand
1397 3921 1433 3974 ση
1451 3907 1488 3960 A¹
1503 3907 1508 3973 Ι
1525 3905 1564 3962 19
1588 3897 1661 3961 ἀπο·

352 3987 481 4063 θύσειαν]
500 3995 555 4064 vgl.
574 3993 844 4058 Winor·Schmiedel,
863 3993 984 4047 Gramm.
1001 3989 1027 4043 d.
1044 3993 1084 4044 nt.
1097 3990 1154 4060 Spr.
1171 3991 1188 4058 5
1205 3991 1245 4052 14,
1258 3991 1287 4054 9;
1305 3990 1342 4044 δε
1359 3989 1425 4044 aber
1437 3989 1569 4060 origenes
1586 3990 1662 4046 dione

351 4165 402 4231 (13.
420 4163 472 4232 20).
491 4181 525 4218 zu
541 4162 684 4218 schreiben
703 4164 708 4230 Ι
726 4163 865 4232 χρυοηίδα
884 4179 933 4214 aus
948 4161 1087 4229 χροσηῖδα
1113 4175 1181 4213 corr.
1199 4164 1225 4215 A
1243 4163 1249 4228 Ι
1275 4161 1310 4216 12
1330 4159 1549 4231 Πυθαγορείων]
1568 4163 1660 4216 πυθα-

351 4248 461 4318 γορίοιν
477 4251 510 4316 A,
528 4247 578 4304 Ηδ.
601 4265 647 4301 am
667 4247 756 4311 fland,
782 4248 826 4318 Sp.
847 4247 885 4301 im
902 4245 973 4300 Text
995 4247 999 4312 Ι
1024 4243 1062 4300 21
1081 4244 1212 4309 κνίσσαις
1233 4261 1283 4298 σοι
1304 4245 1415 4309 κνίσαις
1436 4260 1505 4301 corr.
1530 4247 1568 4299 A¹
1591 4247 1596 4314 Ι
1620 4245 1661 4302 28

350 4337 500 4402 προφῆται
517 4335 648 4402 AAuagg.
667 4327 810 4402 ύιιοφῆται
828 4331 875 4386 Βο.
894 4331 992 4400 (Notae
1007 4347 1035 4398 p.
1053 4329 1114 4396 399)
1133 4329 1192 4383 Del.
1210 4329 1301 4398 (1698
1319 4333 1399 4384 Anm.
1417 4331 1442 4398 ο)
1460 4331 1532 4384 nach
1550 4329 1660 4396 Homer,

351 4417 418 4471 aber
435 4415 566 4486 Origenes
583 4417 675 4472 τίθετε
692 4418 751 4472 hier
767 4417 846 4472 nieht
862 4415 988 4470 wbrtlieh
1003 4416 1007 4482 Ι
1023 4414 1064 4470 24
1079 4414 1250 4483 χαμαίευναι
1272 4417 1297 4468 A
1312 4415 1317 4482 Ι
1331 4414 1369 4470 29
1388 4415 1569 4486 Βραγχίδαις]
1591 4418 1662 4487 βρα-

348 4503 423 4586 γίδες
434 4505 459 4556 A
473 4503 478 4569 Ι
494 4502 533 4558 28
551 4500 578 4556 εἰ
593 4503 642 4557 καί
659 4501 781 4556 schreibe
802 4501 856 4566 ich,
873 4501 923 4556 καί
941 4495 969 4555 εί
982 4501 1084 4568 Aungg.
1103 4490 1149 4554 δτι
1166 4501 1215 4554 καί
1232 4501 1368 4553 εοειουῖεί
1384 4499 1433 4554 Βο.
1446 4499 1544 4566 (Notae
1562 4515 1588 4570 p.
1600 4499 1660 4568 399)

350 4587 421 4741 καλὲ
442 4603 498 4672 [εοΙ.
516 4601 543 4657 εί
567 4619 621 4656 von
638 4603 659 4657 1.
677 4601 709 4655 Η.
728 4620 762 4666 u.‚
781 4601 833 4657 wie
850 4601 895 4656 ioh
913 4599 1021 4670 glaube,
1041 4617 1076 4654 nn
1094 4599 1212 4654 falecher
1231 4599 1315 4655 Stella
1332 4600 1515 4670 fibergeschr„
1528 4602 1552 4655 A
1567 4603 1572 4670 Ι
1587 4597 1661 4656 εἰσιν

350 4691 375 4742 A
392 4705 406 4743 ε
420 4703 447 4740 σι
464 4690 566 4756 Ausgg.
