3790 5526
646 496 745 550 ma
762 493 923 550 ΚΕΛΣΟΥ
941 495 1000 554 vn
1023 495 1048 548 4.
1066 495 1090 548 5.
1107 494 1132 547 6,
1477 497 1535 558 157

236 667 332 743 πλῶς
357 665 434 748 περὶ
456 657 521 748 τὴν
543 665 618 780 γῆν·
646 657 784 730 ποδαπὰ
804 657 867 748 χρὴ
889 664 1037 746 νομίζειν
1057 656 1144 726 εἰναι
1165 652 1339 783 πνεύματα
1361 650 1403 723 τὰ
1426 643 1537 735 όλους,

238 754 279 831 6²
306 751 420 843 οότως
451 753 625 847 ὀνομάσω,
660 763 786 842 αἰῶνας
819 761 1054 848 προσδεθέντα
1085 750 1199 843 ῶσπερ
1230 758 1296 824 εἰτε
1325 759 1538 842 μαγγανείαις

238 865 371 930 τισίν’
348 863 414 929 εἰτε
434 865 490 930 καὶ
512 857 567 930 διά
589 857 654 947 τὴν
675 864 839 946 σφετέραν
861 863 981 928 κακίαν
1004 860 1196 943 οἰκοδομαῖς
1217 859 1272 924 καί
1287 849 1422 936 τόποις;
1448 847 1538 923 ὁλό-

237 987 295 1048 γος
317 958 357 1048 δὴ
379 961 467 1048 αἰρεί
487 953 630 1045 φαῦλ’
609 986 698 1030 αττα
718 963 866 1047 νομίζειν
886 958 972 1027 εἶναι
993 953 1036 1026 τὰ
1059 960 1213 1036 τοιαῦτα,
1236 959 1279 1040 τῇ
1294 959 1538 1042 προγνωστικῇ

202 1077 218 1129 5
238 1055 375 1142 δυναμει
400 1063 482 1147 μέση
510 1055 721 1146 τυγχανοόση
749 1053 840 1140 εἰς
819 1053 957 1144 απάτην
978 1049 1180 1142 ἀνθρώπων
1200 1052 1356 1142 χρώμενα
1377 1050 1539 1140 καὶπρὸς

236 1156 278 1230 τὸ
305 1153 508 1246 περισπάσαι
529 1153 654 1239 αὐτοὺς
674 1153 743 1228 ἀπὸ
765 1163 829 1228 τοῦ
849 1161 935 1227 θεοῦ
955 1162 1011 1226 καὶ
1033 1160 1094 1244 τῆς
1114 1158 1269 1241 καθαρᾶς
1292 1156 1338 1235 εἰς
1359 1148 1467 1224 αότόν
1490 1149 1540 1224 εό-

237 1265 370 1344 σεβείας.
413 1261 514 1344 δηλοῖ
541 1262 576 1328 δὲ
605 1255 646 1328 τό
678 1261 839 1328 τοιοῦτον
869 1255 950 1338 τούς
978 1252 1101 1335 αὐτοὺς
1128 1248 1305 1340 τυγχάνειν
1326 1258 1381 1322 καί
1403 1250 1444 1322 τό
1467 1271 1540 1334 ταῖς

237 1353 305 1428 ἀπὸ
333 1361 406 1426 τῶν
431 1361 565 1428 θυσιῶν
591 1351 830 1445 ἀναθυμιάσεσι
851 1363 907 1428 καί
929 1372 1003 1438 ταῖς
1024 1350 1093 1426 ἀπό
1115 1358 1190 1423 τῶν
1212 1348 1366 1441 αἱμάτων
1385 1357 1442 1424 καὶ
1464 1347 1540 1422 όλο-

237 1453 471 1545 καυτωμάτων
495 1451 687 1543 ἀποφοραῖς
712 1451 903 1544 τρεφόμενα
930 1451 1048 1524 αὐτῶν
1072 1451 1115 1524 τά
1137 1451 1292 1540 σῶματα,
1319 1450 1541 1540 φιληδονοόν-

187 1569 220 1624 10
238 1583 312 1627 των
347 1573 421 1637 τοῖς
456 1553 640 1639 τοιούτοις,
675 1550 726 1626 ἐπ’
759 1550 845 1626 αὐτὸ
876 1551 1053 1643 τυγχάνειν
1083 1557 1147 1625 τοῦ
1174 1549 1319 1640 ῶσπερεί
1349 1560 1541 1638 φιλοζωεῖν,

238 1651 409 1742 ἀνάλογον
437 1652 580 1741 φαύλοις
607 1650 822 1741 ἀνθρώποις,
849 1649 911 1724 οόκ
934 1647 1176 1740 ἀσπαζομένοις
1196 1656 1257 1739 μὲν
1279 1648 1320 1721 τὸ
1341 1650 1541 1739 καθαρῶτε-

238 1780 302 1840 ρον
323 1757 388 1837 ἔξω
411 1750 582 1842 σωμάτων
604 1759 674 1842 ζῆν,
694 1757 889 1842 περιέπουσι
912 1758 947 1822 δὲ
969 1750 1024 1823 διὰ
1046 1749 1107 1833 τὰς
1125 1748 1319 1839 σωματικὰς
1337 1745 1460 1838 ἡδονὰς
1477 1750 1542 1841 τὴν

239 1855 275 1922 ἐν
297 1859 349 1941 τῷ
372 1850 490 1940 γεώδει
511 1851 643 1939 σῶματι
666 1849 764 1941 ζωήν.

321 1954 414 2039 εἰπερ
441 1956 477 2022 δὲ
499 1949 580 2033 θεός
602 1943 653 2040 ἦν,
677 1949 725 2034 ῶς
743 1945 904 2040 Ἕλληνες
927 1953 1069 2034 οἴονται,
1092 1944 1111 2020 6
1134 1953 1171 2020 έν
1194 1955 1337 2036 Δελφοῖς
1357 1947 1542 2033 Ἀπόλλων,

188 2067 221 2120 15
238 2057 316 2121 τίνα
341 2055 471 2138 μᾶλλον
495 2054 597 2139 ἐχρῆν
622 2046 729 2124 αὐτὸν
755 2056 954 2136 ἐκλέξασθαι
979 2045 1163 2138 προφήτην
1187 2042 1209 2136 6
1237 2046 1300 2121 τόν
1322 2046 1433 2136 σοφόν
1453 2043 1475 2137 6
1497 2048 1542 2139 μὴ

240 2146 476 2238 ευρισκομίνου
504 2155 568 2220 τοῦ
599 2148 762 2222 τοιούτου
786 2143 851 2221 κάν
878 2147 941 2220 τόν
965 2144 1228 2268 προκόπτοντας
1257 2156 1333 2231 πῶς
1360 2143 1427 2220 6
1415 2143 1458 2220 ἀν
1481 2145 1543 2221 οόκ

239 2243 344 2335 ἄνδρα
373 2254 504 2337 μᾶλλον
538 2247 767 2337 προφητεύειν
796 2247 956 2333 ἐβούλετο
990 2243 1075 2338 ἤπερ
1106 2265 1262 2336 γυναῖκα·
1291 2253 1320 2318 εἰ
1351 2253 1386 2318 δὲ
1416 2255 1471 2320 καί
1502 2246 1542 2318 τὸ

238 2353 330 2436 θῆλυ
360 2343 492 2435 ηθελεν,
523 2345 572 2432 ῶς
604 2345 688 2436 τάχα
717 2345 762 2438 μὴ
792 2341 1020 2436 δυνάμενος
1007 2375 1026 2468 ιγ
1054 2346 1099 2437 μὴ
1125 2343 1333 2435 τερπόμενος
1359 2341 1453 2438 άλλφ
1476 2376 1543 2420 τινι

240 2441 260 2535 6
290 2465 363 2528 τοῖς
391 2442 535 2528 κόλποις
565 2455 638 2518 τῶν
668 2455 848 2537 γυναικῶν,
878 2454 954 2530 πῶς
984 2442 1057 2535 οόχί
1086 2453 1263 2535 παρθένον
1288 2453 1420 2534 μᾶλλον
1445 2451 1545 2537 έχρῆν

189 2563 223 2618 20
240 2542 346 2618 αὐτόν
379 2542 655 2633 δ”πιλέξασθαι
633 2574 719 2636 ηπερ
756 2565 896 2636 γυναῖκα
931 2545 997 2636 τὴν
1031 2543 1072 2617 τό
1107 2545 1259 2636 βούλημα
1289 2545 1395 2619 αὐτοῦ
1424 2555 1543 2618 θεσπί-

240 2656 377 2733 ςουσαν;

323 2748 378 2816 VI.
414 2751 501 2816 Νυνὶ
530 2750 565 2818 δὲ
595 2741 614 2817 6
643 2741 898 2836 θαυμαζόμενος
926 2741 1005 2834 παρ’
1019 2739 1155 2835 Ἕλλησι
1177 2744 1307 2828 Πύθιος
1336 2742 1456 2818 ου’δένα
1484 2754 1545 2837 μὲν

158 2875 224 2932 15ng
241 2842 351 2932 σοφόν
380 2839 454 2914 ἀλλ’
477 2841 548 2916 οόδ
573 2839 661 2929 όλως
687 2853 692 2929 Ι
722 2842 829 2932 ἀνδρα
860 2839 957 2929 ἀξιον
986 2847 1096 2932 ἔκρινε
1120 2851 1196 2934 τῆς,
1220 2841 1268 2927 ῶς
1282 2838 1443 2936 Ἕλληνες
1463 2843 1546 2918 εἰπο-

242 2941 457 3034 λαμβάνουσι,
488 2950 584 3028 θείας
611 2950 821 3032 κατακωχῆς·
864 2937 938 3014 ἀλλ’
960 2939 1034 3015 οὐδ’
1057 2945 1094 3014 ἒν
1124 2952 1177 3035 τῷ
1213 2942 1313 3034 θήλει
1346 2951 1433 3033 γε’νει
1461 2975 1546 3034 παρ-

192 3069 225 3122 25
243 3052 350 3116 θένον
379 3042 455 3114 τινά
488 3037 508 3134 6
539 3043 651 3133 σοφὴν
680 3051 737 3114 καὶ
766 3039 835 3116 ἀπὸ
866 3051 1070 3132 φιλοσοφίας
1100 3039 1324 3132 ῶφελημένην
1353 3041 1440 3116 ἀλλά
1470 3075 1546 3117 τινα

243 3163 402 3264 γυναῖκα.
415 3147 562 3214 ἰδιῶτιν·
599 3140 684 3230 τάχα
719 3141 782 3232 γὰρ
814 3143 846 3213 οἰ
876 3143 913 3212 έν
942 3138 1152 3264 ἀνθρώποις.
1171 3151 1364 3232 κρείττονες
1395 3150 1548 3228 βελτίους

242 3245 329 3332 ἦσαν
360 3248 421 3332 τῆς
451 3247 498 3326 εἰς
524 3241 589 3331 τὴν
616 3241 822 3364 κατακωχην
851 3245 1017 3330 ἐνεργείας
1046 3237 1160 3312 αὐτοῦ.
1202 3243 1268 3313 ἔδει
1297 3247 1428 3326 δὲκαὶ,
1456 3248 1547 3330 εἰπερ

243 3341 326 3425 θεὸς
346 3333 399 3429 ἦν,
421 3348 465 3430 τῇ
486 3339 675 3430 προγνῶσει
698 3337 805 3412 αὐτόν
824 3339 1012 3430 χρήσασθαι
1028 3346 1166 3424 δελέατι,
1189 3334 1289 3410 ἰν’“
1247 3369 1360 3426 ουτως
1379 3337 1548 3430 ὀνομάσω,

244 3439 331 3531 πρός
361 3440 426 3530 τὴν
456 3442 670 3529 ἐπιστροφὴν
698 3447 755 3510 καὶ
784 3445 971 3530 θεραπείαν
1000 3447 1056 3510 καί
1086 3436 1212 3530 ἠθικὴν
1236 3437 1454 3528 κατόρθωσιν
1475 3450 1549 3513 τῶν

194 3564 228 3619 30
245 3537 457 3630 ἀνθρώπων·
487 3545 561 3612 νυνί
588 3547 624 3611 δέ
650 3535 795 3612 οὐδὲνι
775 3569 796 3628 η
823 3543 954 3628 ιστορία
980 3545 1140 3611 τοιοῦτον
1165 3544 1374 3630 παραδίδωσι
1395 3548 1472 3632 περὶ
1494 3539 1548 3613 αό·

245 3647 315 3712 τοῦ.
359 3644 387 3712 εἰ
412 3638 475 3730 γάρ
496 3648 552 3710 καί
578 3636 715 3728 ἀνδρῶν
735 3634 900 3711 ἀπάντων
922 3635 1112 3728 Σωκράτην
1134 3641 1206 3710 εἰπε
1227 3640 1436 3727 σοφῶτατον
1456 3643 1549 3726 εἰναι,

245 3737 393 3831 ἤμβλυνε
423 3737 486 3813 τὸν
515 3741 657 3810 ἔπαινον
687 3735 793 3810 αὐτοῦ
820 3736 860 3810 τό
887 3737 974 3828 πρὸς
1000 3737 1127 3810 τούτου
1148 3735 1330 3828 λεγόμενον
1351 3749 1428 3831 περὶ
1451 3737 1550 3830 [6662-

246 3843 349 3908 πίδσυ
371 3844 426 3907 καὶ
447 3843 668 3925 Σοφοκλέους
690 3841 726 3910 έν
748 3847 813 3930 τῷ·

454 3937 561 4025 σοφὸς
582 3945 777 4028 Σοφοκλῆς,
800 3938 999 4026 σοφῶτερος
1017 3945 1021 4028 ί
1042 3935 1075 4009 δ’
1093 3934 1284 4028 Εόριπίδης.

331 4107 368 4162 81
388 4107 451 4178 vgl.
471 4106 560 4170 Plato,
578 4107 658 4179 Apol.
677 4107 741 4178 Gap.
759 4106 785 4160 V
802 4125 829 4177 p.
848 4109 880 4164 21
891 4110 923 4162 Δ.
942 4139 975 4148 -
993 4107 1033 4164 94
1051 4108 1114 4178 Vgl.
1132 4107 1229 4162 Suidas
1246 4126 1266 4164 ε.
1285 4126 1310 4162 v.
1330 4104 1430 4178 σοφός.

329 4244 348 4297 4
366 4239 450 4312 αἱρεῖ]
470 4237 578 4314 αἰρειΔ
592 4249 596 4313 1
612 4240 685 4298 ἄττα
703 4243 826 4298 schreibe
842 4243 895 4308 ich,
913 4233 987 4298 άττα
999 4243 1132 4312 AAusgg.
1149 4245 1152 4312 ί
1169 4245 1188 4300 (ί
1206 4249 1382 4314 περισπᾶσαι
1394 4249 1419 4300 A
1434 4247 1438 4314 Ι
1456 4247 1470 4300 λ
1485 4239 1554 4310 τοὺς

246 4327 304 4380 will
316 4328 364 4381 Bo.
375 4327 472 4395 (Νοίιεε
485 4346 510 4398 p.
523 4327 583 4396 399)
600 4327 687 4396 tilgen
704 4329 707 4395 Ι
724 4328 763 4383 10
773 4322 815 4382 ἐπ’
829 4321 908 4398 αότό]
921 4323 965 4382 ἐπ’
976 4321 1048 4382 αὐτὰ
1067 4330 1203 4382 υεεπιυίεε
1212 4327 1260 4382 Βο.
1270 4328 1368 4397 (Notae
1379 4347 1406 4398 p.
1419 4329 1487 4393 399),
1507 4325 1552 4384 ἐπί

246 4405 280 4466 τό
300 4411 383 4466 Guiet
407 4412 462 4481 (bei
485 4413 546 4467 Del.
563 4413 575 4465 I
593 4415 643 4468 697
661 4415 743 4466 Anm.
762 4412 786 4480 ο)
809 4412 960 4482 unrichtig;
987 4411 1127 4466 vielleicht
1149 4413 1186 4467 ist
1207 4407 1251 4466 ἐπ’
1269 4406 1347 4486 αὐτῷ
1365 4413 1552 4488 (εο11.τῴφι-

247 4496 385 4565 ληδονεῑν)
409 4512 442 4549 zu
464 4497 607 4551 schreiben
631 4499 635 4564 Ι
660 4497 698 4552 19
721 4501 774 4550 τοῦ
796 4495 1025 4566 iibergeschr.A1
1047 4499 1051 4564 Ι
1076 4496 1115 4552 18
1134 4497 1298 4566 δυνάμενος]
1322 4493 1477 4566 δυνάμενος
1495 4515 1551 4553 ver-

247 4583 336 4636 mutet
353 4582 400 4634 Βο.
420 4579 518 4648 (Notae
535 4599 560 4651 p.
575 4582 649 4648 399),
675 4580 741 4634 aber
759 4575 916 4649 δυνάμενος
934 4581 991 4634 scil.
1012 4577 1204 4652 προφητεύειν
1226 4582 1263 4636 ist
1280 4582 1381 4652 richtig
1405 4586 1409 4652 Ι
1435 4583 1474 4639 23
1494 4577 1554 4639 οὐδ’

249 4654 334 4733 όλως]
352 4657 478 4730 οὐδόλως
495 4665 519 4718 Α
534 4669 538 4730 Ι
554 4665 592 4720 34
609 4659 769 4737 Εὐριπίδης]
788 4665 856 4720 fiber
874 4683 890 4736 ρ
909 4663 1015 4720 scheint
1032 4665 1077 4719 ein
1094 4665 1204 4722 Buchst.
1223 4667 1324 4736 getilgt
1341 4685 1375 4720 zu
1393 4666 1451 4722 sein
1468 4671 1502 4724 A.

1571 3961 1622 4014 698
