3772 5526
616 507 714 562 ιιιωι
738 506 899 562 moy
919 507 945 565 v
965 507 1007 562 42.
1024 507 1067 562 43.
1084 509 1126 561 44.
1480 517 1520 577 47

213 675 356 742 πολλῶν
391 664 471 739 ἀλλδ
512 675 567 739 καί
604 677 677 741 τῶν
714 681 915 757 φιλοσοφεῖν
945 667 1154 754 δοκούντων,
1189 663 1244 741 ότι
1274 673 1307 740 oz
1335 675 1397 759 μὲν
1427 681 1521 757 φιλο-

214 773 402 856 σοφοῦντες
424 771 429 856 Ι
452 767 535 855 μετά
563 767 644 852 τοῦς
671 769 810 858 σεμνούς
836 774 872 842 ἐν
900 775 1084 861 φιλοσοφίᾳ
1105 765 1226 858 λόγους
1246 777 1521 840 καταπίπτουσιν
1542 785 1591 840 611

215 872 269 938 ἐπὶ
291 865 333 938 τά
356 870 478 938 εἴδωλα
499 874 555 938 καὶ
575 867 656 951 τούς
678 874 847 956 δαίμονας,
868 863 1068 940 Ἰουδαίων
1090 873 1126 938 δέ
1147 875 1202 938 καί
1225 863 1244 939 δ
1267 869 1405 956 ἔσχατος
1424 865 1520 958 μόνῳ

214 971 316 1058 ἐνορᾷ
342 971 395 1055 τῷ
422 969 477 1036 ἐπὶ
502 973 585 1038 πᾶσι
607 972 692 1056 θεῶ·
721 973 776 1037 καὶ
797 975 910 1050 καλῶς
932 994 967 1056 γε
991 961 1072 1038 όσον
1093 971 1148 1038 ἐπὶ
1161 965 1285 1057 ,τούτῳ
1308 966 1522 1056 σεμνύνον-

181 1081 197 1136 5
215 1095 280 1138 ται
301 1070 364 1136 καί
388 1063 461 1154 τὴν
483 1074 557 1137 τῶν
578 1062 713 1137 ἀλλων
734 1063 787 1150 ῶς
808 1071 941 1155 ἐναγῶν
962 1071 1017 1135 καί
1041 1061 1171 1151 ἀσεβῶν
1192 1071 1417 1157 ἐκτρέπονται
1440 1095 1522 1137 κοι-

216 1171 373 1237 νωνίαν.
416 1171 471 1236 καί
497 1169 569 1236 ε’ίθε
594 1162 711 1250 αύτοῖς
735 1164 780 1256 μὴ
803 1162 977 1256 ἡμάρτητο
999 1161 1255 1256 παρανομήσασι
1275 1173 1332 1236 καί
1352 1162 1523 1255 πρότερον

215 1271 276 1354 μὲν
294 1263 396 1351 ,τούς
410 1262 614 1355 προφήταςα
636 1261 876 1338 ἀποκτείνασιν
897 1259 1043 1354 ῦστερον
1065 1268 1100 1334 δε
1122 1271 1177 1336 καί
1199 1271 1251 1354 τῷ
1266 1259 1371 1354 Ἰησοῦ
1392 1269 1523 1350 ἐπιβου-

216 1362 382 1436 λεύσασιν·
412 1358 455 1435 ἵν’
476 1365 604 1454 ἐχωμεν
633 1361 842 1455 παράδειγμα
871 1361 1007 1448 πόλεως
1036 1360 1208 1452 ούρανίας,
1235 1357 1277 1452 ἡν
1304 1361 1443 1454 ἐζήτησε
1464 1369 1524 1453 μὲν

217 1461 397 1552 διαγράψαι
427 1471 483 1534 καί
514 1460 665 1535 Πλάτων
696 1460 760 1536 ούκ
791 1466 866 1536 οίδα
899 1469 934 1535 δὲ
968 1469 997 1534 εί
1024 1471 1193 1536 τοσοῦτον
1221 1461 1412 1553 δεδύνηται,
1442 1456 1524 1534 όσον

166 1576 200 1630 10
216 1569 367 1654 Μωῦοῆς
392 1565 501 1651 ’ίσχυσε
531 1569 586 1633 καί
614 1565 647 1633 οί
672 1559 743 1652 μετ’
765 1560 883 1648 αὐτόν,
911 1568 1029 1652 ,γένος
1055 1592 1090 1634 τι
1117 1560 1298 1634 ἐκλεκτόν“
1324 1569 1380 1634 καὶ
1403 1564 1525 1647 ,ἔθνος

216 1657 335 1750 άγιονί(
363 1669 419 1731 καὶ
455 1667 528 1750 θεῶ
563 1657 782 1750 ἀνακείμενον
819 1667 1043 1752 ἐντρέφοντες
1077 1657 1190 1749 λόγοις
1225 1672 1424 1750 καθαροῖς
1455 1657 1523 1732 ἀπὸ

217 1760 324 1852 πάσης
346 1767 607 1848 δεισιδαιμονίας.

299 1882 409 1948 XLIV.
456 1871 544 1946 Ἐπεὶ
575 1881 610 1945 δὲ
640 1873 797 1958 βούλεται
829 1879 957 1956 Κέλσος
986 1893 1197 1947 κοινοποιεῖν
1227 1875 1270 1946 τά
1301 1876 1403 1966 σεμνά
1434 1873 1523 1948 Ἰου-

219 1983 346 2049 δαίων
366 1981 483 2048 ἐθνῶν
505 2001 612 2045 τινων
633 1971 786 2062 νόμοις,
809 1980 891 2064 φέρε
911 1980 967 2044 καί
989 1981 1099 2046 ταῦτα
1120 1972 1360 2064 θεωρήσωμεν.
1400 1985 1525 2065 νομίζει

135 2082 224 2165 12711
248 2085 368 2148 τοίνυν
391 2073 436 2146 τό
466 2081 556 2163 περὶ
579 2069 753 2162 ούρανοῦ
783 2073 909 2162 δι’γμο
929 2079 1034 2161 μηδὲν
1055 2079 1257 2162 διαφέρειν
1279 2079 1342 2144 τοῦ
1363 2080 1439 2162 περὶ
1462 2081 1526 2144 τοῦ

218 2183 303 2248 θεοῦ
329 2183 385 2247 καί
412 2197 494 2263 φησι
519 2179 765 2263 παραπλησίως
792 2190 866 2255 τοῖς
885 2167 1092 2254 Ἰουδαίοις
1113 2172 1196 2256 τοῦς
1216 2177 1368 2260 Πέρσας
1390 2181 1441 2264 τῷ
1466 2181 1528 2242 Διί

218 2283 360 2358 θυσίας
383 2278 559 2356 ἐπιτελεῖν,
582 2276 647 2344 ἐπὶ
675 2270 722 2340 τὰ
747 2267 985 2360 ῦψηλότατα
1011 2279 1093 2342 τῶν
1119 2266 1246 2360 ὀρέων
1269 2269 1525 2360 <ἀναθαίνον-

219 2381 323 2463 τας>·
354 2369 414 2462 ούχ
437 2368 531 2462 δρῶν
553 2367 608 2442 ότι
635 2366 819 2442 Ἰουδαῖοι
849 2367 897 2452 ῶς
919 2371 978 2442 ένα
999 2369 1085 2443 θεόν
1105 2367 1304 2462 ἡπίσταντο,
1332 2365 1444 2454 οότως
1467 2373 1525 2442 ἕνα

219 2473 282 2546 τόν
305 2480 366 2564 τῆς
391 2477 577 2562 προσευχῆς
602 2464 699 2558 άγιον
722 2471 817 2540 οἰκον
843 2478 899 2540 καί
922 2473 957 2540 ἐν
980 2469 1021 2542 τὸ
1044 2478 1118 2542 τῶν
1141 2467 1446 2561 ὁλοκαρπωμάτων
1465 2480 1526 2540 θυ-

169 2593 202 2648 20
219 2572 416 2663 σιαστὴριον
447 2578 503 2642 καί
533 2572 570 2641 ἓν
596 2567 637 2640 τό
670 2576 743 2641 τῶν
774 2567 1001 2659 θυμιαμάτων
1030 2569 1256 2660 θυμιατήριον
1285 2579 1341 2643 καί
1372 2573 1430 2642 ένα
1461 2568 1524 2642 τόν

220 2681 283 2747 τοῦ
304 2679 389 2744 θεοῦ
411 2668 571 2760 ἀρχιερέα.
613 2665 713 2740 οῦδὲν
734 2660 797 2742 οῦν
818 2667 938 2742 κοινόν
959 2667 1046 2759 πρός
1068 2675 1217 2758 Πέρσας
1242 2662 1287 2758 ἡν
1308 2667 1524 2753 Ἰουδαίοις,

221 2779 283 2845 ἐπὶ
315 2773 361 2845 τά
391 2766 628 2860 ύψηλότατα
656 2776 738 2839 τῶν
766 2762 912 2856 όρέων,
935 2765 1108 2840 πλειόνων
1132 2765 1256 2854 όντων,
1289 2766 1524 2854 ἀναβαίνον-

221 2903 291 2957 τας
326 2879 383 2944 καί
411 2877 552 2952 θυσίας
588 2873 845 2953 ἐπιτελοῦντας,
880 2866 979 2940 οῦδὲν
1014 2863 1254 2958 παραπλήσιον
1284 2867 1422 2957 ἐχούσας
1452 2888 1525 2951 ταῖς

220 2973 308 3044 κατά
338 2969 402 3041 τὸν
424 2973 625 3051 Μωῦσέως
654 2963 792 3056 νόμον·
820 2963 899 3039 καθ’
924 2963 964 3039 δν
992 2964 1233 3056 ,ῦποδείγματι
1258 2976 1315 3038 καί
1336 2975 1432 3061 σκιᾷίί
1454 2966 1526 3039 ἐλά-

170 3089 203 3143 25
221 3100 343 3161 τρευον
364 3076 460 3156 ,τῶν
474 3071 708 3155 ἐπουρανίωνα
730 3070 761 3136 οί
782 3062 984 3162 Ἰουδαίων
1005 3070 1110 3154 ίερεῖς,
1133 3071 1169 3137 ἐν
1190 3064 1376 3157 ἀπορρήτῳ
1398 3066 1526 3156 διηγού-

220 3199 316 3263 μενοι
346 3167 387 3240 τό
414 3173 479 3238 τοῦ
508 3163 634 3254 νόμου
664 3171 836 3252 περὶτῶν
865 3174 1019 3237 θυσιῶν
1049 3164 1199 3254 βούλημα
1224 3173 1280 3236 καὶ
1308 3158 1360 3237 ῶν
1381 3166 1528 3256 σύμβολα

221 3263 307 3359 ἦσαν
330 3259 438 3338 αῦται.
482 3271 629 3353 Πέρσαι
658 3270 777 3335 τοίνυν
807 3262 941 3336 πάντα
971 3262 1043 3336 τόν
1076 3273 1148 3338 τοῦ
1176 3262 1350 3355 ούρανοῦ
1379 3264 1528 3337 κύκλον

223 3378 291 3441 Δία
322 3372 585 3449 καλείτωσαν,
609 3359 701 3453 ἡμεῖς
731 3369 766 3434 δὲ
798 3358 879 3435 οότε
902 3371 970 3434 Δία
995 3359 1078 3436 οὔτε
1104 3363 1167 3435 τόν
1193 3361 1277 3436 θεόν
1304 3393 1416 3454 φαμεν
1443 3365 1528 3435 εἶναι

223 3467 294 3540 τόν
327 3461 515 3556 ούρανόν,
547 3467 585 3534 σί
611 3491 648 3552 γε
673 3459 884 3552 ἐπιστάμεθα
906 3469 961 3532 καί
983 3491 1060 3534 τινα
1082 3473 1156 3536 τῶν
1178 3461 1338 3554 ἡττόνων
1360 3471 1422 3536 τοῦ
1444 3471 1528 3535 θεοῦ

310 3665 323 3719 7
348 3659 412 3729 vgl.
430 3657 530 3712 Matth.
548 3657 589 3720 23,
607 3645 649 3710 37.
675 3655 743 3710 Luk.
763 3657 914 3722 1134-
937 3656 1035 3726 evgl.
1055 3658 1180 3712 Clemens
1198 3658 1285 3725 Alex„
1303 3657 1401 3712 Strom.
1421 3658 1459 3710 IV
1478 3659 1528 3712 172

222 3767 247 3819 p.
266 3748 316 3802 642
334 3745 377 3800 ed.
394 3743 496 3798 Potter.
514 3773 547 3782 —
564 3742 584 3798 θ
603 3740 666 3810 Vgl.
684 3740 777 3804 Plato,
795 3741 849 3794 Res
865 3741 939 3812 publ.
957 3743 982 3795 II
1001 3746 1041 3796 11.
1061 3743 1093 3796 12
1110 3761 1135 3812 p.
1153 3743 1204 3798 369
1217 3732 1364 3798 8-3720.
1388 3742 1426 3796 IV
1444 3744 1529 3798 6-10

222 3851 247 3904 p.
266 3827 475 3886 4271)-4340.
506 3826 581 3882 V18
602 3843 627 3896 p.
645 3825 774 3880 47301).
803 3826 888 3895 Leges
905 3825 930 3879 V
948 3826 1049 3881 10—14
1072 3845 1097 3896 p.
1117 3826 1329 3883 7393-7451..
1351 3857 1385 3866 -
1408 3828 1448 3883 1⁰
1465 3825 1528 3896 Vgl.

221 3918 234 3970 I
252 3916 324 3970 Petr.
341 3915 366 3982 2,
384 3915 401 3968 9
418 3913 481 3982 (Jes.
499 3913 541 3976 43,
558 3911 599 3966 20.
623 3907 710 3963 Exod.
728 3911 769 3974 19,
787 3911 821 3978 6).
839 3940 872 3949 -
892 3911 930 3966 16
947 3909 1010 3979 Vgl.
1028 3911 1099 3965 oben
1116 3909 1141 3962 V
1158 3911 1190 3962 41
1209 3927 1236 3964 u.
1249 3909 1372 3966 Herodot
1389 3909 1402 3963 I
1421 3913 1478 3966 131.
1496 3939 1529 3950 -

224 4001 263 4056 18
282 3999 344 4068 Vgl.
362 3998 426 4052 hev.
445 3997 485 4059 16,
503 3997 545 4051 24.
564 3996 605 4050 25.
631 3993 711 4048 Num.
730 3997 770 4058 15,
788 3995 812 4050 3.
837 3994 940 4048 Weish.
958 3993 1014 4049 Sal.
1031 3996 1055 4062 3,
1074 3997 1090 4050 6
1108 3994 1204 4063 OExod,
1223 3996 1263 4058 30.
1281 3996 1322 4050 28.
1346 3997 1410 4050 Lev.
1422 3997 1446 4059 3,
1463 3996 1488 4050 2.
1505 3998 1529 4051 6.

223 4089 248 4154 4,
260 4088 283 4140 7.
297 4086 337 4139 25.
350 4085 391 4139 30.
415 4084 439 4144 5,
451 4082 492 4136 12.
519 4079 642 4135 IOhron.
662 4081 703 4140 16,
719 4080 761 4134 40.
789 4081 830 4142 21,
848 4080 889 4134 29.
918 4079 1042 4133 IMakk.
1060 4081 1084 4143 4,
1103 4079 1156 4148 53).
1184 4109 1218 4118 -
1244 4080 1285 4136 20
1306 4080 1370 4149 Vgl.
1388 4083 1413 4134 II
1431 4081 1529 4135 Chron.

223 4171 268 4233 26,
288 4170 328 4223 16.
347 4169 380 4223 19
402 4165 499 4235 (Exod.
518 4167 562 4228 30,
582 4167 605 4218 1.
624 4165 665 4218 27.
688 4164 751 4217 Lev.
769 4167 798 4230 4,
817 4165 856 4219 18.
881 4163 1010 4218 IOhron.
1029 4166 1058 4230 6,
1075 4165 1116 4220 49.
1140 4165 1244 4232 2818).
1263 4195 1296 4204 -
1314 4165 1354 4220 24
1372 4165 1435 4235 Vgl.
1447 4165 1529 4220 Hebr.

224 4255 248 4317 8,
267 4256 290 4309 5.
317 4283 350 4292 -
377 4251 417 4306 28
444 4249 505 4319 Vgl.
524 4251 550 4303 II
568 4249 631 4304 Kor.
650 4249 690 4312 12,
708 4249 783 4302 2-4.

312 4417 421 4474 10-11
442 4435 487 4470 am
504 4417 583 4470 Rand
602 4400 642 4485 ζὴ
656 4419 693 4470 11²
708 4417 712 4486 Ι
729 4418 765 4473 11
787 4409 1022 4488 (ἀναβαίνοντας)
1042 4416 1107 4485 suge
1122 4416 1167 4470 ich
1186 4417 1228 4475 als
1244 4418 1404 4488 notwendig
1421 4418 1465 4472 sur
1477 4418 1531 4472 den

226 4503 465 4571 Zusammenhang
481 4502 529 4555 der
540 4500 637 4555 Wone
655 4500 706 4565 ein,
725 4501 779 4570 vgl.
792 4500 863 4555 oben
880 4499 906 4553 V
922 4503 964 4563 41,
983 4500 1008 4555 S.
1022 4503 1056 4554 45
1074 4501 1100 4555 Z.
1114 4504 1136 4566 1,
1153 4519 1178 4555 u.
1196 4505 1281 4557 unten
1299 4503 1326 4556 Z.
1339 4503 1372 4558 22
1387 4505 1391 4572 Ι
1408 4503 1447 4560 19
1466 4495 1532 4559 όλο-

227 4581 440 4659 καρπωμάτων]
463 4576 715 4652 ὁλοκαυτωμάτων
736 4588 872 4640 νοιωιιίε1
890 4583 972 4638 Guiet
994 4584 1048 4653 (bei
1066 4585 1129 4642 Del.
1147 4587 1227 4643 1611
1245 4591 1326 4643 Anm.
1344 4588 1385 4656 b),
1412 4589 1467 4658 vgl.
1488 4589 1532 4642 die

228 4671 298 4726 oben
316 4671 441 4726 eitierten
459 4669 659 4724 Schriststellen
674 4671 678 4738 Ι
693 4669 732 4724 24
748 4667 880 4737 μιῶισὲος
897 4673 930 4722 Α.
