3780 5532
629 479 730 535 ΚΑΤΑ
756 480 916 538 mmor
938 482 996 541 vll
1016 484 1058 538 51.
1075 484 1117 539 52.
1139 485 1180 540 53.
1481 489 1543 554 203

240 648 302 732 τῆς
322 645 472 730 ἐξουσίας
487 649 550 715 τοῦ
564 639 672 734 άέρος,
694 649 757 715 τοῦ
778 643 1006 735 πνεύματος
1027 651 1091 718 τοῦ
1105 652 1167 718 νῦν
1181 650 1402 736 ἐνεργοῦντος
1416 649 1453 717 ἐν
1471 662 1543 727 τοῖς

155 750 223 804 184v
243 747 247 832 γ
270 745 355 826 υίοῑς
376 748 438 832 τῆς
453 739 657 827 άπειθείας.“
679 750 806 834 λεγέτω
829 741 861 815 δ’
878 741 963 835 ἡμᾶς
983 740 1002 817 ό
1020 751 1147 830 Κέλσος
1160 745 1314 835 σάματι
1336 752 1392 836 τῷ
1415 752 1541 835 νεκρῷ

241 850 409 930 ζῶντας,
439 839 642 927 άκούοντας·
671 849 722 928 ,εί
746 843 833 915 κατὰ
859 842 982 936 σάρκα
1005 851 1109 936 ζῆτε,
1136 851 1275 936 μέλλετε
1300 840 1542 934 ἀποθνῄσκειν·

240 947 269 1013 εί
294 946 330 1013 δὲ
356 941 551 1033 πνεύματι
574 943 637 1026 τὰς
658 940 794 1033 πράξεις
815 951 879 1016 τοῦ
905 944 1088 1034 σώματος
1114 951 1323 1028 θανατοῦτε,
1347 941 1543 1034 ζὴσεσθε,“

205 1047 296 1114 ὅκαί
327 1039 570 1129 μανθάνοντας
600 1041 641 1115 τό
671 1047 723 1127 ,εί
747 1041 943 1133 πνεύματι
971 1053 1112 1134 ζῶμεν,
1139 1042 1335 1132 πνεύματι
1366 1051 1423 1116 καί
1454 1066 1543 1116 στοι·

238 1147 386 1230 χιῦμενίί·
414 1146 463 1230 εἴη
490 1170 528 1214 τε
553 1160 626 1227 τοῖς
652 1144 762 1230 ἔργοις
787 1138 873 1233 ἡμᾶς
893 1141 1062 1215 δεικνύναι
1082 1139 1294 1232 ψευδόμενον
1314 1141 1377 1216 τόν
1400 1149 1544 1233 λέγοντα

239 1248 318 1328 περὶ
339 1235 437 1330 ἡμῶν
459 1235 515 1313 ότι
537 1249 587 1333 τῷ
610 1239 765 1332 σάματι
787 1249 916 1332 ζῶμεν
937 1250 993 1334 τῷ
1017 1251 1152 1334 νεκρῷ.

321 1343 402 1411 IIII.
438 1341 535 1413 Μετὰ
560 1347 667 1413 ταῦτα
693 1347 822 1428 τοίνυν,
848 1341 936 1432 πρός
966 1337 986 1414 ά
1011 1343 1099 1414 κατὰ
1126 1340 1268 1431 δύναμιν
1294 1337 1543 1432 άπηντὴσαμεν,

241 1444 322 1527 φησί
343 1437 430 1528 πρὸς
451 1437 549 1530 ἡμᾶς·
577 1438 687 1532 πόσῳ
719 1438 751 1516 δ’
774 1433 823 1532 ἦν
851 1438 943 1532 ύμῖν
973 1437 1147 1532 ἄμεινον,
1178 1438 1314 1531 ἐπειδή
1344 1469 1384 1530 γε
1410 1469 1543 1512 καινο-

191 1553 224 1607 10
241 1543 410 1628 τομησαί
443 1569 481 1610 τι
510 1539 800 1631 ἐπεθυμήσατε,
835 1548 924 1631 περὶ
957 1537 1081 1613 άλλον
1117 1541 1207 1612 τινὰ
1238 1549 1321 1613 τῶν
1351 1547 1544 1631 γενναίως

241 1631 542 1710 ἀποθανόντων
572 1649 637 1710 καί
666 1651 781 1712 θεῖον
806 1647 937 1728 μῦθον
959 1647 1151 1728 δέξασθαι
1173 1645 1406 1730 δυναμένων
1427 1663 1543 1712 σπου·

242 1732 373 1822 δάσαι;
401 1743 507 1826 φέρε,
538 1745 571 1810 εί
600 1738 649 1828 μὴ
680 1735 846 1830 ἤρεσκεν
865 1735 1054 1830 Ἡρακλῆς
1080 1747 1144 1811 καὶ
1165 1733 1398 1830 Ἀσκληπιός
1419 1747 1484 1811 καί
1506 1744 1544 1814 οἱ

241 1832 365 1908 πάλαι
397 1842 693 1925 δεδοξασμένον,
719 1835 858 1928 Ὀρφέα
887 1843 1025 1927 είχετε,
1056 1834 1182 1930 ἄνδρα
1214 1835 1545 1930 ὁμολογουμένως

242 1929 339 2024 όσίῳ
369 1935 621 2027 χρησάμενον
651 1936 849 2027 πνεύματι
874 1946 937 2008 καί
966 1935 1089 2010 αὐτόν
1110 1946 1249 2024 βιαίως
1271 1933 1544 2010 ἀποθανόντα.

193 2048 225 2102 15
242 2031 325 2106 ἀλλ’
353 2039 445 2120 ἴσως
470 2032 531 2108 ὑπ’
554 2032 687 2110 ἄλλων
717 2043 974 2128 προείληπτο.
1024 2034 1259 2126 Ἀνάξαρχον
1284 2045 1394 2125 γοῦν,
1423 2034 1464 2122 ὃς
1490 2044 1545 2121 είς

243 2127 366 2223 όλμον
407 2139 623 2226 ἐμβληθεὶς
665 2143 728 2206 καί
775 2137 1102 2228 παρανομώτατα
1145 2133 1460 2227 συντριβόμενος
1503 2129 1543 2210 εὖ

240 2231 344 2321 μάλα
381 2231 624 2323 κατεφρόνει
664 2241 734 2319 τῦς
768 2233 970 2321 κολάσεως
1008 2242 1150 2327 λέγων·
1189 2243 1368 2321 ,,πτίσσε,
1406 2244 1545 2308 πτίσοε

242 2331 315 2405 τὸν
344 2329 582 2424 Ἀναξάρχου
610 2333 804 2420 θύλακον,
840 2332 964 2409 αὐτόν
996 2338 1069 2426 γὰρ
1104 2332 1150 2408 ού
1179 2343 1398 2418 πτίσσεις“·
1431 2343 1547 2408 θείου

242 2432 355 2516 τινός
377 2431 429 2516 ιύς
451 2433 612 2524 ἀληθοῦς
632 2432 859 2524 πνεύματος
881 2432 902 2525 ἦ
924 2433 1046 2526 φωνή.
1084 2432 1182 2506 άλλά
1202 2444 1268 2507 καὶ
1289 2435 1422 2527 τούτῳ
1442 2433 1544 2525 φθά·

191 2544 225 2599 20
243 2539 384 2617 σαντές
406 2563 513 2617 τινες
539 2531 822 2625 ἠκολούθησαν
841 2541 1015 2622 φυσικοί.
1058 2532 1206 2608 ούκοῦν
1227 2533 1479 2625 Ἐπίκτητονς
1501 2531 1543 2620 ῦς

242 2639 315 2705 τοῦ
345 2630 544 2706 δεσπότου
574 2639 867 2722 στρεβλοῦντας
897 2632 1022 2706 αῦτοῦ
1051 2633 1098 2706 τό
1129 2641 1271 2718 σκέλος
1298 2631 1546 2723 ύπομειδιιῦν

242 2729 530 2823 ἀνεκπλήκτως
552 2737 670 2822 ἔλεγε·
697 2730 963 2822 ,,κατάσσεις,“
990 2742 1055 2806 καὶ
1080 2731 1332 2821 κατάξαντος
1353 2730 1444 2820 ,,ούκ
1466 2735 1546 2805 ἔλε-

242 2841 350 2920 γον,“
371 2834 492 2916 εἶπεν,
520 2825 607 2920 ,ότι
632 2831 882 2918 κατάσσεις,·“
910 2839 948 2906 τί
972 2839 1165 2906 τοιοῦτον
1192 2829 1211 2904 ό
1237 2829 1429 2924 ύμέτερος
1450 2832 1547 2917 θεὸς

241 2929 510 3021 κολαζόμενος
540 2938 785 3022 έφθέγξατο,·
814 2930 924 3023 ύμεῑς
953 2937 994 3004 δὲ
1026 2928 1100 3004 κάν
1126 2941 1342 3018 Σίβυλλαν,
1373 2925 1395 3021 ᾖ
1421 2941 1547 3023 χρῶν-

190 3041 224 3096 25
242 3037 306 3104 ταί
336 3061 445 3116 τινες
474 3031 593 3120 ῦμῶν,
624 3029 791 3116 εἰκότως
822 3061 870 3104 αν
895 3039 1049 3122 μᾶλλον
1075 3029 1378 3123 προεστήσασθε
1400 3030 1453 3117 αός
1476 3038 1548 3104 τοῦ

242 3138 341 3204 θεοῦ
363 3137 501 3204 παῖδα·
528 3137 599 3202 νῦν
620 3137 660 3203 δὲ
682 3129 980 3222 παρεγγράφειν
1000 3141 1070 3223 μὲν
1092 3138 1147 3216 είς
1170 3130 1216 3204 τά
1239 3135 1395 3222 έκείνης
1416 3130 1547 3203 ’πολλὰ

241 3239 306 3303 καὶ
327 3229 537 3320 βλάσφημα
559 3235 644 3318 εἰκῇ
667 3230 853 3319 δύνασθε,
882 3231 955 3304 τόν
981 3237 1022 3304 δὲ
1041 3239 1115 3322 βίῳ
1141 3236 1212 3319 μὲν
1233 3228 1547 3322 ἐπιβρητοτάτῳ

242 3329 408 3422 θανάτῳ
431 3335 471 3402 δὲ
492 3333 686 3420 οἰκτίστῳ
704 3328 953 3422 χρησάμενον
972 3328 1071 3402 θεόν
1092 3337 1267 3402 τίθεσθε.
1296 3327 1407 3421 πόσῳ
1431 3337 1549 3404 τοῦδε

242 3427 570 3522 ἐπιτηδειότερος
592 3421 638 3520 ἦν
659 3425 749 3520 ύμῖν
764 3425 895 3516 Ἰωνᾶς
915 3435 999 3515 ,ἐπὶ
1021 3437 1069 3519 ιη’
1090 3429 1340 3518 κολοκύντγγ“
1362 3425 1548 3520 ἢΔανιὴλ
1610 3457 1617 3468 ·

191 3527 262 3604 306
284 3536 327 3606 ἐκ
349 3538 431 3602 τῶν
453 3537 611 3620 θηρίων
632 3523 652 3618 ἢ
675 3533 712 3601 οί
734 3534 861 3602 τῶνδε
883 3532 941 3600 ἔτι
964 3535 1325 3618 τερατωδέστεροι,·

327 3722 345 3777 3
366 3721 444 3776 mm.
464 3720 489 3782 8,
511 3719 548 3774 13.
567 3747 600 3758 -
618 3718 636 3774 5
655 3717 716 3774 Gal.
735 3721 758 3786 5,
777 3719 818 3774 25.
837 3747 870 3758 -
889 3718 926 3776 15
945 3717 1008 3788 vgl.
1027 3717 1128 3780 Cicero,
1146 3716 1254 3774 Tuscul.
1272 3718 1340 3788 disp.
1352 3718 1378 3770 11
1390 3721 1431 3782 θλ,
1444 3719 1485 3774 52.
1509 3717 1550 3774 De

243 3807 316 3862 deor,
333 3807 391 3860 nah
410 3805 448 3860 III
466 3805 507 3866 33,
525 3804 566 3858 82.
594 3802 684 3858 Valet.
702 3803 814 3857 Maxim.
831 3803 870 3858 III
888 3804 905 3858 3
922 3801 985 3857 Ext
998 3805 1024 3858 4.
1052 3801 1195 3870 Plutarch,
1218 3801 1259 3856 De
1282 3801 1342 3857 virt.
1360 3819 1427 3858 mor.
1445 3803 1549 3875 cap.x

242 3910 268 3962 p.
278 3891 330 3946 449
342 3889 373 3944 II.
397 3889 532 3958 Diogenes
549 3887 638 3942 Ιιοθεῒι
656 3887 694 3942 IX
713 3889 753 3954 10,
771 3889 812 3944 59.
840 3887 1001 3951 'fortunium
1019 3885 1099 3958 Apol.
1118 3883 1182 3956 Cap.
1201 3885 1222 3938 L
1240 3903 1289 3940 vor
1306 3885 1332 3940 d.
1349 3886 1438 3942 Mitte.
1458 3918 1491 3927 -
1509 3887 1549 3944 24

242 3975 305 4046 vgl.
323 3974 477 4030 obenV61
491 3971 558 4028 αΕ.
577 4001 609 4012 -
628 3972 667 4028 29
686 3972 749 4040 Vgl.
762 3972 834 4026 Iona
845 3975 870 4036 4,
885 3976 909 4028 6.
928 4001 961 4011 -
979 3971 1041 4040 Vgl.
1059 3970 1129 4024 Dan.
1146 3971 1171 4039 6,
1190 3972 1300 4028 16-23.

329 4143 345 4198 1
365 4139 506 4211 ἐξουσίας]
525 4158 538 4195 ε
555 4139 606 4194 ταί
620 4140 714 4204 Ηεευι,
732 4140 800 4195 iiber
817 4157 831 4195 ε
849 4139 935 4194 Ηοεατ
952 4139 976 4192 Α
991 4139 1027 4208 Ιθ
1044 4131 1088 4208 είη
1105 4156 1137 4194 τε
1155 4138 1205 4194 fio.
1224 4155 1270 4192 am
1287 4137 1374 4203 θεοῦ,
1393 4139 1441 4192 Βο.
1454 4137 1550 4208 (Notae

242 4245 267 4302 p.
283 4227 359 4296 403),
377 4227 421 4296 Sp.
439 4225 499 4280 Del.
516 4224 555 4278 im
572 4225 653 4288 Τειίς
679 4223 706 4280 εἰ
722 4212 738 4294 ἦ
756 4222 789 4280 τέ
805 4227 830 4278 Δ
850 4227 854 4292 Ι
877 4225 897 4280 θ
924 4215 990 4292 ύμῖν
1012 4225 1118 4288 Μέθη,
1132 4224 1183 4278 Ηδ.
1201 4241 1247 4278 am
1264 4222 1356 4287 θεοῦ,
1380 4221 1424 4293 Sp.
1434 4222 1494 4278 Del.
1511 4221 1550 4276 im

242 4312 324 4374 Τειίς
344 4303 410 4380 ημῖν
426 4312 475 4379 ΔΙ
498 4310 535 4365 11
555 4304 652 4378 μόθον
668 4312 693 4364 Δ
713 4309 717 4378 Ι
738 4309 776 4365 13
796 4301 890 4376 ὄλμον
906 4311 931 4362 Δ
946 4311 950 4376 Ι
966 4309 1004 4366 θλ
1025 4305 1158 4378 δύνασθε]
1177 4303 1331 4378 δεδύνηαθε
1348 4309 1485 4384 νεεωοίείε
1502 4307 1550 4362 Βο.

243 4395 342 4465 (Nom
353 4413 379 4466 p.
390 4393 452 4464 403)
467 4397 472 4463 1
487 4395 527 4451 28
540 4394 632 4464 τοῦδε]
652 4397 681 4449 δε
698 4393 728 4447 in
739 4393 882 4448 Οοττεοίπιε
893 4397 919 4447 Δ
933 4396 938 4462 Ι
954 4393 994 4450 2⁹
1011 4391 1172 4463 κολοκύντη
1185 4391 1315 4462 ΔΗδ.θρ.
1332 4391 1429 4466 κοιλίᾳ
1446 4385 1551 4461 κήτους

242 4481 306 4536 J01²
323 4481 378 4550 (am
396 4479 496 4548 θεοῦ),
514 4480 563 4534 Βο.
581 4477 679 4548 (Notae
696 4497 722 4550 p.
739 4479 813 4548 403),
831 4477 890 4533 Del.
909 4478 948 4531 im
965 4477 1035 4532 Text
1052 4478 1118 4547 (ng.
1136 4477 1196 4532 Del.
1214 4476 1227 4530 I
1245 4477 1296 4531 732
1314 4477 1396 4530 Anm.
1414 4476 1457 4543 d);
1484 4475 1551 4530 aber

244 4567 293 4620 Βο.
305 4583 331 4620 u.
344 4564 404 4620 Del.
416 4565 509 4620 haben
527 4563 581 4619 don
593 4563 672 4634 Spott
690 4563 737 4618 des
750 4563 844 4618 Celsus
861 4562 939 4616 nicht
955 4561 1084 4618 hemerkt
1100 4579 1126 4617 u.
1145 4562 1255 4616 dursten
1272 4560 1331 4616 sich
1348 4559 1427 4614 nicht
1445 4559 1497 4614 aus
1506 4559 1551 4614 die

244 4649 329 4705 Sbelle
346 4653 432 4705 unten
445 4650 495 4703 VII
507 4652 540 4704 57
553 4647 673 4714 berusen,
692 4647 728 4701 da
744 4647 801 4700 hIer
813 4646 857 4700 die
872 4645 966 4700 Worte
978 4646 1026 4701 des
1038 4646 1131 4701 Celsus
1148 4646 1243 4700 nieht
1259 4645 1422 4700 wiederholt
1433 4645 1550 4700 werden.
