3790 5526
334 417 392 480 168
874 415 1096 472 ΩΡΙΓΕΝΟΥΣ

414 570 531 664 διόπερ
558 573 631 648 οὐδ’
652 581 684 648 οί
706 575 797 652 πάνυ
817 573 1049 649 άπλοόστατοι
1069 584 1126 648 καί
1148 573 1262 668 λόγοις
1284 575 1345 650 οῦκ
1363 583 1635 701 έντεθραμμένοι

329 677 555 759 έξεταστικοῑς
570 683 821 765 Χριστιανοὶ”
791 707 919 750 ειποιεν
940 673 983 752 άν
1004 685 1246 768 τεθνηκέναι
1267 678 1332 768 τὴν
1352 671 1545 768 άλὴθειαν
1533 671 1553 768 ἠ
1570 676 1634 765 τὴν

332 772 425 862 ζωὴν
450 768 471 864 ἢ
498 775 562 865 τὴν
584 771 709 847 όδόν
689 804 710 897 η
732 775 795 850 τόν
817 782 853 864 ἐξ
874 775 1022 902 οὐρανοῦ
1042 776 1238 868 καταβάντα
1259 785 1375 866 ζῶντα
1397 774 1504 866 ἄρτον
1525 771 1546 866 ἢ
1569 776 1634 867 τὴν

331 867 528 944 ἀνάστασιν·
559 883 640 964 φησί
671 874 733 966 γάρ
763 876 885 950 ἑαυτὸν
915 875 1100 951 άνάστασιν
1131 879 1217 950 εἶναι
1247 873 1266 950 ό
1293 883 1330 950 έν
1357 907 1407 1000 τῳ
1435 882 1632 966 φαινομένῳ

294 967 508 1063 δάνθραίπῳ
538 973 626 1046 κατὰ
661 977 724 1048 τὸν
753 973 879 1068 Ἰησοῦν
914 976 1048 1065 διδάξας
1080 977 1121 1050 τό
1154 978 1248 1068 ,ἐγώ
1280 974 1395 1067 είμι“
1375 1007 1400 1106 η
1425 973 1634 1060 άνάστασις.α

330 1066 416 1143 άλλά
437 1079 493 1143 καί
515 1071 624 1159 οὐδεὶς
645 1069 791 1165 <οῦταις>
814 1073 1085 1201 έμβρόντητος“
1064 1085 1162 1168 ημῶν
1184 1082 1285 1162 ἐστιν,
1307 1072 1350 1148 ἵν’
1370 1080 1460 1165 είπη·
1491 1083 1634 1166 τέθνη-

328 1199 397 1241 κεν
412 1168 561 1262 ,,ἦζιοὴ“
576 1168 611 1263 ἧ·
635 1181 858 1272 τέθνηκεν,
860 1173 1117 1266 ,Mucioraocgf‘
1139 1169 1266 1266 ἧνδ’“
1246 1205 1288 1247 αν
1303 1206 1344 1248 το
1360 1205 1422 1266 της
1435 1172 1633 1261 υποθέσεαις

329 1277 394 1341 τοῦ
424 1278 556 1345 Κέλσου
584 1274 701 1364 χώραν
732 1279 823 1364 ἔχον,
851 1282 879 1348 εί
905 1274 1096 1366 έφάσκομεν
1116 1283 1403 1367 προειρηκέναι
1424 1276 1518 1358 τοῦς
1538 1305 1634 1398 προ·

330 1367 460 1458 φήτας
481 1372 752 1464 τεθνήξεσθαι
774 1375 846 1447 τὸν
867 1378 968 1448 θεὸν
990 1373 1095 1466 λόγον
1116 1371 1136 1467 ἢ
1159 1375 1223 1466 τὴν
1242 1373 1408 1466 ἀλήθειαν
1423 1403 1444 1464 η
1458 1403 1524 1466 την
1540 1375 1632 1466 ζωὴν

279 1463 351 1557 1οη
374 1470 438 1558 τὴν
460 1467 644 1546 α’νάστασιν
664 1503 685 1563 η
709 1505 743 1547 τι
764 1482 838 1546 τῶν
855 1470 980 1560 ἄλλων,
1003 1468 1024 1547 ά
1047 1499 1149 1565 φησιν
1171 1477 1255 1547 εἶναι
1278 1505 1296 1548 ο
1286 1471 1390 1559 υίὸς
1411 1481 1485 1547 τοῦ
1505 1481 1612 1546 θεοῦ.

412 1593 511 1660 XVIL
546 1585 716 1680 Ἀληθεῦει
746 1583 810 1663 οῦν
840 1596 877 1663 έν
901 1588 997 1682 μόνῳ
1028 1591 1116 1664 κατὰ
1143 1594 1207 1665 τὸν
1233 1589 1346 1665 τόπον
1372 1622 1391 1664 ο
1381 1587 1542 1675 εΙίέλσος
1568 1597 1632 1680 τῷ·

330 1683 413 1758 ἀλλ’
429 1685 500 1759 οῦκ
522 1683 569 1760 όιν
589 1699 823 1780 προείποιεν
846 1698 970 1763 τοῦτο
992 1693 1029 1763 οί
1048 1698 1268 1782 προφῆται·
1290 1693 1417 1764 κακόν
1436 1697 1441 1778 Ι
1460 1689 1532 1780 γάρ
1548 1696 1633 1763 ἐστι
1652 1703 1701 1758 706

329 1795 395 1858 καί
427 1783 600 1861 άνόσισν.
646 1797 682 1862 τί
712 1794 747 1861 δὲ
778 1797 883 1862 τοῦτο
914 1785 936 1881 ἢ
967 1784 1021 1862 ότι
1052 1786 1072 1863 ό
1101 1797 1221 1882 μέγας
1249 1793 1346 1875 θεὸς
1376 1789 1582 1863 δουλεύσει
1612 1785 1633 1878 ἢ

330 1885 595 1978 τεθνήξεται,
632 1885 746 1975 ἄξιον
779 1897 816 1962 δὲ
849 1897 948 1962 θεοῦ
983 1891 1025 1963 τὸ
1059 1897 1300 1982 προφητευθέν
1329 1896 1422 1963 ἐστιν
1451 1888 1520 1963 ῦπό
1552 1899 1634 1962 τῶν

279 2002 311 2055 10
329 1996 566 2076 προφητῶν,
590 1983 645 2061 ότι
666 1996 727 2080 τῆς
748 1997 844 2073 θείας
867 1989 997 2077 φάσεως
1018 1987 1259 2080 ,,άπαῦγασμα“
1281 1997 1336 2061 καὶ
1356 1987 1567 2080 ,,χαρακτήρ“
1582 2020 1634 2072 τις

329 2087 599 2178 ἔνανθροοποῦση
625 2097 714 2178 φυγῇ
741 2093 812 2181 ίερᾷ
839 2097 883 2178 τῇ
914 2095 977 2160 τοῦ
998 2087 1105 2179 Ἰησοῦ
1131 2088 1386 2180 συνεπιδημήσει
1407 2095 1460 2179 τῷ
1481 2097 1555 2178 βίῳ,
1578 2093 1633 2160 ίνα

329 2194 447 2276 σπείρη
477 2185 590 2277 λόγον,
621 2195 814 2260 οίκειοῦντα
846 2195 902 2278 τῷ
932 2197 1006 2261 τῶν
1037 2181 1129 2261 όλαιν
1160 2195 1241 2278 θεῷ
1271 2189 1334 2262 τὸν
1361 2187 1633 2279 παραδεξάμενον

329 2283 435 2359 αῦτὸν
462 2294 507 2371 εἰς
534 2289 599 2376 τὴν
625 2289 749 2360 ἑαυτοῦ
770 2288 881 2376 φυχὴν
910 2295 965 2358 καὶ
995 2285 1231 2378 γεωργήσαντα
1265 2296 1322 2359 καί
1348 2292 1403 2359 ἐπὶ
1429 2295 1528 2371 τέλος
1556 2284 1633 2377 άγα-

329 2383 436 2474 γόντα
456 2385 580 2472 πάντα,
609 2383 646 2472 ῦς
673 2387 738 2476 τὴν
764 2385 905 2476 δύναμιν
930 2392 967 2458 έν
994 2389 1104 2476 ἑαυτοῦ
1127 2390 1192 2475 ἔχει
1215 2394 1278 2460 τοῦ
1300 2392 1337 2460 ἐν
1358 2385 1550 2476 άνθρώπου
1569 2386 1633 2459 σοι’-

278 2505 312 2560 20
329 2514 409 2575 ματι
434 2496 490 2558 καί
515 2496 605 2576 φυχῇ
631 2493 790 2577 ἐσομένου
815 2493 914 2558 θεοῦ
941 2483 1052 2574 λόγου.
1088 2481 1202 2570 οῦτοος
1229 2483 1263 2556 δ’
1286 2491 1389 2571 ἔσται,
1411 2485 1460 2570 αίς
1479 2490 1525 2577 μὴ
1547 2485 1631 2559 άπα-

328 2597 519 2658 κεκλεῑσθαι
545 2586 607 2670 τάς
632 2584 734 2677 αῦγάς
760 2581 869 2657 αὐτοῦ
896 2589 933 2657 ἐν
959 2591 1077 2676 ἐκείνῳ
1103 2583 1199 2675 μόνῳ
1226 2583 1305 2675 μηδ’
1328 2581 1555 2676 ὀνομάζεσθαι
1577 2582 1632 2660 ότι

329 2681 481 2773 οῦδαμοῦ
503 2683 651 2776 ἀλλαχοῦ
674 2692 745 2758 ἐστι
767 2685 809 2758 τὸ
830 2693 904 2757 τῶν
922 2681 1039 2774 αῦγοῦν
1054 2684 1193 2757 τούτων
1207 2687 1414 2774 παρεκτικὸν
1428 2694 1513 2774 φῶς,
1536 2688 1631 2770 θεὸς

327 2781 430 2875 λόγος
451 2781 510 2858 τόν.

412 2885 459 2958 τά
480 2894 570 2977 περὶ
592 2885 655 2959 τόν
669 2881 795 2977 Ἰησοῦν
816 2893 934 2957 τοίνυν
955 2882 1045 2956 καθὸ
1067 2890 1128 2974 μὲν
1149 2881 1309 2974 νενόηται
1324 2881 1468 2975 θεότητι
1483 2889 1520 2958 έν
1536 2881 1629 2976 αότῷ

276 3005 309 3058 25
327 2993 577 3076 πραχθέντα,
608 2993 719 3060 έστίν
749 2979 837 3058 ὅσια
864 2991 919 3056 καί
946 2981 987 3056 οῦ
1012 2981 1182 3075 μαχόμενα
1209 2992 1253 3074 τῇ
1277 2991 1354 3074 περὶ
1377 2991 1440 3055 τοῦ
1461 2993 1558 3057 θείου
1579 2989 1630 3057 έν-

326 3093 417 3178 νοίηι·
441 3084 531 3158 καθὸ
554 3091 589 3157 δὲ
608 3082 793 3176 ἄνθρωπος
807 3077 859 3175 ἦν,
881 3082 1012 3167 παντὸς
1027 3090 1158 3170 μᾶλλον
1173 3079 1364 3174 άνθροόπου
1384 3091 1630 3175 κεκοσμημένος

326 3193 370 3274 ’τῇ
402 3181 489 3279 άκρᾳ
518 3194 643 3276 μετοχῇ
673 3192 736 3258 τοῦ
766 3181 958 3273 αῦτολόγου
984 3191 1040 3254 καί
1068 3190 1129 3274 τῆς
1156 3181 1362 3273 αῦτοσοφίας
1383 3183 1560 3274 ῦπέμεινεν
1582 3184 1630 3270 οός

327 3284 436 3373 σοφὸς
456 3293 513 3357 καὶ
536 3293 664 3370 τέλειος
686 3281 771 3376 άπερ
794 3290 894 3375 ἐχρῆν
914 3281 1091 3372 ῦπομεῑναι
1113 3281 1176 3356 τόν
1190 3279 1275 3374 ῦπὲρ
1290 3283 1421 3368 παντὸς
1436 3291 1630 3374 τοῦγένους

328 3392 402 3457 τῶν
424 3382 626 3474 ἀνθρώπων
647 3381 668 3474 ἢ
689 3394 744 3456 καί
767 3393 840 3457 τῶν
862 3391 1010 3474 λογααῦν
1030 3380 1146 3455 πάντα
1166 3383 1412 3474 πράττοντα.
1454 3393 1511 3456 καί
1532 3382 1631 3456 οῦδὲν

411 3571 430 3626 ε
449 3571 591 3642 731701.
610 3575 634 3638 6,
652 3575 693 3630 51.
717 3576 758 3638 14,
776 3574 799 3628 ο.
818 3571 889 3628 -ε
911 3571 972 3625 Joh.
991 3572 1031 3638 11,
1050 3572 1090 3626 ευ.
1113 3600 1146 3610 -
1166 3571 1181 3627 ι
1206 3571 1268 3641 Vgl.
1288 3571 1349 3626 Joh.
1368 3573 1408 3640 14,
1426 3573 1451 3627 6.
1473 3601 1506 3610 —
1529 3572 1548 3627 ο
1568 3571 1630 3642 Vgl.

325 3655 387 3710 σοι
406 3660 430 3721 1,
449 3661 472 3712 1.
496 3659 520 3722 6,
538 3660 579 3712 τα.
604 3659 645 3724 14,
663 3659 687 3713 6.
705 3687 738 3696 -
758 3657 794 3713 ιε
816 3655 879 3726 vgl.
897 3655 979 3710 παι.
999 3657 1022 3718 1,
1039 3657 1063 3710 3.
1088 3655 1257 3711 υσενερ.
1271 3659 1295 3720 τ,
1307 3657 1348 3712 26.
1367 3685 1400 3696 -
1418 3656 1458 3712 εο
1470 3673 1496 3711 u.
1510 3655 1548 3712 εν
1567 3656 1630 3726 Vgl.

326 3739 388 3794 Joh.
407 3743 430 3808 1,
449 3743 473 3795 1.
491 3771 524 3780 -
544 3741 581 3798 ει
602 3741 665 3811 vgl.
682 3742 743 3797 Joh.
762 3744 786 3806 1,
805 3744 828 3796 1.
846 3743 887 3794 14.
905 3769 938 3778 -
956 3739 1019 3807 τῳ.
1037 3739 1105 3794 nuk.
1123 3743 1165 3804 11,
1181 3742 1223 3796 49.
1247 3741 1260 3794 1
1278 3740 1342 3795 xor.
1361 3742 1384 3805 1,
1402 3741 1443 3796 30.

410 3909 430 3964 6
447 3898 568 3978 (σίτοις)
586 3909 651 3978 fuge
668 3907 714 3964 ioh
731 3908 783 3962 mit
800 3907 859 3962 ίοί2
876 3908 932 3975 (am
943 3905 1032 3976 Rand)
1050 3925 1076 3962 u.
1095 3908 1149 3963 den
1167 3909 1269 3978 Ausgg.
1287 3909 1340 3972 ein,
1358 3908 1413 3978 νηί,
1432 3909 1517 3962 ααῦεα
1531 3906 1583 3960 Vll
1596 3908 1630 3960 34

326 3992 406 4047 Mitte
425 4011 451 4049 u.
470 3994 536 4049 VIII
554 3997 586 4050 15
598 3994 678 4050 Mitte
693 3996 697 4062 Ι
713 3994 751 4049 12
770 3988 833 4048 ἀλλ’
845 3985 898 4047 οὐκ
916 3985 960 4061 ἂν]
979 3985 1069 4048 ἄλλον
1086 3985 1140 4048 κᾶν
1157 3996 1182 4048 Δ
1197 3995 1201 4062 Ι
1218 3993 1257 4050 14
1274 3987 1309 4050 τό
1328 3989 1533 4062 προφητευθέν
1550 3988 1630 4046 ἐστιν

326 4077 411 4132 11110.
422 4079 465 4150 Sp.
484 4076 547 4135 έστι
564 4071 598 4134 τό
616 4075 819 4149 πραφητευθέν
835 4075 894 4132 Del.
919 4077 923 4144 Ι
949 4076 986 4132 16
1008 4072 1248 4150 ένανθρωποῦση]
1272 4075 1471 4151 ένανθροιπῶν
1493 4077 1632 4130 vermutet

325 4162 408 4217 Guiet
425 4163 481 4232 (bei
492 4164 551 4218 Del.
563 4165 576 4218 I
593 4165 643 4220 706
654 4167 734 4218 Anm.
747 4163 773 4232 a)
789 4164 793 4231 Ι
811 4161 924 4218 17-18
942 4155 1630 4234 παραδεξάμενον-γεωργήσαντα-αἷγαγόνταί

326 4239 961 4320 παραδεξόμενον-γεωργήσοντα-ἄξοντα
987 4249 1124 4302 νοεωαδεί
1146 4247 1228 4303 Guiet
1254 4247 1310 4316 (bei
1327 4247 1387 4302 Del
1405 4249 1418 4301 I
1437 4247 1486 4302 706
1503 4247 1584 4300 Anm.
1602 4244 1631 4313 b)

326 4333 485 4435 αατίοίιίίςῖί
502 4335 541 4390 16
559 4329 663 4397 πάντα,
681 4324 715 4397 ῦς
732 4330 854 4387 schreibe
871 4330 917 4384 ich
936 4330 998 4410 mit.
1005 4331 1053 4386 Bo.
1065 4331 1199 4404 (Notaep.
1211 4331 1271 4399 400)
1291 4348 1317 4386 u.
1330 4330 1389 4386 DeL
1407 4331 1430 4398 (Ι
1442 4332 1492 4386 706
1504 4330 1584 4384 Anm
1597 4331 1631 4395 c‚)

327 4435 432 4487 παντα,
450 4406 486 4474 οῦ
502 4419 546 4489 Sp.
564 4437 591 4472 u.
608 4417 694 4474 Del.
685 4435 725 4470 1m
741 4416 823 4483 Text,
839 4408 948 4480 παντός
966 4401 1002 4471 οῦ
1018 4416 1097 4472 ΑΗο.
1114 4417 1173 4484 126
1196 4433 1289 4480 ουτως
1305 4417 1330 4469 A
1348 4405 1425 4470 οῦτω
1443 4417 1547 4484 Ausgg.
1562 4405 1630 4484 Ιὼς]

326 4508 368 4576 τῷ
385 4505 521 4558 νειταυίοί
539 4503 622 4558 ῦυίεί
638 4502 693 4572 (bei
704 4501 764 4558 Del.
777 4502 852 4558 1706
863 4500 1052 4568 1111116121
1071 4494 1135 4570 μηδ’
1147 4493 1353 4568 ὀνομάζεσθαι]
1370 4496 1442 4569 μηδὲ
1459 4499 1629 4568 νομίζεσθαι

325 4589 378 4643 Hb.
398 4607 443 4643 am
461 4587 548 4650 Rand,
568 4587 637 4658 Sp.
629 4605 668 4640 1m
685 4585 760 4652 Text,
780 4585 860 4640 Guiet
877 4585 932 4654 (bei
949 4585 1008 4639 Del.
1027 4585 1040 4639 1
1059 4587 1108 4641 706
1126 4587 1238 4639 Anm.c
1223 4586 1256 4654 ο).
