<?xml version="1.0" encoding="UTF-8"?>
<!DOCTYPE html PUBLIC "-//W3C//DTD XHTML 1.0 Transitional//EN"
    "http://www.w3.org/TR/xhtml1/DTD/xhtml1-transitional.dtd">
<html xmlns="http://www.w3.org/1999/xhtml" xml:lang="en" lang="en">
 <head>
  <title>
</title>
<meta http-equiv="Content-Type" content="text/html;charset=utf-8" />
  <meta name='ocr-system' content='tesseract 3.04.00' />
  <meta name='ocr-capabilities' content='ocr_page ocr_carea ocr_par ocr_line ocrx_word'/>
</head>
<body>
  <div class='ocr_page' id='page_1' title='image "./diegriechischen01wissgoog/diegriechischen01wissgoog_0255.png"; bbox 0 0 3780 5532; ppageno 0'>
   <div class='ocr_carea' id='block_1_1' title="bbox 642 512 1534 584">
    <p class='ocr_par' dir='ltr' id='par_1_1' title="bbox 642 512 1534 584">
     <span class='ocr_line' id='line_1_1' title="bbox 642 512 1534 584; baseline 0.02 -17"><span class='ocrx_word' id='word_1_1' title='bbox 642 513 741 568; x_wconf 77' lang='grc' dir='ltr'><strong><em>ΚΑΤΑ</em></strong></span> <span class='ocrx_word' id='word_1_2' title='bbox 763 512 924 568; x_wconf 79' lang='grc' dir='ltr'><em>ΚΕΔΣΟΥ</em></span> <span class='ocrx_word' id='word_1_3' title='bbox 942 513 1001 571; x_wconf 71' lang='lat'><strong><em>111</em></strong></span> <span class='ocrx_word' id='word_1_4' title='bbox 1023 515 1065 569; x_wconf 90' lang='grc'><strong><em>43.</em></strong></span> <span class='ocrx_word' id='word_1_5' title='bbox 1082 515 1124 568; x_wconf 89' lang='grc'><strong><em>44.</em></strong></span> <span class='ocrx_word' id='word_1_6' title='bbox 1477 524 1534 584; x_wconf 83' lang='grc'><strong>195</strong></span> 
     </span>
    </p>
   </div>
   <div class='ocr_carea' id='block_1_2' title="bbox 183 672 1582 3553">
    <p class='ocr_par' dir='ltr' id='par_1_2' title="bbox 183 672 1582 3553">
     <span class='ocr_line' id='line_1_2' title="bbox 232 672 1535 768; baseline 0.002 -22"><span class='ocrx_word' id='word_1_7' title='bbox 232 674 304 759; x_wconf 87' lang='grc' dir='ltr'><strong><em>υίὸς</em></strong></span> <span class='ocrx_word' id='word_1_8' title='bbox 334 673 560 764; x_wconf 80' lang='grc' dir='ltr'><strong><em>ἀποκαλύψη“</em></strong></span> <span class='ocrx_word' id='word_1_9' title='bbox 585 683 664 768; x_wconf 81' lang='grc' dir='ltr'><strong><em>θείᾳ</em></strong></span> <span class='ocrx_word' id='word_1_10' title='bbox 695 683 763 749; x_wconf 87' lang='grc' dir='ltr'><strong><em>τινί</em></strong></span> <span class='ocrx_word' id='word_1_11' title='bbox 787 673 914 766; x_wconf 79' lang='grc' dir='ltr'><strong><em>χάριτι,</em></strong></span> <span class='ocrx_word' id='word_1_12' title='bbox 945 674 1007 748; x_wconf 86' lang='grc' dir='ltr'><strong><em>ούκ</em></strong></span> <span class='ocrx_word' id='word_1_13' title='bbox 1033 672 1126 748; x_wconf 85' lang='grc' dir='ltr'><strong><em>ἀθεεὶ</em></strong></span> <span class='ocrx_word' id='word_1_14' title='bbox 1154 679 1349 766; x_wconf 75' lang='grc' dir='ltr'><strong><em>ἐγγινομένη</em></strong></span> <span class='ocrx_word' id='word_1_15' title='bbox 1376 685 1419 766; x_wconf 79' lang='grc' dir='ltr'><strong><em>τῇ</em></strong></span> <span class='ocrx_word' id='word_1_16' title='bbox 1443 685 1535 767; x_wconf 80' lang='grc' dir='ltr'><strong><em>ψυχῇ</em></strong></span> 
     </span>
     <span class='ocr_line' id='line_1_3' title="bbox 232 772 1535 866; baseline 0.001 -19"><span class='ocrx_word' id='word_1_17' title='bbox 232 772 318 847; x_wconf 83' lang='grc' dir='ltr'><strong><em>ἀλλὰ</em></strong></span> <span class='ocrx_word' id='word_1_18' title='bbox 345 773 429 866; x_wconf 88' lang='grc' dir='ltr'><strong><em>μετά</em></strong></span> <span class='ocrx_word' id='word_1_19' title='bbox 456 805 550 861; x_wconf 89' lang='grc' dir='ltr'><strong><em>τινος</em></strong></span> <span class='ocrx_word' id='word_1_20' title='bbox 577 779 830 866; x_wconf 77' lang='grc' dir='ltr'><strong><em>ἐνθουσιασμοῦ,</em></strong></span> <span class='ocrx_word' id='word_1_21' title='bbox 857 772 1084 862; x_wconf 85' lang='grc' dir='ltr'><strong><em>ἀποφαίνεται</em></strong></span> <span class='ocrx_word' id='word_1_22' title='bbox 1112 777 1337 866; x_wconf 80' lang='grc' dir='ltr'><strong><em>γινώσκεσθαι</em></strong></span> <span class='ocrx_word' id='word_1_23' title='bbox 1357 776 1422 849; x_wconf 88' lang='grc' dir='ltr'><strong><em>τὸν</em></strong></span> <span class='ocrx_word' id='word_1_24' title='bbox 1442 774 1535 848; x_wconf 88' lang='grc' dir='ltr'><strong><em>θεόν.</em></strong></span> 
     </span>
     <span class='ocr_line' id='line_1_4' title="bbox 230 870 1536 967; baseline 0.003 -21"><span class='ocrx_word' id='word_1_25' title='bbox 230 883 286 946; x_wconf 88' lang='grc' dir='ltr'><strong><em>καί</em></strong></span> <span class='ocrx_word' id='word_1_26' title='bbox 312 875 375 966; x_wconf 85' lang='grc' dir='ltr'><strong><em>γὰρ</em></strong></span> <span class='ocrx_word' id='word_1_27' title='bbox 402 873 490 960; x_wconf 76' lang='grc' dir='ltr'><strong><em>εἰκός</em></strong></span> <span class='ocrx_word' id='word_1_28' title='bbox 515 883 651 966; x_wconf 77' lang='grc' dir='ltr'><strong><em>μείζονα</em></strong></span> <span class='ocrx_word' id='word_1_29' title='bbox 673 882 734 966; x_wconf 77' lang='grc' dir='ltr'><strong><em>μέν</em></strong></span> <span class='ocrx_word' id='word_1_30' title='bbox 755 870 776 965; x_wconf 80' lang='grc' dir='ltr'>ἢ</span> <span class='ocrx_word' id='word_1_31' title='bbox 798 873 885 946; x_wconf 85' lang='grc' dir='ltr'><strong><em>κατὰ</em></strong></span> <span class='ocrx_word' id='word_1_32' title='bbox 906 874 972 965; x_wconf 83' lang='grc' dir='ltr'><strong><em>τὴν</em></strong></span> <span class='ocrx_word' id='word_1_33' title='bbox 992 871 1220 966; x_wconf 76' lang='grc' dir='ltr'><strong><em>ἀνθρωπίνην</em></strong></span> <span class='ocrx_word' id='word_1_34' title='bbox 1243 874 1344 965; x_wconf 90' lang='grc' dir='ltr'><strong><em>φύσιν</em></strong></span> <span class='ocrx_word' id='word_1_35' title='bbox 1366 876 1536 967; x_wconf 78' lang='grc' dir='ltr'><strong><em>εἶναιτὴν</em></strong></span> 
     </span>
     <span class='ocr_line' id='line_1_5' title="bbox 232 969 1535 1065; baseline 0.003 -21"><span class='ocrx_word' id='word_1_36' title='bbox 232 982 359 1064; x_wconf 83' lang='grc' dir='ltr'><strong><em>γνῶσιν</em></strong></span> <span class='ocrx_word' id='word_1_37' title='bbox 389 982 452 1047; x_wconf 91' lang='grc' dir='ltr'><strong><em>τοῦ</em></strong></span> <span class='ocrx_word' id='word_1_38' title='bbox 480 982 565 1048; x_wconf 89' lang='grc' dir='ltr'><strong><em>θεοῦ</em></strong></span> <span class='ocrx_word' id='word_1_39' title='bbox 594 973 660 1065; x_wconf 83' lang='grc' dir='ltr'><strong><em>(διὸ</em></strong></span> <span class='ocrx_word' id='word_1_40' title='bbox 690 981 746 1046; x_wconf 89' lang='grc' dir='ltr'><strong><em>καί</em></strong></span> <span class='ocrx_word' id='word_1_41' title='bbox 777 973 820 1047; x_wconf 86' lang='grc' dir='ltr'><strong><em>τά</em></strong></span> <span class='ocrx_word' id='word_1_42' title='bbox 851 982 1001 1046; x_wconf 86' lang='grc' dir='ltr'><strong><em>τοσαῦτα</em></strong></span> <span class='ocrx_word' id='word_1_43' title='bbox 1031 969 1111 1064; x_wconf 78' lang='grc' dir='ltr'><strong><em>παρ’</em></strong></span> <span class='ocrx_word' id='word_1_44' title='bbox 1138 971 1338 1064; x_wconf 77' lang='grc' dir='ltr'><strong><em>ἀνθρώποις</em></strong></span> <span class='ocrx_word' id='word_1_45' title='bbox 1362 980 1433 1048; x_wconf 74' lang='grc' dir='ltr'><strong><em>ἐστὶ</em></strong></span> <span class='ocrx_word' id='word_1_46' title='bbox 1458 982 1535 1065; x_wconf 82' lang='grc' dir='ltr'><strong><em>περὶ</em></strong></span> 
     </span>
     <span class='ocr_line' id='line_1_6' title="bbox 197 1072 1535 1168; baseline 0.001 -23"><span class='ocrx_word' id='word_1_47' title='bbox 197 1081 317 1146; x_wconf 72' lang='grc' dir='ltr'><strong><em>ὅθεοῦ</em></strong></span> <span class='ocrx_word' id='word_1_48' title='bbox 338 1072 530 1165; x_wconf 77' lang='grc' dir='ltr'><strong><em>σφάλματα)</em></strong></span> <span class='ocrx_word' id='word_1_49' title='bbox 556 1072 763 1166; x_wconf 82' lang='grc' dir='ltr'><strong><em>χρηστότητι</em></strong></span> <span class='ocrx_word' id='word_1_50' title='bbox 789 1080 824 1148; x_wconf 81' lang='grc' dir='ltr'><strong><em>δὲ</em></strong></span> <span class='ocrx_word' id='word_1_51' title='bbox 850 1081 906 1146; x_wconf 83' lang='grc' dir='ltr'><strong><em>καὶ</em></strong></span> <span class='ocrx_word' id='word_1_52' title='bbox 933 1082 1179 1168; x_wconf 77' lang='grc' dir='ltr'><strong><em>φιλανθρωπίᾳ</em></strong></span> <span class='ocrx_word' id='word_1_53' title='bbox 1206 1081 1269 1146; x_wconf 90' lang='grc' dir='ltr'><strong><em>τοῦ</em></strong></span> <span class='ocrx_word' id='word_1_54' title='bbox 1289 1082 1376 1147; x_wconf 84' lang='grc' dir='ltr'><strong><em>θεοῦ</em></strong></span> <span class='ocrx_word' id='word_1_55' title='bbox 1395 1083 1451 1146; x_wconf 83' lang='grc' dir='ltr'><strong><em>καί</em></strong></span> <span class='ocrx_word' id='word_1_56' title='bbox 1472 1105 1535 1146; x_wconf 88' lang='grc' dir='ltr'><strong><em>πα-</em></strong></span> 
     </span>
     <span class='ocr_line' id='line_1_7' title="bbox 233 1171 1536 1268; baseline 0.001 -23"><span class='ocrx_word' id='word_1_57' title='bbox 233 1171 366 1264; x_wconf 78' lang='grc' dir='ltr'><strong><em>ραδόξῳ</em></strong></span> <span class='ocrx_word' id='word_1_58' title='bbox 392 1184 448 1245; x_wconf 85' lang='grc' dir='ltr'><strong><em>καί</em></strong></span> <span class='ocrx_word' id='word_1_59' title='bbox 473 1181 634 1268; x_wconf 75' lang='grc' dir='ltr'><strong><em>θειοτέρα</em></strong></span> <span class='ocrx_word' id='word_1_60' title='bbox 655 1172 766 1264; x_wconf 89' lang='grc' dir='ltr'><strong><em>χάριτι</em></strong></span> <span class='ocrx_word' id='word_1_61' title='bbox 789 1172 937 1262; x_wconf 82' lang='grc' dir='ltr'><strong><em>φθάνειν</em></strong></span> <span class='ocrx_word' id='word_1_62' title='bbox 958 1173 1023 1264; x_wconf 85' lang='grc' dir='ltr'><strong><em>τὴν</em></strong></span> <span class='ocrx_word' id='word_1_63' title='bbox 1044 1181 1107 1246; x_wconf 92' lang='grc' dir='ltr'><strong><em>τοῦ</em></strong></span> <span class='ocrx_word' id='word_1_64' title='bbox 1128 1181 1214 1246; x_wconf 92' lang='grc' dir='ltr'><strong><em>θεοῦ</em></strong></span> <span class='ocrx_word' id='word_1_65' title='bbox 1234 1180 1361 1264; x_wconf 88' lang='grc' dir='ltr'><strong><em>γνοῦσιν</em></strong></span> <span class='ocrx_word' id='word_1_66' title='bbox 1382 1177 1436 1247; x_wconf 87' lang='grc' dir='ltr'><strong><em>έπὶ</em></strong></span> <span class='ocrx_word' id='word_1_67' title='bbox 1455 1175 1536 1259; x_wconf 87' lang='grc' dir='ltr'><strong><em>τοῦς</em></strong></span> 
     </span>
     <span class='ocr_line' id='line_1_8' title="bbox 235 1267 1534 1364; baseline 0.002 -20"><span class='ocrx_word' id='word_1_68' title='bbox 235 1272 425 1361; x_wconf 79' lang='grc' dir='ltr'><strong><em>προγνώσει</em></strong></span> <span class='ocrx_word' id='word_1_69' title='bbox 461 1281 525 1347; x_wconf 92' lang='grc' dir='ltr'><strong><em>τοῦ</em></strong></span> <span class='ocrx_word' id='word_1_70' title='bbox 555 1281 642 1347; x_wconf 83' lang='grc' dir='ltr'><strong><em>θεοῦ</em></strong></span> <span class='ocrx_word' id='word_1_71' title='bbox 675 1279 1027 1364; x_wconf 78' lang='grc' dir='ltr'><strong><em>προκαταληφθέντας</em></strong></span> <span class='ocrx_word' id='word_1_72' title='bbox 1062 1267 1117 1345; x_wconf 86' lang='grc' dir='ltr'><strong><em>ότι</em></strong></span> <span class='ocrx_word' id='word_1_73' title='bbox 1147 1269 1251 1358; x_wconf 80' lang='grc' dir='ltr'><strong><em>ἀξίως</em></strong></span> <span class='ocrx_word' id='word_1_74' title='bbox 1282 1274 1442 1359; x_wconf 79' lang='grc' dir='ltr'><strong><em>βιώσουσι</em></strong></span> <span class='ocrx_word' id='word_1_75' title='bbox 1471 1279 1534 1348; x_wconf 92' lang='grc' dir='ltr'><strong><em>τοῦ</em></strong></span> 
     </span>
     <span class='ocr_line' id='line_1_9' title="bbox 233 1369 1535 1464; baseline 0.002 -20"><span class='ocrx_word' id='word_1_76' title='bbox 233 1377 454 1463; x_wconf 74' lang='grc' dir='ltr'><strong><em>ἐγνωσμένου,</em></strong></span> <span class='ocrx_word' id='word_1_77' title='bbox 478 1370 634 1463; x_wconf 82' lang='grc' dir='ltr'><strong><em>ούδαμῶς</em></strong></span> <span class='ocrx_word' id='word_1_78' title='bbox 655 1371 1039 1464; x_wconf 82' lang='grc' dir='ltr'><strong><em>παραχαράττοντες</em></strong></span> <span class='ocrx_word' id='word_1_79' title='bbox 1054 1372 1128 1462; x_wconf 84' lang='grc' dir='ltr'><strong><em>τὴν</em></strong></span> <span class='ocrx_word' id='word_1_80' title='bbox 1143 1379 1189 1457; x_wconf 88' lang='grc' dir='ltr'><strong><em>είς</em></strong></span> <span class='ocrx_word' id='word_1_81' title='bbox 1203 1370 1310 1445; x_wconf 89' lang='grc' dir='ltr'><strong><em>αύτὸν</em></strong></span> <span class='ocrx_word' id='word_1_82' title='bbox 1325 1369 1535 1460; x_wconf 78' lang='grc' dir='ltr'><strong><em>εὐσέβειαν,</em></strong></span> 
     </span>
     <span class='ocr_line' id='line_1_10' title="bbox 236 1466 1537 1562; baseline 0.003 -20"><span class='ocrx_word' id='word_1_83' title='bbox 236 1467 317 1543; x_wconf 85' lang='grc' dir='ltr'><strong><em>σύτο</em></strong></span> <span class='ocrx_word' id='word_1_84' title='bbox 337 1466 379 1544; x_wconf 80' lang='grc' dir='ltr'><strong><em>ἀν</em></strong></span> <span class='ocrx_word' id='word_1_85' title='bbox 400 1471 467 1545; x_wconf 86' lang='grc' dir='ltr'><strong><em>ύπό</em></strong></span> <span class='ocrx_word' id='word_1_86' title='bbox 490 1479 565 1546; x_wconf 78' lang='grc' dir='ltr'><strong><em>τῶν</em></strong></span> <span class='ocrx_word' id='word_1_87' title='bbox 586 1471 806 1562; x_wconf 84' lang='grc' dir='ltr'><strong><em>ἀγνοούντων</em></strong></span> <span class='ocrx_word' id='word_1_88' title='bbox 828 1467 847 1544; x_wconf 84' lang='grc' dir='ltr'><strong><em>ό</em></strong></span> <span class='ocrx_word' id='word_1_89' title='bbox 869 1501 903 1544; x_wconf 93' lang='grc' dir='ltr'><strong><em>τι</em></strong></span> <span class='ocrx_word' id='word_1_90' title='bbox 924 1478 1012 1544; x_wconf 82' lang='grc' dir='ltr'><strong><em>ποτέ</em></strong></span> <span class='ocrx_word' id='word_1_91' title='bbox 1032 1476 1124 1544; x_wconf 79' lang='grc' dir='ltr'><strong><em>ἐστιν</em></strong></span> <span class='ocrx_word' id='word_1_92' title='bbox 1146 1469 1290 1558; x_wconf 81' lang='grc' dir='ltr'><strong><em>εύσέβεια</em></strong></span> <span class='ocrx_word' id='word_1_93' title='bbox 1303 1480 1359 1545; x_wconf 83' lang='grc' dir='ltr'><strong><em>καὶ</em></strong></span> <span class='ocrx_word' id='word_1_94' title='bbox 1376 1480 1446 1545; x_wconf 84' lang='grc' dir='ltr'><strong><em>πᾶν</em></strong></span> <span class='ocrx_word' id='word_1_95' title='bbox 1469 1468 1537 1546; x_wconf 87' lang='grc' dir='ltr'><strong><em>ότι</em></strong></span> 
     </span>
     <span class='ocr_line' id='line_1_11' title="bbox 183 1563 1536 1663; baseline 0.004 -25"><span class='ocrx_word' id='word_1_96' title='bbox 183 1585 217 1640; x_wconf 86' lang='grc'><strong>10</strong></span> <span class='ocrx_word' id='word_1_97' title='bbox 235 1567 314 1642; x_wconf 85' lang='grc' dir='ltr'><strong><em>ποτ’</em></strong></span> <span class='ocrx_word' id='word_1_98' title='bbox 330 1563 393 1642; x_wconf 86' lang='grc' dir='ltr'><strong><em>οῦν</em></strong></span> <span class='ocrx_word' id='word_1_99' title='bbox 413 1579 544 1662; x_wconf 89' lang='grc' dir='ltr'><strong><em>μᾶλλον</em></strong></span> <span class='ocrx_word' id='word_1_100' title='bbox 569 1569 866 1646; x_wconf 85' lang='grc' dir='ltr'><strong><em>ἀναπλαττόντων</em></strong></span> <span class='ocrx_word' id='word_1_101' title='bbox 888 1574 973 1644; x_wconf 85' lang='grc' dir='ltr'><strong><em>είναι</em></strong></span> <span class='ocrx_word' id='word_1_102' title='bbox 995 1571 1059 1662; x_wconf 81' lang='grc' dir='ltr'><strong><em>τὴν</em></strong></span> <span class='ocrx_word' id='word_1_103' title='bbox 1081 1568 1247 1657; x_wconf 79' lang='grc' dir='ltr'><strong><em>εύσέβειαν</em></strong></span> <span class='ocrx_word' id='word_1_104' title='bbox 1269 1566 1290 1663; x_wconf 76' lang='grc' dir='ltr'><em>ἢ</em></span> <span class='ocrx_word' id='word_1_105' title='bbox 1310 1566 1394 1662; x_wconf 88' lang='grc' dir='ltr'><strong><em>όπερ</em></strong></span> <span class='ocrx_word' id='word_1_106' title='bbox 1409 1569 1536 1663; x_wconf 82' lang='grc' dir='ltr'><strong><em>έστίνῆ</em></strong></span> 
     </span>
     <span class='ocr_line' id='line_1_12' title="bbox 236 1665 1536 1764; baseline 0.002 -24"><span class='ocrx_word' id='word_1_107' title='bbox 236 1666 378 1754; x_wconf 79' lang='grc' dir='ltr'><strong><em>εὐσέβεια</em></strong></span> <span class='ocrx_word' id='word_1_108' title='bbox 401 1670 465 1761; x_wconf 84' lang='grc' dir='ltr'><strong><em>τὴν</em></strong></span> <span class='ocrx_word' id='word_1_109' title='bbox 487 1676 541 1742; x_wconf 83' lang='grc' dir='ltr'><strong><em>ἐπὶ</em></strong></span> <span class='ocrx_word' id='word_1_110' title='bbox 569 1669 713 1764; x_wconf 86' lang='grc' dir='ltr'><strong><em>θανάτῳ</em></strong></span> <span class='ocrx_word' id='word_1_111' title='bbox 734 1669 943 1762; x_wconf 80' lang='grc' dir='ltr'><strong><em>ἀπάγωνται,</em></strong></span> <span class='ocrx_word' id='word_1_112' title='bbox 966 1667 1048 1742; x_wconf 87' lang='grc' dir='ltr'><strong><em>ούτε</em></strong></span> <span class='ocrx_word' id='word_1_113' title='bbox 1070 1665 1112 1742; x_wconf 75' lang='grc' dir='ltr'><strong><em>ἀν</em></strong></span> <span class='ocrx_word' id='word_1_114' title='bbox 1138 1669 1536 1760; x_wconf 84' lang='grc' dir='ltr'><strong><em>καταγελαστότατοι</em></strong></span> 
     </span>
     <span class='ocr_line' id='line_1_13' title="bbox 234 1769 582 1856; baseline 0.006 -16"><span class='ocrx_word' id='word_1_115' title='bbox 234 1769 318 1841; x_wconf 76' lang='grc' dir='ltr'><strong><em>εἶναι</em></strong></span> <span class='ocrx_word' id='word_1_116' title='bbox 339 1777 552 1856; x_wconf 77' lang='grc' dir='ltr'><strong><em>νομίζωνται.</em></strong></span> <span class='ocrx_word' id='word_1_117' title='bbox 580 1799 582 1806; x_wconf 59' lang='lat'><strong>⁴</strong></span> 
     </span>
     <span class='ocr_line' id='line_1_14' title="bbox 318 1863 1535 1960; baseline 0 -20"><span class='ocrx_word' id='word_1_118' title='bbox 318 1863 411 1956; x_wconf 87' lang='grc' dir='ltr'><strong><em>όροῦν</em></strong></span> <span class='ocrx_word' id='word_1_119' title='bbox 437 1865 469 1940; x_wconf 79' lang='grc' dir='ltr'><strong><em>δ’</em></strong></span> <span class='ocrx_word' id='word_1_120' title='bbox 491 1872 581 1960; x_wconf 77' lang='grc' dir='ltr'><strong><em>οἶμαι</em></strong></span> <span class='ocrx_word' id='word_1_121' title='bbox 608 1866 627 1943; x_wconf 86' lang='grc' dir='ltr'><strong><em>ό</em></strong></span> <span class='ocrx_word' id='word_1_122' title='bbox 649 1869 732 1954; x_wconf 88' lang='grc' dir='ltr'><strong><em>θεὸς</em></strong></span> <span class='ocrx_word' id='word_1_123' title='bbox 756 1877 810 1941; x_wconf 84' lang='grc' dir='ltr'><strong><em>καὶ</em></strong></span> <span class='ocrx_word' id='word_1_124' title='bbox 835 1870 898 1959; x_wconf 82' lang='grc' dir='ltr'><strong><em>τὴν</em></strong></span> <span class='ocrx_word' id='word_1_125' title='bbox 919 1867 1118 1956; x_wconf 79' lang='grc' dir='ltr'><strong><em>ἀλαζονείαν</em></strong></span> <span class='ocrx_word' id='word_1_126' title='bbox 1140 1863 1160 1958; x_wconf 85' lang='grc' dir='ltr'>ἢ</span> <span class='ocrx_word' id='word_1_127' title='bbox 1183 1867 1249 1959; x_wconf 81' lang='grc' dir='ltr'><strong><em>τὴν</em></strong></span> <span class='ocrx_word' id='word_1_128' title='bbox 1268 1867 1356 1957; x_wconf 87' lang='grc' dir='ltr'><strong><em>πρὸς</em></strong></span> <span class='ocrx_word' id='word_1_129' title='bbox 1377 1869 1458 1954; x_wconf 87' lang='grc' dir='ltr'><strong><em>τοῦς</em></strong></span> <span class='ocrx_word' id='word_1_130' title='bbox 1479 1865 1535 1941; x_wconf 85' lang='grc' dir='ltr'><strong><em>άλ-</em></strong></span> 
     </span>
     <span class='ocr_line' id='line_1_15' title="bbox 235 1965 1537 2059; baseline 0.001 -20"><span class='ocrx_word' id='word_1_131' title='bbox 235 1978 315 2050; x_wconf 92' lang='grc' dir='ltr'><strong><em>λους</em></strong></span> <span class='ocrx_word' id='word_1_132' title='bbox 336 1965 526 2058; x_wconf 72' lang='grc' dir='ltr'><strong><em>ὑπεροψίαν</em></strong></span> <span class='ocrx_word' id='word_1_133' title='bbox 548 1977 621 2041; x_wconf 81' lang='grc' dir='ltr'><strong><em>τῶν</em></strong></span> <span class='ocrx_word' id='word_1_134' title='bbox 640 1967 766 2059; x_wconf 87' lang='grc' dir='ltr'><strong><em>μεγάλα</em></strong></span> <span class='ocrx_word' id='word_1_135' title='bbox 787 1977 848 2058; x_wconf 84' lang='grc' dir='ltr'><strong><em>μὲν</em></strong></span> <span class='ocrx_word' id='word_1_136' title='bbox 870 1967 1098 2058; x_wconf 86' lang='grc' dir='ltr'><strong><em>φρονούντων</em></strong></span> <span class='ocrx_word' id='word_1_137' title='bbox 1120 1973 1174 2040; x_wconf 87' lang='grc' dir='ltr'><strong><em>έπὶ</em></strong></span> <span class='ocrx_word' id='word_1_138' title='bbox 1197 1975 1247 2059; x_wconf 81' lang='grc' dir='ltr'><strong><em>τῴ</em></strong></span> <span class='ocrx_word' id='word_1_139' title='bbox 1270 1973 1452 2058; x_wconf 82' lang='grc' dir='ltr'><strong><em>ἐγνωκέναι</em></strong></span> <span class='ocrx_word' id='word_1_140' title='bbox 1474 1967 1537 2041; x_wconf 90' lang='grc' dir='ltr'><strong><em>τόν</em></strong></span> 
     </span>
     <span class='ocr_line' id='line_1_16' title="bbox 185 2065 1582 2160; baseline 0.006 -26"><span class='ocrx_word' id='word_1_141' title='bbox 185 2081 218 2134; x_wconf 83' lang='grc'><strong>15</strong></span> <span class='ocrx_word' id='word_1_142' title='bbox 236 2066 321 2140; x_wconf 87' lang='grc' dir='ltr'><strong><em>θεὸν</em></strong></span> <span class='ocrx_word' id='word_1_143' title='bbox 355 2075 411 2140; x_wconf 85' lang='grc' dir='ltr'><strong><em>καί</em></strong></span> <span class='ocrx_word' id='word_1_144' title='bbox 447 2065 515 2141; x_wconf 85' lang='grc' dir='ltr'><strong><em>ἀπὸ</em></strong></span> <span class='ocrx_word' id='word_1_145' title='bbox 552 2077 757 2158; x_wconf 83' lang='grc' dir='ltr'><strong><em>φιλοσοφίας</em></strong></span> <span class='ocrx_word' id='word_1_146' title='bbox 790 2069 833 2141; x_wconf 86' lang='grc' dir='ltr'><strong><em>τά</em></strong></span> <span class='ocrx_word' id='word_1_147' title='bbox 864 2079 942 2140; x_wconf 84' lang='grc' dir='ltr'><strong><em>θεῖα</em></strong></span> <span class='ocrx_word' id='word_1_148' title='bbox 970 2074 1200 2160; x_wconf 79' lang='grc' dir='ltr'><strong><em>μεμαθηκέναι</em></strong></span> <span class='ocrx_word' id='word_1_149' title='bbox 1229 2076 1472 2157; x_wconf 89' lang='grc' dir='ltr'><strong><em>παραπλησίως</em></strong></span> <span class='ocrx_word' id='word_1_150' title='bbox 1502 2073 1537 2139; x_wconf 83' lang='grc' dir='ltr'><strong><em>δὲ</em></strong></span> <span class='ocrx_word' id='word_1_151' title='bbox 1578 2137 1582 2142; x_wconf 93' lang='grc'><em>,</em></span> 
     </span>
     <span class='ocr_line' id='line_1_17' title="bbox 237 2162 1538 2258; baseline 0.002 -20"><span class='ocrx_word' id='word_1_152' title='bbox 237 2186 324 2250; x_wconf 82' lang='grc' dir='ltr'><strong><em>τοῖς</em></strong></span> <span class='ocrx_word' id='word_1_153' title='bbox 350 2162 717 2254; x_wconf 81' lang='grc' dir='ltr'><strong><em>ἀπαιδευτοτάτοις</em></strong></span> <span class='ocrx_word' id='word_1_154' title='bbox 743 2173 796 2240; x_wconf 81' lang='grc' dir='ltr'><strong><em>ἐπί</em></strong></span> <span class='ocrx_word' id='word_1_155' title='bbox 820 2167 863 2240; x_wconf 80' lang='grc' dir='ltr'><strong><em>τά</em></strong></span> <span class='ocrx_word' id='word_1_156' title='bbox 889 2165 1097 2258; x_wconf 88' lang='grc' dir='ltr'><strong><em>ἀγάλματα</em></strong></span> <span class='ocrx_word' id='word_1_157' title='bbox 1123 2173 1179 2239; x_wconf 85' lang='grc' dir='ltr'><strong><em>καὶ</em></strong></span> <span class='ocrx_word' id='word_1_158' title='bbox 1201 2167 1282 2251; x_wconf 86' lang='grc' dir='ltr'><strong><em>τοῦς</em></strong></span> <span class='ocrx_word' id='word_1_159' title='bbox 1304 2168 1401 2250; x_wconf 76' lang='grc' dir='ltr'><strong><em>νεὼς</em></strong></span> <span class='ocrx_word' id='word_1_160' title='bbox 1422 2163 1538 2240; x_wconf 83' lang='grc' dir='ltr'><strong><em>αῦτιῦν</em></strong></span> 
     </span>
     <span class='ocr_line' id='line_1_18' title="bbox 235 2263 1539 2358; baseline 0.001 -21"><span class='ocrx_word' id='word_1_161' title='bbox 235 2274 290 2338; x_wconf 88' lang='grc' dir='ltr'><strong><em>καί</em></strong></span> <span class='ocrx_word' id='word_1_162' title='bbox 319 2267 363 2339; x_wconf 82' lang='grc' dir='ltr'><strong><em>τὰ</em></strong></span> <span class='ocrx_word' id='word_1_163' title='bbox 389 2266 604 2357; x_wconf 82' lang='grc' dir='ltr'><strong><em>θρυλούμενα</em></strong></span> <span class='ocrx_word' id='word_1_164' title='bbox 629 2265 827 2358; x_wconf 81' lang='grc' dir='ltr'><strong><em>μυστήρια</em></strong></span> <span class='ocrx_word' id='word_1_165' title='bbox 849 2263 1007 2356; x_wconf 85' lang='grc' dir='ltr'><strong><em>ἀγόντων</em></strong></span> <span class='ocrx_word' id='word_1_166' title='bbox 1032 2271 1248 2354; x_wconf 77' lang='grc' dir='ltr'><strong><em>,,ἑξελέξατο“</em></strong></span> <span class='ocrx_word' id='word_1_167' title='bbox 1270 2265 1334 2352; x_wconf 74' lang='grc' dir='ltr'><strong><em>,πά</em></strong></span> <span class='ocrx_word' id='word_1_168' title='bbox 1357 2267 1454 2356; x_wconf 86' lang='grc' dir='ltr'><strong><em>μωρὰ</em></strong></span> <span class='ocrx_word' id='word_1_169' title='bbox 1476 2274 1539 2340; x_wconf 89' lang='grc' dir='ltr'><strong><em>τοῦ</em></strong></span> 
     </span>
     <span class='ocr_line' id='line_1_19' title="bbox 235 2361 1538 2456; baseline 0.002 -20"><span class='ocrx_word' id='word_1_170' title='bbox 235 2363 392 2456; x_wconf 81' lang='grc' dir='ltr'><strong><em>κόσμου,“</em></strong></span> <span class='ocrx_word' id='word_1_171' title='bbox 415 2366 496 2450; x_wconf 88' lang='grc' dir='ltr'><strong><em>τοῦς</em></strong></span> <span class='ocrx_word' id='word_1_172' title='bbox 517 2371 554 2438; x_wconf 87' lang='grc' dir='ltr'><strong><em>έν</em></strong></span> <span class='ocrx_word' id='word_1_173' title='bbox 576 2373 794 2456; x_wconf 85' lang='grc' dir='ltr'><strong><em>Χριστιανοίς</em></strong></span> <span class='ocrx_word' id='word_1_174' title='bbox 816 2361 1073 2450; x_wconf 73' lang='grc' dir='ltr'><strong><em>ἁπλουστάτους</em></strong></span> <span class='ocrx_word' id='word_1_175' title='bbox 1093 2374 1149 2438; x_wconf 85' lang='grc' dir='ltr'><strong><em>καί</em></strong></span> <span class='ocrx_word' id='word_1_176' title='bbox 1170 2373 1313 2438; x_wconf 83' lang='grc' dir='ltr'><strong><em>πολλῶν</em></strong></span> <span class='ocrx_word' id='word_1_177' title='bbox 1335 2364 1538 2454; x_wconf 90' lang='grc' dir='ltr'><strong><em>φιλοσόφων</em></strong></span> 
     </span>
     <span class='ocr_line' id='line_1_20' title="bbox 236 2464 1538 2558; baseline 0.001 -21"><span class='ocrx_word' id='word_1_178' title='bbox 236 2466 465 2556; x_wconf 80' lang='grc' dir='ltr'><strong><em>μετριώτερον</em></strong></span> <span class='ocrx_word' id='word_1_179' title='bbox 499 2473 556 2536; x_wconf 87' lang='grc' dir='ltr'><strong><em>καί</em></strong></span> <span class='ocrx_word' id='word_1_180' title='bbox 590 2467 883 2558; x_wconf 80' lang='grc' dir='ltr'><strong><em>καθαρώτερον</em></strong></span> <span class='ocrx_word' id='word_1_181' title='bbox 917 2473 1090 2551; x_wconf 80' lang='grc' dir='ltr'><strong><em>βιοῦντας,</em></strong></span> <span class='ocrx_word' id='word_1_182' title='bbox 1127 2469 1203 2550; x_wconf 84' lang='grc' dir='ltr'><strong><em>,,ίνα</em></strong></span> <span class='ocrx_word' id='word_1_183' title='bbox 1227 2464 1431 2554; x_wconf 80' lang='grc' dir='ltr'><strong><em>καταισχύνῃ</em></strong></span> <span class='ocrx_word' id='word_1_184' title='bbox 1457 2465 1538 2549; x_wconf 84' lang='grc' dir='ltr'><strong><em>τοῦς</em></strong></span> 
     </span>
     <span class='ocr_line' id='line_1_21' title="bbox 185 2562 1539 2658; baseline 0.002 -22"><span class='ocrx_word' id='word_1_185' title='bbox 185 2575 220 2630; x_wconf 84' lang='grc'><strong><em>20</em></strong></span> <span class='ocrx_word' id='word_1_186' title='bbox 237 2565 399 2654; x_wconf 79' lang='grc' dir='ltr'><strong><em>σοφοῦς,“</em></strong></span> <span class='ocrx_word' id='word_1_187' title='bbox 421 2565 483 2639; x_wconf 88' lang='grc' dir='ltr'><strong><em>ούκ</em></strong></span> <span class='ocrx_word' id='word_1_188' title='bbox 506 2573 722 2658; x_wconf 78' lang='grc' dir='ltr'><strong><em>αἰδουμένους</em></strong></span> <span class='ocrx_word' id='word_1_189' title='bbox 748 2570 785 2638; x_wconf 86' lang='grc' dir='ltr'><strong><em>έν</em></strong></span> <span class='ocrx_word' id='word_1_190' title='bbox 807 2574 857 2658; x_wconf 81' lang='grc' dir='ltr'><strong><em>τῷ</em></strong></span> <span class='ocrx_word' id='word_1_191' title='bbox 879 2585 952 2650; x_wconf 76' lang='grc' dir='ltr'><strong><em>τοῖς</em></strong></span> <span class='ocrx_word' id='word_1_192' title='bbox 973 2562 1115 2654; x_wconf 83' lang='grc' dir='ltr'><strong><em>ἀψύχοις</em></strong></span> <span class='ocrx_word' id='word_1_193' title='bbox 1135 2574 1352 2656; x_wconf 82' lang='grc' dir='ltr'><strong><em>προσομιλεῖν</em></strong></span> <span class='ocrx_word' id='word_1_194' title='bbox 1375 2563 1423 2650; x_wconf 78' lang='grc' dir='ltr'><strong><em>ῦς</em></strong></span> <span class='ocrx_word' id='word_1_195' title='bbox 1443 2575 1539 2651; x_wconf 75' lang='grc' dir='ltr'><strong><em>θεοῖς</em></strong></span> 
     </span>
     <span class='ocr_line' id='line_1_22' title="bbox 235 2660 528 2754; baseline 0.003 -18"><span class='ocrx_word' id='word_1_196' title='bbox 235 2660 256 2754; x_wconf 80' lang='grc' dir='ltr'><em>ἢ</em></span> <span class='ocrx_word' id='word_1_197' title='bbox 278 2673 373 2738; x_wconf 81' lang='grc' dir='ltr'><strong><em>θεῶν</em></strong></span> <span class='ocrx_word' id='word_1_198' title='bbox 395 2665 528 2741; x_wconf 83' lang='grc' dir='ltr'><strong><em>εἰκόσιν.</em></strong></span> 
     </span>
     <span class='ocr_line' id='line_1_23' title="bbox 320 2761 1539 2856; baseline -0.001 -19"><span class='ocrx_word' id='word_1_199' title='bbox 320 2773 371 2849; x_wconf 89' lang='grc' dir='ltr'><strong><em>τίς</em></strong></span> <span class='ocrx_word' id='word_1_200' title='bbox 392 2765 455 2856; x_wconf 82' lang='grc' dir='ltr'><strong><em>γάρ</em></strong></span> <span class='ocrx_word' id='word_1_201' title='bbox 478 2774 561 2839; x_wconf 85' lang='grc' dir='ltr'><strong><em>νοῦν</em></strong></span> <span class='ocrx_word' id='word_1_202' title='bbox 583 2769 671 2855; x_wconf 80' lang='grc' dir='ltr'><strong><em>ἔχων</em></strong></span> <span class='ocrx_word' id='word_1_203' title='bbox 693 2761 734 2838; x_wconf 88' lang='grc' dir='ltr'><strong><em>ού</em></strong></span> <span class='ocrx_word' id='word_1_204' title='bbox 755 2762 1017 2854; x_wconf 86' lang='grc' dir='ltr'><strong><em>καταγελάσεται</em></strong></span> <span class='ocrx_word' id='word_1_205' title='bbox 1040 2772 1107 2838; x_wconf 91' lang='grc' dir='ltr'><strong><em>τοῦ</em></strong></span> <span class='ocrx_word' id='word_1_206' title='bbox 1123 2764 1207 2854; x_wconf 82' lang='grc' dir='ltr'><strong><em>μετὰ</em></strong></span> <span class='ocrx_word' id='word_1_207' title='bbox 1223 2765 1302 2849; x_wconf 86' lang='grc' dir='ltr'><strong><em>τοῦς</em></strong></span> <span class='ocrx_word' id='word_1_208' title='bbox 1317 2764 1539 2856; x_wconf 90' lang='grc' dir='ltr'><strong><em>τηλικούτους</em></strong></span> 
     </span>
     <span class='ocr_line' id='line_1_24' title="bbox 236 2859 1540 2957; baseline 0.003 -25"><span class='ocrx_word' id='word_1_209' title='bbox 236 2872 292 2936; x_wconf 86' lang='grc' dir='ltr'><strong><em>καὶ</em></strong></span> <span class='ocrx_word' id='word_1_210' title='bbox 322 2863 508 2950; x_wconf 89' lang='grc' dir='ltr'><strong><em>τοσούτους</em></strong></span> <span class='ocrx_word' id='word_1_211' title='bbox 537 2871 575 2938; x_wconf 87' lang='grc' dir='ltr'><strong><em>έν</em></strong></span> <span class='ocrx_word' id='word_1_212' title='bbox 606 2873 791 2957; x_wconf 82' lang='grc' dir='ltr'><strong><em>φιλοσοφίᾳ</em></strong></span> <span class='ocrx_word' id='word_1_213' title='bbox 821 2871 897 2952; x_wconf 91' lang='grc' dir='ltr'><strong><em>περὶ</em></strong></span> <span class='ocrx_word' id='word_1_214' title='bbox 927 2871 1012 2936; x_wconf 81' lang='grc' dir='ltr'><strong><em>θεοῦ</em></strong></span> <span class='ocrx_word' id='word_1_215' title='bbox 1037 2859 1058 2953; x_wconf 80' lang='grc' dir='ltr'><em>ἢ</em></span> <span class='ocrx_word' id='word_1_216' title='bbox 1085 2871 1180 2937; x_wconf 80' lang='grc' dir='ltr'><strong><em>θεῶν</em></strong></span> <span class='ocrx_word' id='word_1_217' title='bbox 1205 2861 1325 2954; x_wconf 91' lang='grc' dir='ltr'><strong><em>λόγους</em></strong></span> <span class='ocrx_word' id='word_1_218' title='bbox 1347 2870 1540 2954; x_wconf 81' lang='grc' dir='ltr'><strong><em>ένορῶντος</em></strong></span> 
     </span>
     <span class='ocr_line' id='line_1_25' title="bbox 238 2959 1539 3055; baseline 0 -19"><span class='ocrx_word' id='word_1_219' title='bbox 238 2983 311 3048; x_wconf 75' lang='grc' dir='ltr'><strong><em>τοῖς</em></strong></span> <span class='ocrx_word' id='word_1_220' title='bbox 341 2961 560 3055; x_wconf 87' lang='grc' dir='ltr'><strong><em>ἀγάλμασιν</em></strong></span> <span class='ocrx_word' id='word_1_221' title='bbox 590 2971 646 3036; x_wconf 84' lang='grc' dir='ltr'><strong><em>καὶ</em></strong></span> <span class='ocrx_word' id='word_1_222' title='bbox 676 2960 755 3054; x_wconf 84' lang='grc' dir='ltr'><strong><em>ἤτοι</em></strong></span> <span class='ocrx_word' id='word_1_223' title='bbox 787 2961 901 3048; x_wconf 83' lang='grc' dir='ltr'><strong><em>αύτοῑς</em></strong></span> <span class='ocrx_word' id='word_1_224' title='bbox 931 2961 1193 3054; x_wconf 85' lang='grc' dir='ltr'><strong><em>ἀναπέμποντος</em></strong></span> <span class='ocrx_word' id='word_1_225' title='bbox 1220 2963 1284 3053; x_wconf 86' lang='grc' dir='ltr'><strong><em>τὴν</em></strong></span> <span class='ocrx_word' id='word_1_226' title='bbox 1311 2961 1410 3055; x_wconf 87' lang='grc' dir='ltr'><strong><em>εύχὴν</em></strong></span> <span class='ocrx_word' id='word_1_227' title='bbox 1436 2959 1457 3054; x_wconf 83' lang='grc' dir='ltr'>ἢ</span> <span class='ocrx_word' id='word_1_228' title='bbox 1484 2964 1539 3036; x_wconf 82' lang='grc' dir='ltr'><strong><em>διά</em></strong></span> 
     </span>
     <span class='ocr_line' id='line_1_26' title="bbox 187 3059 1540 3154; baseline 0.001 -19"><span class='ocrx_word' id='word_1_229' title='bbox 187 3079 220 3135; x_wconf 79' lang='lat'><strong><em>25</em></strong></span> <span class='ocrx_word' id='word_1_230' title='bbox 238 3070 299 3154; x_wconf 80' lang='grc' dir='ltr'><strong><em>τῆς</em></strong></span> <span class='ocrx_word' id='word_1_231' title='bbox 321 3063 458 3137; x_wconf 91' lang='grc' dir='ltr'><strong><em>τούτων</em></strong></span> <span class='ocrx_word' id='word_1_232' title='bbox 485 3062 595 3153; x_wconf 86' lang='grc' dir='ltr'><strong><em>ὄψεως</em></strong></span> <span class='ocrx_word' id='word_1_233' title='bbox 622 3059 674 3151; x_wconf 82' lang='grc' dir='ltr'><strong><em>ἐφ’</em></strong></span> <span class='ocrx_word' id='word_1_234' title='bbox 698 3059 738 3135; x_wconf 81' lang='grc' dir='ltr'><strong><em>όν</em></strong></span> <span class='ocrx_word' id='word_1_235' title='bbox 760 3061 968 3152; x_wconf 77' lang='grc' dir='ltr'><strong><em>φαντάζεται</em></strong></span> <span class='ocrx_word' id='word_1_236' title='bbox 989 3070 1059 3135; x_wconf 79' lang='grc' dir='ltr'><strong><em>δεῖν</em></strong></span> <span class='ocrx_word' id='word_1_237' title='bbox 1080 3059 1273 3148; x_wconf 83' lang='grc' dir='ltr'><strong><em>ἀναβαίνειν</em></strong></span> <span class='ocrx_word' id='word_1_238' title='bbox 1294 3060 1362 3135; x_wconf 87' lang='grc' dir='ltr'><strong><em>ἀπὸ</em></strong></span> <span class='ocrx_word' id='word_1_239' title='bbox 1385 3071 1449 3136; x_wconf 91' lang='grc' dir='ltr'><strong><em>τοῦ</em></strong></span> <span class='ocrx_word' id='word_1_240' title='bbox 1469 3073 1540 3149; x_wconf 84' lang='grc' dir='ltr'><strong><em>βλε-</em></strong></span> 
     </span>
     <span class='ocr_line' id='line_1_27' title="bbox 238 3158 1543 3254; baseline 0 -20"><span class='ocrx_word' id='word_1_241' title='bbox 238 3169 390 3252; x_wconf 89' lang='grc' dir='ltr'><strong><em>πομένου</em></strong></span> <span class='ocrx_word' id='word_1_242' title='bbox 418 3171 473 3234; x_wconf 86' lang='grc' dir='ltr'><strong><em>καί</em></strong></span> <span class='ocrx_word' id='word_1_243' title='bbox 507 3160 675 3253; x_wconf 82' lang='grc' dir='ltr'><strong><em>συμβόλου</em></strong></span> <span class='ocrx_word' id='word_1_244' title='bbox 708 3158 810 3246; x_wconf 85' lang='grc' dir='ltr'><strong><em>ὄντος</em></strong></span> <span class='ocrx_word' id='word_1_245' title='bbox 840 3160 1074 3252; x_wconf 89' lang='grc' dir='ltr'><strong><em>ἀναφέροντός</em></strong></span> <span class='ocrx_word' id='word_1_246' title='bbox 1104 3191 1140 3254; x_wconf 91' lang='grc' dir='ltr'><strong><em>γε</em></strong></span> <span class='ocrx_word' id='word_1_247' title='bbox 1169 3167 1224 3234; x_wconf 84' lang='grc' dir='ltr'><strong><em>έπί</em></strong></span> <span class='ocrx_word' id='word_1_248' title='bbox 1255 3161 1319 3234; x_wconf 88' lang='grc' dir='ltr'><strong><em>τόν</em></strong></span> <span class='ocrx_word' id='word_1_249' title='bbox 1344 3162 1543 3253; x_wconf 89' lang='grc' dir='ltr'><strong><em>νοούμενον,Ι</em></strong></span> 
     </span>
     <span class='ocr_line' id='line_1_28' title="bbox 241 3257 1544 3354; baseline 0.001 -22"><span class='ocrx_word' id='word_1_250' title='bbox 241 3261 445 3352; x_wconf 84' lang='grc' dir='ltr'><strong><em>Χριστιανός</em></strong></span> <span class='ocrx_word' id='word_1_251' title='bbox 463 3269 499 3334; x_wconf 82' lang='grc' dir='ltr'><strong><em>δὲ</em></strong></span> <span class='ocrx_word' id='word_1_252' title='bbox 520 3269 576 3333; x_wconf 88' lang='grc' dir='ltr'><strong><em>καί</em></strong></span> <span class='ocrx_word' id='word_1_253' title='bbox 598 3257 617 3334; x_wconf 89' lang='grc' dir='ltr'><strong><em>ό</em></strong></span> <span class='ocrx_word' id='word_1_254' title='bbox 640 3262 777 3352; x_wconf 78' lang='grc' dir='ltr'><strong><em>ἰδιώτης</em></strong></span> <span class='ocrx_word' id='word_1_255' title='bbox 799 3260 913 3335; x_wconf 87' lang='grc' dir='ltr'><strong><em>πάντα</em></strong></span> <span class='ocrx_word' id='word_1_256' title='bbox 932 3270 994 3352; x_wconf 77' lang='grc' dir='ltr'><strong><em>μὲν</em></strong></span> <span class='ocrx_word' id='word_1_257' title='bbox 1012 3261 1124 3336; x_wconf 89' lang='grc' dir='ltr'><strong><em>τόπον</em></strong></span> <span class='ocrx_word' id='word_1_258' title='bbox 1147 3269 1211 3335; x_wconf 90' lang='grc' dir='ltr'><strong><em>τοῦ</em></strong></span> <span class='ocrx_word' id='word_1_259' title='bbox 1226 3261 1354 3354; x_wconf 87' lang='grc' dir='ltr'><strong><em>κόσμου</em></strong></span> <span class='ocrx_word' id='word_1_260' title='bbox 1367 3268 1544 3334; x_wconf 86' lang='grc' dir='ltr'><strong><em>πέπεισται</em></strong></span> 
     </span>
     <span class='ocr_line' id='line_1_29' title="bbox 240 3355 1545 3452; baseline 0.002 -20"><span class='ocrx_word' id='word_1_261' title='bbox 240 3364 324 3434; x_wconf 83' lang='grc' dir='ltr'><strong><em>εἰναι</em></strong></span> <span class='ocrx_word' id='word_1_262' title='bbox 344 3370 444 3450; x_wconf 89' lang='grc' dir='ltr'><strong><em>μέρος</em></strong></span> <span class='ocrx_word' id='word_1_263' title='bbox 465 3367 529 3434; x_wconf 92' lang='grc' dir='ltr'><strong><em>τοῦ</em></strong></span> <span class='ocrx_word' id='word_1_264' title='bbox 551 3355 643 3446; x_wconf 79' lang='grc' dir='ltr'><strong><em>όλου,</em></strong></span> <span class='ocrx_word' id='word_1_265' title='bbox 666 3367 751 3432; x_wconf 90' lang='grc' dir='ltr'><strong><em>ναοῦ</em></strong></span> <span class='ocrx_word' id='word_1_266' title='bbox 773 3368 836 3433; x_wconf 93' lang='grc' dir='ltr'><strong><em>τοῦ</em></strong></span> <span class='ocrx_word' id='word_1_267' title='bbox 857 3368 945 3433; x_wconf 87' lang='grc' dir='ltr'><strong><em>θεοῦ</em></strong></span> <span class='ocrx_word' id='word_1_268' title='bbox 968 3357 1070 3446; x_wconf 86' lang='grc' dir='ltr'><strong><em>ὄντος</em></strong></span> <span class='ocrx_word' id='word_1_269' title='bbox 1092 3369 1156 3435; x_wconf 92' lang='grc' dir='ltr'><strong><em>τοῦ</em></strong></span> <span class='ocrx_word' id='word_1_270' title='bbox 1176 3361 1308 3446; x_wconf 88' lang='grc' dir='ltr'><strong><em>παντὸς</em></strong></span> <span class='ocrx_word' id='word_1_271' title='bbox 1326 3362 1465 3452; x_wconf 87' lang='grc' dir='ltr'><strong><em>κόσμου·</em></strong></span> <span class='ocrx_word' id='word_1_272' title='bbox 1487 3366 1545 3448; x_wconf 73' lang='grc' dir='ltr'><strong><em>ηέν</em></strong></span> 
     </span>
     <span class='ocr_line' id='line_1_30' title="bbox 239 3455 1546 3553; baseline -0.001 -19"><span class='ocrx_word' id='word_1_273' title='bbox 239 3467 363 3534; x_wconf 46' lang='grc' dir='ltr'><strong><em>παντίίί</em></strong></span> <span class='ocrx_word' id='word_1_274' title='bbox 378 3467 414 3534; x_wconf 81' lang='grc' dir='ltr'><strong><em>δὲ</em></strong></span> <span class='ocrx_word' id='word_1_275' title='bbox 429 3461 572 3551; x_wconf 75' lang='grc' dir='ltr'><strong><em>,,τόπῳ“</em></strong></span> <span class='ocrx_word' id='word_1_276' title='bbox 587 3457 774 3550; x_wconf 88' lang='grc' dir='ltr'><strong><em>εύγόμενος,</em></strong></span> <span class='ocrx_word' id='word_1_277' title='bbox 789 3459 913 3549; x_wconf 87' lang='grc' dir='ltr'><strong><em>μύσας</em></strong></span> <span class='ocrx_word' id='word_1_278' title='bbox 928 3461 1010 3546; x_wconf 88' lang='grc' dir='ltr'><strong><em>τούς</em></strong></span> <span class='ocrx_word' id='word_1_279' title='bbox 1025 3468 1086 3552; x_wconf 83' lang='grc' dir='ltr'><strong><em>τῆς</em></strong></span> <span class='ocrx_word' id='word_1_280' title='bbox 1101 3460 1329 3553; x_wconf 80' lang='grc' dir='ltr'><strong><em>αἰσθήσεως</em></strong></span> <span class='ocrx_word' id='word_1_281' title='bbox 1344 3455 1546 3551; x_wconf 82' lang='grc' dir='ltr'><strong><em>ὀφθαλμούς</em></strong></span> 
     </span>
    </p>
   </div>
   <div class='ocr_carea' id='block_1_3' title="bbox 240 3664 1547 3906">
    <p class='ocr_par' dir='ltr' id='par_1_3' title="bbox 240 3664 1547 3906">
     <span class='ocr_line' id='line_1_31' title="bbox 324 3664 1546 3735; baseline -0.001 -14"><span class='ocrx_word' id='word_1_282' title='bbox 324 3665 343 3721; x_wconf 82' lang='grc'>8</span> <span class='ocrx_word' id='word_1_283' title='bbox 361 3665 423 3735; x_wconf 81' lang='lat' dir='ltr'><strong>Vgl.</strong></span> <span class='ocrx_word' id='word_1_284' title='bbox 436 3665 506 3720; x_wconf 81' lang='lat' dir='ltr'>oben</span> <span class='ocrx_word' id='word_1_285' title='bbox 518 3664 544 3719; x_wconf 91' lang='lat' dir='ltr'>V</span> <span class='ocrx_word' id='word_1_286' title='bbox 556 3665 597 3732; x_wconf 85' lang='lat'><strong><em>52,</em></strong></span> <span class='ocrx_word' id='word_1_287' title='bbox 610 3664 635 3719; x_wconf 87' lang='lat' dir='ltr'><strong><em>S.</em></strong></span> <span class='ocrx_word' id='word_1_288' title='bbox 647 3665 681 3720; x_wconf 80' lang='grc'><strong><em>56</em></strong></span> <span class='ocrx_word' id='word_1_289' title='bbox 693 3665 720 3719; x_wconf 85' lang='lat' dir='ltr'><strong><em>Z.</em></strong></span> <span class='ocrx_word' id='word_1_290' title='bbox 732 3665 774 3722; x_wconf 86' lang='lat'><strong><em>20.</em></strong></span> <span class='ocrx_word' id='word_1_291' title='bbox 791 3695 825 3706; x_wconf 90' lang='lat'><em>-</em></span> <span class='ocrx_word' id='word_1_292' title='bbox 844 3666 880 3722; x_wconf 94' lang='grc'><strong><em>11</em></strong></span> <span class='ocrx_word' id='word_1_293' title='bbox 900 3665 963 3735; x_wconf 84' lang='lat' dir='ltr'><strong>Vgl.</strong></span> <span class='ocrx_word' id='word_1_294' title='bbox 982 3665 1052 3721; x_wconf 86' lang='lat' dir='ltr'>oben</span> <span class='ocrx_word' id='word_1_295' title='bbox 1064 3666 1116 3720; x_wconf 88' lang='lat' dir='ltr'><strong><em>VII</em></strong></span> <span class='ocrx_word' id='word_1_296' title='bbox 1128 3667 1169 3729; x_wconf 87' lang='grc'><strong><em>36,</em></strong></span> <span class='ocrx_word' id='word_1_297' title='bbox 1188 3665 1213 3720; x_wconf 84' lang='lat' dir='ltr'><strong><em>S.</em></strong></span> <span class='ocrx_word' id='word_1_298' title='bbox 1227 3666 1276 3721; x_wconf 88' lang='grc'><strong><em>186</em></strong></span> <span class='ocrx_word' id='word_1_299' title='bbox 1293 3664 1319 3719; x_wconf 86' lang='grc' dir='ltr'><strong><em>Ζ.</em></strong></span> <span class='ocrx_word' id='word_1_300' title='bbox 1331 3665 1373 3720; x_wconf 85' lang='grc'><strong><em>26.</em></strong></span> <span class='ocrx_word' id='word_1_301' title='bbox 1385 3695 1418 3705; x_wconf 96' lang='grc'>-</span> <span class='ocrx_word' id='word_1_302' title='bbox 1431 3665 1469 3720; x_wconf 91' lang='grc'><strong><em>16</em></strong></span> <span class='ocrx_word' id='word_1_303' title='bbox 1481 3665 1546 3735; x_wconf 81' lang='lat' dir='ltr'><strong>Vgl.</strong></span> 
     </span>
     <span class='ocr_line' id='line_1_32' title="bbox 240 3748 1547 3820; baseline 0.001 -15"><span class='ocrx_word' id='word_1_304' title='bbox 240 3751 311 3806; x_wconf 80' lang='lat' dir='ltr'>oben</span> <span class='ocrx_word' id='word_1_305' title='bbox 322 3749 361 3804; x_wconf 88' lang='lat' dir='ltr'><strong><em>VI</em></strong></span> <span class='ocrx_word' id='word_1_306' title='bbox 376 3751 415 3813; x_wconf 86' lang='lat'><strong><em>13,</em></strong></span> <span class='ocrx_word' id='word_1_307' title='bbox 428 3749 453 3806; x_wconf 83' lang='lat' dir='ltr'><strong><em>S.</em></strong></span> <span class='ocrx_word' id='word_1_308' title='bbox 465 3751 499 3806; x_wconf 90' lang='grc'><strong><em>84</em></strong></span> <span class='ocrx_word' id='word_1_309' title='bbox 511 3751 537 3804; x_wconf 88' lang='lat' dir='ltr'><strong><em>Z.</em></strong></span> <span class='ocrx_word' id='word_1_310' title='bbox 549 3749 573 3806; x_wconf 88' lang='lat'><strong><em>6.</em></strong></span> <span class='ocrx_word' id='word_1_311' title='bbox 587 3780 619 3789; x_wconf 97' lang='lat'><em>-</em></span> <span class='ocrx_word' id='word_1_312' title='bbox 632 3748 694 3818; x_wconf 80' lang='lat' dir='ltr'><strong>Vgl.</strong></span> <span class='ocrx_word' id='word_1_313' title='bbox 704 3751 791 3805; x_wconf 80' lang='lat' dir='ltr'>un1en</span> <span class='ocrx_word' id='word_1_314' title='bbox 800 3749 852 3804; x_wconf 90' lang='lat' dir='ltr'><strong><em>VII</em></strong></span> <span class='ocrx_word' id='word_1_315' title='bbox 861 3752 895 3808; x_wconf 91' lang='grc'><strong><em>62</em></strong></span> <span class='ocrx_word' id='word_1_316' title='bbox 903 3753 966 3805; x_wconf 55' lang='grc' dir='ltr'><strong><em>τὰ</em></strong></span> <span class='ocrx_word' id='word_1_317' title='bbox 976 3751 1056 3808; x_wconf 80' lang='lat'><strong><em>-11</em></strong></span> <span class='ocrx_word' id='word_1_318' title='bbox 1071 3750 1134 3820; x_wconf 81' lang='lat' dir='ltr'><strong>Vgl.</strong></span> <span class='ocrx_word' id='word_1_319' title='bbox 1144 3749 1214 3804; x_wconf 80' lang='lat' dir='ltr'><strong>oben</strong></span> <span class='ocrx_word' id='word_1_320' title='bbox 1227 3749 1318 3819; x_wconf 76' lang='grc'><strong>11142,</strong></span> <span class='ocrx_word' id='word_1_321' title='bbox 1331 3749 1357 3804; x_wconf 80' lang='lat' dir='ltr'><strong><em>S.</em></strong></span> <span class='ocrx_word' id='word_1_322' title='bbox 1368 3751 1417 3804; x_wconf 91' lang='lat'><strong><em>111</em></strong></span> <span class='ocrx_word' id='word_1_323' title='bbox 1427 3749 1453 3804; x_wconf 87' lang='lat' dir='ltr'><strong><em>Z.</em></strong></span> <span class='ocrx_word' id='word_1_324' title='bbox 1463 3751 1505 3806; x_wconf 86' lang='lat'><strong><em>21.</em></strong></span> <span class='ocrx_word' id='word_1_325' title='bbox 1514 3779 1547 3790; x_wconf 88' lang='lat'>-</span> 
     </span>
     <span class='ocr_line' id='line_1_33' title="bbox 241 3833 1511 3906; baseline 0.002 -18"><span class='ocrx_word' id='word_1_326' title='bbox 241 3834 304 3906; x_wconf 78' lang='lat' dir='ltr'><strong>Vgl.</strong></span> <span class='ocrx_word' id='word_1_327' title='bbox 317 3837 329 3890; x_wconf 96' lang='lat' dir='ltr'>I</span> <span class='ocrx_word' id='word_1_328' title='bbox 341 3834 404 3890; x_wconf 85' lang='lat' dir='ltr'>Kor.</span> <span class='ocrx_word' id='word_1_329' title='bbox 418 3837 441 3902; x_wconf 90' lang='lat'><strong><em>1,</em></strong></span> <span class='ocrx_word' id='word_1_330' title='bbox 455 3836 495 3891; x_wconf 82' lang='lat'><strong><em>27.</em></strong></span> <span class='ocrx_word' id='word_1_331' title='bbox 510 3867 543 3876; x_wconf 90' lang='lat'><em>-</em></span> <span class='ocrx_word' id='word_1_332' title='bbox 558 3835 597 3891; x_wconf 81' lang='grc'><strong><em>26</em></strong></span> <span class='ocrx_word' id='word_1_333' title='bbox 615 3833 678 3904; x_wconf 79' lang='lat' dir='ltr'>vgl.</span> <span class='ocrx_word' id='word_1_334' title='bbox 691 3835 704 3887; x_wconf 95' lang='lat' dir='ltr'>I</span> <span class='ocrx_word' id='word_1_335' title='bbox 717 3834 787 3888; x_wconf 87' lang='lat' dir='ltr'><strong>Tim.</strong></span> <span class='ocrx_word' id='word_1_336' title='bbox 802 3835 826 3898; x_wconf 85' lang='lat'><strong><em>2.</em></strong></span> <span class='ocrx_word' id='word_1_337' title='bbox 839 3836 864 3891; x_wconf 84' lang='lat'><strong><em>8.</em></strong></span> <span class='ocrx_word' id='word_1_338' title='bbox 880 3865 914 3876; x_wconf 89' lang='lat'>-</span> <span class='ocrx_word' id='word_1_339' title='bbox 927 3835 966 3890; x_wconf 78' lang='grc'><strong>211</strong></span> <span class='ocrx_word' id='word_1_340' title='bbox 985 3833 1048 3905; x_wconf 79' lang='lat' dir='ltr'>Vgl.</span> <span class='ocrx_word' id='word_1_341' title='bbox 1060 3835 1132 3889; x_wconf 81' lang='lat' dir='ltr'>oben</span> <span class='ocrx_word' id='word_1_342' title='bbox 1144 3833 1196 3889; x_wconf 85' lang='lat' dir='ltr'><strong><em>VII</em></strong></span> <span class='ocrx_word' id='word_1_343' title='bbox 1209 3836 1250 3900; x_wconf 78' lang='lat'><strong><em>36,</em></strong></span> <span class='ocrx_word' id='word_1_344' title='bbox 1263 3833 1289 3891; x_wconf 82' lang='lat' dir='ltr'><strong><em>S.</em></strong></span> <span class='ocrx_word' id='word_1_345' title='bbox 1302 3833 1351 3890; x_wconf 82' lang='lat'><strong><em>186</em></strong></span> <span class='ocrx_word' id='word_1_346' title='bbox 1363 3835 1392 3888; x_wconf 87' lang='lat' dir='ltr'><strong><em>Z.</em></strong></span> <span class='ocrx_word' id='word_1_347' title='bbox 1405 3835 1511 3892; x_wconf 82' lang='lat'>18-20.</span> 
     </span>
    </p>
   </div>
   <div class='ocr_carea' id='block_1_4' title="bbox 242 4001 1552 4823">
    <p class='ocr_par' dir='ltr' id='par_1_4' title="bbox 242 4001 1552 4759">
     <span class='ocr_line' id='line_1_34' title="bbox 326 4001 1548 4082; baseline -0.002 -16"><span class='ocrx_word' id='word_1_348' title='bbox 326 4011 343 4066; x_wconf 93' lang='grc'>2</span> <span class='ocrx_word' id='word_1_349' title='bbox 364 4009 578 4082; x_wconf 78' lang='grc' dir='ltr'><strong><em>γιγνώσκεσθαι</em></strong></span> <span class='ocrx_word' id='word_1_350' title='bbox 600 4012 735 4080; x_wconf 73' lang='lat' dir='ltr'><strong>AAusgg.</strong></span> <span class='ocrx_word' id='word_1_351' title='bbox 758 4011 763 4078; x_wconf 84' lang='lat' dir='ltr'>l</span> <span class='ocrx_word' id='word_1_352' title='bbox 786 4010 801 4065; x_wconf 80' lang='grc'><strong>7</strong></span> <span class='ocrx_word' id='word_1_353' title='bbox 827 4013 880 4066; x_wconf 83' lang='grc' dir='ltr'><strong><em>τοῦ</em></strong></span> <span class='ocrx_word' id='word_1_354' title='bbox 904 4009 1005 4080; x_wconf 73' lang='lat' dir='ltr'>(hinter</span> <span class='ocrx_word' id='word_1_355' title='bbox 1021 4004 1195 4081; x_wconf 84' lang='grc' dir='ltr'><strong><em>προγνώσει)</em></strong></span> <span class='ocrx_word' id='word_1_356' title='bbox 1213 4019 1246 4069; x_wconf 96' lang='grc'>&lt;</span> <span class='ocrx_word' id='word_1_357' title='bbox 1264 4009 1400 4079; x_wconf 74' lang='grc' dir='ltr'><strong><em>ΜΔσεςς.</em></strong></span> <span class='ocrx_word' id='word_1_358' title='bbox 1426 4013 1430 4079; x_wconf 94' lang='grc' dir='ltr'>Ι</span> <span class='ocrx_word' id='word_1_359' title='bbox 1454 4010 1473 4066; x_wconf 79' lang='grc' dir='ltr'><strong><em>θ</em></strong></span> <span class='ocrx_word' id='word_1_360' title='bbox 1494 4001 1548 4065; x_wconf 85' lang='grc' dir='ltr'><strong><em>ότι-</em></strong></span> 
     </span>
     <span class='ocr_line' id='line_1_35' title="bbox 242 4087 1548 4165; baseline -0.003 -14"><span class='ocrx_word' id='word_1_361' title='bbox 242 4101 360 4158; x_wconf 83' lang='grc' dir='ltr'><strong><em>ποτοῦν,</em></strong></span> <span class='ocrx_word' id='word_1_362' title='bbox 377 4093 466 4149; x_wconf 77' lang='lat' dir='ltr'><strong>Rasur</strong></span> <span class='ocrx_word' id='word_1_363' title='bbox 482 4096 550 4149; x_wconf 75' lang='lat' dir='ltr'>iiber</span> <span class='ocrx_word' id='word_1_364' title='bbox 567 4095 630 4150; x_wconf 84' lang='lat' dir='ltr'><strong><em>dem</em></strong></span> <span class='ocrx_word' id='word_1_365' title='bbox 649 4097 738 4150; x_wconf 74' lang='lat' dir='ltr'><strong>ersten</strong></span> <span class='ocrx_word' id='word_1_366' title='bbox 759 4113 783 4162; x_wconf 87' lang='lat' dir='ltr'><strong><em>o,</em></strong></span> <span class='ocrx_word' id='word_1_367' title='bbox 802 4094 871 4149; x_wconf 71' lang='lat' dir='ltr'>iiber</span> <span class='ocrx_word' id='word_1_368' title='bbox 887 4116 897 4150; x_wconf 89' lang='grc' dir='ltr'><strong><em>ι</em></strong></span> <span class='ocrx_word' id='word_1_369' title='bbox 915 4113 941 4149; x_wconf 88' lang='lat' dir='ltr'><strong><em>u.</em></strong></span> <span class='ocrx_word' id='word_1_370' title='bbox 958 4115 982 4158; x_wconf 85' lang='grc' dir='ltr'><strong><em>υ,</em></strong></span> <span class='ocrx_word' id='word_1_371' title='bbox 1001 4099 1026 4150; x_wconf 80' lang='grc' dir='ltr'>Α</span> <span class='ocrx_word' id='word_1_372' title='bbox 1044 4096 1049 4163; x_wconf 82' lang='grc' dir='ltr'>Ι</span> <span class='ocrx_word' id='word_1_373' title='bbox 1072 4094 1108 4151; x_wconf 94' lang='grc'><strong><em>11</em></strong></span> <span class='ocrx_word' id='word_1_374' title='bbox 1130 4087 1298 4165; x_wconf 75' lang='grc' dir='ltr'><strong><em>ἀπάγονται</em></strong></span> <span class='ocrx_word' id='word_1_375' title='bbox 1321 4111 1369 4148; x_wconf 76' lang='lat' dir='ltr'><strong><em>aus</em></strong></span> <span class='ocrx_word' id='word_1_376' title='bbox 1387 4087 1548 4164; x_wconf 81' lang='grc' dir='ltr'><strong><em>ἀπάγονται</em></strong></span> 
     </span>
     <span class='ocr_line' id='line_1_36' title="bbox 243 4171 1548 4250; baseline -0.002 -15"><span class='ocrx_word' id='word_1_377' title='bbox 243 4197 311 4235; x_wconf 76' lang='lat' dir='ltr'><strong>corr.</strong></span> <span class='ocrx_word' id='word_1_378' title='bbox 328 4180 365 4234; x_wconf 79' lang='lat'><strong><em>1¹</em></strong></span> <span class='ocrx_word' id='word_1_379' title='bbox 381 4181 385 4248; x_wconf 84' lang='grc' dir='ltr'>Ι</span> <span class='ocrx_word' id='word_1_380' title='bbox 402 4179 439 4236; x_wconf 80' lang='grc'><strong>13</strong></span> <span class='ocrx_word' id='word_1_381' title='bbox 457 4174 484 4249; x_wconf 77' lang='grc' dir='ltr'><strong><em>ἢ]</em></strong></span> <span class='ocrx_word' id='word_1_382' title='bbox 501 4181 551 4234; x_wconf 81' lang='grc' dir='ltr'><strong><em>καί</em></strong></span> <span class='ocrx_word' id='word_1_383' title='bbox 569 4181 707 4234; x_wconf 61' lang='lat' dir='ltr'><strong>varmum</strong></span> <span class='ocrx_word' id='word_1_384' title='bbox 723 4179 772 4234; x_wconf 87' lang='lat' dir='ltr'><strong><em>Bo.</em></strong></span> <span class='ocrx_word' id='word_1_385' title='bbox 785 4177 883 4248; x_wconf 74' lang='lat' dir='ltr'>(Notae</span> <span class='ocrx_word' id='word_1_386' title='bbox 896 4197 920 4250; x_wconf 87' lang='lat' dir='ltr'><strong><em>p.</em></strong></span> <span class='ocrx_word' id='word_1_387' title='bbox 932 4179 993 4248; x_wconf 84' lang='lat'>402)</span> <span class='ocrx_word' id='word_1_388' title='bbox 1008 4184 1013 4248; x_wconf 83' lang='grc' dir='ltr'>Ι</span> <span class='ocrx_word' id='word_1_389' title='bbox 1027 4173 1079 4250; x_wconf 74' lang='grc' dir='ltr'><strong><em>τὴν</em></strong></span> <span class='ocrx_word' id='word_1_390' title='bbox 1096 4181 1155 4248; x_wconf 82' lang='lat' dir='ltr'>(vor</span> <span class='ocrx_word' id='word_1_391' title='bbox 1167 4171 1260 4249; x_wconf 78' lang='grc' dir='ltr'><strong><em>πρόςί]</em></strong></span> <span class='ocrx_word' id='word_1_392' title='bbox 1278 4171 1331 4234; x_wconf 84' lang='grc' dir='ltr'><strong><em>τόν</em></strong></span> <span class='ocrx_word' id='word_1_393' title='bbox 1343 4181 1368 4232; x_wconf 80' lang='grc' dir='ltr'>Α</span> <span class='ocrx_word' id='word_1_394' title='bbox 1382 4180 1388 4246; x_wconf 83' lang='grc' dir='ltr'>Ι</span> <span class='ocrx_word' id='word_1_395' title='bbox 1404 4179 1440 4234; x_wconf 77' lang='grc'><strong>17</strong></span> <span class='ocrx_word' id='word_1_396' title='bbox 1461 4180 1548 4250; x_wconf 87' lang='grc' dir='ltr'><strong><em>θρυλ·</em></strong></span> 
     </span>
     <span class='ocr_line' id='line_1_37' title="bbox 243 4258 1550 4334; baseline -0.004 -14"><span class='ocrx_word' id='word_1_397' title='bbox 243 4260 368 4333; x_wconf 83' lang='grc' dir='ltr'><strong><em>λοῦμενα</em></strong></span> <span class='ocrx_word' id='word_1_398' title='bbox 386 4267 518 4334; x_wconf 80' lang='lat' dir='ltr'><strong>AAusgg.</strong></span> <span class='ocrx_word' id='word_1_399' title='bbox 534 4267 538 4331; x_wconf 93' lang='grc' dir='ltr'>Ι</span> <span class='ocrx_word' id='word_1_400' title='bbox 554 4258 687 4334; x_wconf 84' lang='grc' dir='ltr'><strong><em>ἀγόντων</em></strong></span> <span class='ocrx_word' id='word_1_401' title='bbox 704 4263 780 4317; x_wconf 76' lang='lat' dir='ltr'><strong>lesen</strong></span> <span class='ocrx_word' id='word_1_402' title='bbox 797 4264 846 4318; x_wconf 92' lang='lat' dir='ltr'><strong><em>Bo.</em></strong></span> <span class='ocrx_word' id='word_1_403' title='bbox 866 4263 964 4330; x_wconf 70' lang='lat' dir='ltr'><strong>(Notae</strong></span> <span class='ocrx_word' id='word_1_404' title='bbox 981 4281 1006 4334; x_wconf 88' lang='lat' dir='ltr'><strong><em>p.</em></strong></span> <span class='ocrx_word' id='word_1_405' title='bbox 1023 4263 1084 4332; x_wconf 89' lang='grc'><strong><em>402)</em></strong></span> <span class='ocrx_word' id='word_1_406' title='bbox 1102 4281 1128 4318; x_wconf 87' lang='lat' dir='ltr'><strong><em>u.</em></strong></span> <span class='ocrx_word' id='word_1_407' title='bbox 1146 4263 1206 4318; x_wconf 84' lang='lat' dir='ltr'><strong>Del.</strong></span> <span class='ocrx_word' id='word_1_408' title='bbox 1225 4263 1246 4328; x_wconf 83' lang='grc' dir='ltr'><strong><em>(Ι</em></strong></span> <span class='ocrx_word' id='word_1_409' title='bbox 1264 4265 1314 4319; x_wconf 83' lang='grc'><strong><em>726</em></strong></span> <span class='ocrx_word' id='word_1_410' title='bbox 1331 4265 1412 4316; x_wconf 81' lang='lat' dir='ltr'><strong>Anm.</strong></span> <span class='ocrx_word' id='word_1_411' title='bbox 1424 4262 1461 4331; x_wconf 88' lang='lat' dir='ltr'><strong><em>b),</em></strong></span> <span class='ocrx_word' id='word_1_412' title='bbox 1479 4262 1550 4316; x_wconf 82' lang='lat' dir='ltr'><strong>doch</strong></span> 
     </span>
     <span class='ocr_line' id='line_1_38' title="bbox 243 4339 1550 4425; baseline -0.001 -23"><span class='ocrx_word' id='word_1_413' title='bbox 243 4349 280 4404; x_wconf 73' lang='lat' dir='ltr'><strong><em>ist</em></strong></span> <span class='ocrx_word' id='word_1_414' title='bbox 305 4349 444 4404; x_wconf 78' lang='lat' dir='ltr'>vielleioht</span> <span class='ocrx_word' id='word_1_415' title='bbox 470 4343 616 4425; x_wconf 75' lang='grc' dir='ltr'><strong><em>ᾅττύντοιν</em></strong></span> <span class='ocrx_word' id='word_1_416' title='bbox 641 4347 834 4412; x_wconf 74' lang='lat' dir='ltr'>vorzuziehen,</span> <span class='ocrx_word' id='word_1_417' title='bbox 861 4349 917 4418; x_wconf 78' lang='lat' dir='ltr'>vgl.</span> <span class='ocrx_word' id='word_1_418' title='bbox 940 4348 1012 4402; x_wconf 79' lang='lat' dir='ltr'>oben</span> <span class='ocrx_word' id='word_1_419' title='bbox 1035 4347 1073 4402; x_wconf 90' lang='lat' dir='ltr'><strong><em>VI</em></strong></span> <span class='ocrx_word' id='word_1_420' title='bbox 1095 4351 1141 4416; x_wconf 84' lang='lat'><strong><em>45,</em></strong></span> <span class='ocrx_word' id='word_1_421' title='bbox 1163 4347 1189 4402; x_wconf 86' lang='lat' dir='ltr'><strong><em>S.</em></strong></span> <span class='ocrx_word' id='word_1_422' title='bbox 1209 4349 1258 4402; x_wconf 87' lang='lat'><strong><em>116</em></strong></span> <span class='ocrx_word' id='word_1_423' title='bbox 1280 4347 1306 4400; x_wconf 88' lang='grc' dir='ltr'><strong><em>Ζ.</em></strong></span> <span class='ocrx_word' id='word_1_424' title='bbox 1325 4348 1353 4410; x_wconf 80' lang='lat'><strong><em>9;</em></strong></span> <span class='ocrx_word' id='word_1_425' title='bbox 1384 4339 1509 4417; x_wconf 83' lang='grc' dir='ltr'><strong><em>ἀγοντας</em></strong></span> <span class='ocrx_word' id='word_1_426' title='bbox 1525 4349 1550 4401; x_wconf 81' lang='grc' dir='ltr'><strong>Α</strong></span> 
     </span>
     <span class='ocr_line' id='line_1_39' title="bbox 244 4426 1552 4504; baseline -0.003 -16"><span class='ocrx_word' id='word_1_427' title='bbox 244 4438 346 4504; x_wconf 75' lang='lat' dir='ltr'><strong>Ausgg.</strong></span> <span class='ocrx_word' id='word_1_428' title='bbox 370 4437 374 4502; x_wconf 93' lang='grc' dir='ltr'>Ι</span> <span class='ocrx_word' id='word_1_429' title='bbox 398 4434 436 4489; x_wconf 84' lang='grc'><strong><em>21</em></strong></span> <span class='ocrx_word' id='word_1_430' title='bbox 464 4431 582 4504; x_wconf 82' lang='grc' dir='ltr'><strong><em>εἰκόσιν]</em></strong></span> <span class='ocrx_word' id='word_1_431' title='bbox 604 4426 728 4495; x_wconf 82' lang='grc' dir='ltr'><strong><em>είκόσιν,</em></strong></span> <span class='ocrx_word' id='word_1_432' title='bbox 751 4432 800 4486; x_wconf 77' lang='grc' dir='ltr'><strong><em>σεε</em></strong></span> <span class='ocrx_word' id='word_1_433' title='bbox 818 4451 835 4488; x_wconf 92' lang='grc' dir='ltr'><strong><em>ν</em></strong></span> <span class='ocrx_word' id='word_1_434' title='bbox 851 4432 1004 4487; x_wconf 74' lang='grc' dir='ltr'><strong><em>αοετεᾱίετῦ</em></strong></span> <span class='ocrx_word' id='word_1_435' title='bbox 1021 4431 1088 4486; x_wconf 76' lang='lat' dir='ltr'><strong>aber</strong></span> <span class='ocrx_word' id='word_1_436' title='bbox 1105 4432 1176 4486; x_wconf 77' lang='lat' dir='ltr'><strong>noch</strong></span> <span class='ocrx_word' id='word_1_437' title='bbox 1195 4431 1361 4498; x_wconf 77' lang='grc' dir='ltr'><strong><em>ετ1ευτιῦετ,</em></strong></span> <span class='ocrx_word' id='word_1_438' title='bbox 1384 4431 1432 4486; x_wconf 85' lang='lat' dir='ltr'><strong><em>der</em></strong></span> <span class='ocrx_word' id='word_1_439' title='bbox 1450 4433 1552 4484; x_wconf 75' lang='lat' dir='ltr'>Aoeent</span> 
     </span>
     <span class='ocr_line' id='line_1_40' title="bbox 244 4507 1551 4587; baseline -0.003 -15"><span class='ocrx_word' id='word_1_440' title='bbox 244 4517 313 4573; x_wconf 75' lang='lat' dir='ltr'>fiber</span> <span class='ocrx_word' id='word_1_441' title='bbox 329 4518 394 4574; x_wconf 75' lang='lat' dir='ltr'>Jota</span> <span class='ocrx_word' id='word_1_442' title='bbox 411 4535 464 4572; x_wconf 86' lang='lat' dir='ltr'><strong><em>von</em></strong></span> <span class='ocrx_word' id='word_1_443' title='bbox 482 4519 597 4572; x_wconf 81' lang='lat' dir='ltr'><strong>anderer</strong></span> <span class='ocrx_word' id='word_1_444' title='bbox 608 4517 697 4580; x_wconf 77' lang='grc' dir='ltr'><strong><em>Τὶοίε,</em></strong></span> <span class='ocrx_word' id='word_1_445' title='bbox 713 4520 739 4571; x_wconf 82' lang='grc' dir='ltr'><strong>Δ</strong></span> <span class='ocrx_word' id='word_1_446' title='bbox 756 4511 849 4572; x_wconf 73' lang='grc' dir='ltr'><strong><em>εἰκόσι</em></strong></span> <span class='ocrx_word' id='word_1_447' title='bbox 866 4521 968 4587; x_wconf 77' lang='lat' dir='ltr'><strong>Ausgg.</strong></span> <span class='ocrx_word' id='word_1_448' title='bbox 984 4519 989 4586; x_wconf 84' lang='lat' dir='ltr'>l</span> <span class='ocrx_word' id='word_1_449' title='bbox 1008 4517 1046 4572; x_wconf 88' lang='grc'><strong><em>24</em></strong></span> <span class='ocrx_word' id='word_1_450' title='bbox 1070 4510 1216 4586; x_wconf 86' lang='grc' dir='ltr'><strong><em>ἀγάλμασι</em></strong></span> <span class='ocrx_word' id='word_1_451' title='bbox 1235 4507 1479 4584; x_wconf 73' lang='grc' dir='ltr'><strong><em>Δυεςς.1αύτοῖς]</em></strong></span> <span class='ocrx_word' id='word_1_452' title='bbox 1497 4531 1551 4570; x_wconf 85' lang='lat' dir='ltr'><strong><em>von</em></strong></span> 
     </span>
     <span class='ocr_line' id='line_1_41' title="bbox 245 4593 1552 4674; baseline -0.003 -16"><span class='ocrx_word' id='word_1_453' title='bbox 245 4603 360 4658; x_wconf 77' lang='lat' dir='ltr'><strong>anderer</strong></span> <span class='ocrx_word' id='word_1_454' title='bbox 376 4603 456 4657; x_wconf 69' lang='lat' dir='ltr'><strong>&#39;sinte</strong></span> <span class='ocrx_word' id='word_1_455' title='bbox 473 4603 518 4658; x_wconf 84' lang='lat' dir='ltr'><strong><em>ein</em></strong></span> <span class='ocrx_word' id='word_1_456' title='bbox 536 4605 607 4658; x_wconf 77' lang='lat' dir='ltr'><strong>Aeut</strong></span> <span class='ocrx_word' id='word_1_457' title='bbox 624 4600 693 4656; x_wconf 73' lang='lat' dir='ltr'>fiber</span> <span class='ocrx_word' id='word_1_458' title='bbox 710 4621 727 4656; x_wconf 89' lang='lat' dir='ltr'><strong><em>v</em></strong></span> <span class='ocrx_word' id='word_1_459' title='bbox 744 4605 769 4657; x_wconf 84' lang='lat' dir='ltr'>A</span> <span class='ocrx_word' id='word_1_460' title='bbox 784 4606 788 4670; x_wconf 88' lang='grc' dir='ltr'>Ι</span> <span class='ocrx_word' id='word_1_461' title='bbox 804 4602 844 4658; x_wconf 85' lang='grc'><strong><em>26</em></strong></span> <span class='ocrx_word' id='word_1_462' title='bbox 867 4597 1067 4674; x_wconf 84' lang='grc' dir='ltr'><strong><em>ἀναφέροντός</em></strong></span> <span class='ocrx_word' id='word_1_463' title='bbox 1089 4619 1122 4671; x_wconf 93' lang='grc' dir='ltr'><strong><em>γε</em></strong></span> <span class='ocrx_word' id='word_1_464' title='bbox 1139 4599 1262 4654; x_wconf 74' lang='lat' dir='ltr'><strong>schreibe</strong></span> <span class='ocrx_word' id='word_1_465' title='bbox 1279 4599 1332 4668; x_wconf 80' lang='lat' dir='ltr'>ich,</span> <span class='ocrx_word' id='word_1_466' title='bbox 1351 4593 1552 4670; x_wconf 83' lang='grc' dir='ltr'><strong><em>ἀναφέροντός</em></strong></span> 
     </span>
     <span class='ocr_line' id='line_1_42' title="bbox 245 4678 1367 4759; baseline -0.002 -17"><span class='ocrx_word' id='word_1_467' title='bbox 245 4705 276 4742; x_wconf 88' lang='grc' dir='ltr'><strong><em>τε</em></strong></span> <span class='ocrx_word' id='word_1_468' title='bbox 294 4691 404 4757; x_wconf 70' lang='grc' dir='ltr'><strong><em>Δοεςς..</em></strong></span> <span class='ocrx_word' id='word_1_469' title='bbox 423 4680 619 4759; x_wconf 87' lang='grc' dir='ltr'><strong><em>ἀναφέροντος</em></strong></span> <span class='ocrx_word' id='word_1_470' title='bbox 637 4687 753 4741; x_wconf 65' lang='lat' dir='ltr'><strong>Jol⁰⁰m</strong></span> <span class='ocrx_word' id='word_1_471' title='bbox 765 4687 813 4741; x_wconf 88' lang='lat' dir='ltr'><strong><em>Bo.</em></strong></span> <span class='ocrx_word' id='word_1_472' title='bbox 832 4687 931 4756; x_wconf 76' lang='grc' dir='ltr'><strong><em>(Νοίοε</em></strong></span> <span class='ocrx_word' id='word_1_473' title='bbox 948 4705 974 4758; x_wconf 84' lang='lat' dir='ltr'><strong><em>p.</em></strong></span> <span class='ocrx_word' id='word_1_474' title='bbox 991 4688 1065 4756; x_wconf 79' lang='grc'>402);</span> <span class='ocrx_word' id='word_1_475' title='bbox 1084 4678 1269 4756; x_wconf 77' lang='grc' dir='ltr'><strong><em>ἀναφέροντά</em></strong></span> <span class='ocrx_word' id='word_1_476' title='bbox 1286 4701 1318 4740; x_wconf 88' lang='grc' dir='ltr'><strong><em>τε</em></strong></span> <span class='ocrx_word' id='word_1_477' title='bbox 1335 4689 1367 4740; x_wconf 66' lang='lat'><strong><em>1„</em></strong></span> 
     </span>
    </p>

    <p class='ocr_par' dir='ltr' id='par_1_5' title="bbox 1291 4769 1342 4823">
     <span class='ocr_line' id='line_1_43' title="bbox 1291 4769 1342 4823; baseline 0 0"><span class='ocrx_word' id='word_1_478' title='bbox 1291 4769 1342 4823; x_wconf 82' lang='lat'><strong><em>13*</em></strong></span> 
     </span>
    </p>
   </div>
   <div class='ocr_carea' id='block_1_5' title="bbox 0 0 1913 5532">
    <p class='ocr_par' dir='ltr' id='par_1_6' title="bbox 0 0 1913 5532">
     <span class='ocr_line' id='line_1_44' title="bbox 0 0 1913 5532; baseline 0 0"><span class='ocrx_word' id='word_1_479' title='bbox 0 0 1913 5532; x_wconf 95' lang='lat' dir='ltr'><strong><em> </em></strong></span> 
     </span>
    </p>
   </div>
  </div>
 </body>
</html>
