<?xml version="1.0" encoding="UTF-8"?>
<!DOCTYPE html PUBLIC "-//W3C//DTD XHTML 1.0 Transitional//EN"
    "http://www.w3.org/TR/xhtml1/DTD/xhtml1-transitional.dtd">
<html xmlns="http://www.w3.org/1999/xhtml" xml:lang="en" lang="en">
 <head>
  <title>
</title>
<meta http-equiv="Content-Type" content="text/html;charset=utf-8" />
  <meta name='ocr-system' content='tesseract 3.04.00' />
  <meta name='ocr-capabilities' content='ocr_page ocr_carea ocr_par ocr_line ocrx_word'/>
</head>
<body>
  <div class='ocr_page' id='page_1' title='image "./diegriechischen01wissgoog/diegriechischen01wissgoog_0239.png"; bbox 0 0 3780 5532; ppageno 0'>
   <div class='ocr_carea' id='block_1_1' title="bbox 639 488 1551 558">
    <p class='ocr_par' dir='ltr' id='par_1_1' title="bbox 639 488 1551 558">
     <span class='ocr_line' id='line_1_1' title="bbox 639 488 1551 558; baseline 0.016 -16"><span class='ocrx_word' id='word_1_1' title='bbox 639 488 740 542; x_wconf 68' lang='lat' dir='ltr'><strong><em>RATA</em></strong></span> <span class='ocrx_word' id='word_1_2' title='bbox 766 489 923 546; x_wconf 80' lang='grc' dir='ltr'><em>ΚΕΔΣΟῩ</em></span> <span class='ocrx_word' id='word_1_3' title='bbox 946 491 1004 549; x_wconf 78' lang='lat' dir='ltr'><strong><em>vll</em></strong></span> <span class='ocrx_word' id='word_1_4' title='bbox 1025 489 1183 544; x_wconf 81' lang='grc' dir='ltr'><strong>26.2λ.28.</strong></span> <span class='ocrx_word' id='word_1_5' title='bbox 1494 495 1551 558; x_wconf 84' lang='grc'><strong><em>179</em></strong></span> 
     </span>
    </p>
   </div>
   <div class='ocr_carea' id='block_1_2' title="bbox 168 645 1556 1341">
    <p class='ocr_par' dir='ltr' id='par_1_2' title="bbox 168 645 1556 1341">
     <span class='ocr_line' id='line_1_2' title="bbox 254 645 1552 772; baseline 0.002 -52"><span class='ocrx_word' id='word_1_6' title='bbox 254 645 425 720; x_wconf 78' lang='grc' dir='ltr'><em>Πλάτων</em></span> <span class='ocrx_word' id='word_1_7' title='bbox 459 655 499 719; x_wconf 81' lang='grc' dir='ltr'><strong><em>δὲ</em></strong></span> <span class='ocrx_word' id='word_1_8' title='bbox 528 647 737 724; x_wconf 88' lang='grc' dir='ltr'><strong><em>άθάνατον</em></strong></span> <span class='ocrx_word' id='word_1_9' title='bbox 771 651 845 772; x_wconf 81' lang='grc' dir='ltr'><strong><em>τῆν</em></strong></span> <span class='ocrx_word' id='word_1_10' title='bbox 881 652 1010 742; x_wconf 86' lang='grc' dir='ltr'><strong><em>φυχῆν</em></strong></span> <span class='ocrx_word' id='word_1_11' title='bbox 1043 648 1263 742; x_wconf 82' lang='grc' dir='ltr'><strong><em>ἡγούμενος</em></strong></span> <span class='ocrx_word' id='word_1_12' title='bbox 1293 657 1449 739; x_wconf 83' lang='grc' dir='ltr'><strong><em>ἐκείνην</em></strong></span> <span class='ocrx_word' id='word_1_13' title='bbox 1479 647 1552 739; x_wconf 86' lang='grc' dir='ltr'><strong><em>τὴν</em></strong></span> 
     </span>
     <span class='ocr_line' id='line_1_3' title="bbox 168 744 1553 870; baseline -0.001 -50"><span class='ocrx_word' id='word_1_14' title='bbox 168 766 236 820; x_wconf 71' lang='grc' dir='ltr'><strong><em>176Γ</em></strong></span> <span class='ocrx_word' id='word_1_15' title='bbox 252 748 398 870; x_wconf 81' lang='grc' dir='ltr'><strong><em>χώραν,</em></strong></span> <span class='ocrx_word' id='word_1_16' title='bbox 425 751 524 820; x_wconf 80' lang='grc' dir='ltr'><strong><em>ἔνθα</em></strong></span> <span class='ocrx_word' id='word_1_17' title='bbox 550 747 821 836; x_wconf 77' lang='grc' dir='ltr'><strong><em>στέλλεται,”</em></strong></span> <span class='ocrx_word' id='word_1_18' title='bbox 799 780 1018 842; x_wconf 90' lang='grc' dir='ltr'><strong><em>αντικρυς,</em></strong></span> <span class='ocrx_word' id='word_1_19' title='bbox 1021 759 1133 843; x_wconf 73' lang='lat'>,766‘</span> <span class='ocrx_word' id='word_1_20' title='bbox 1152 748 1386 840; x_wconf 86' lang='grc' dir='ltr'><strong><em>Ιιύνόμασεν</em></strong></span> <span class='ocrx_word' id='word_1_21' title='bbox 1411 744 1553 832; x_wconf 85' lang='grc' dir='ltr'><strong><em>ούτως</em></strong></span> 
     </span>
     <span class='ocr_line' id='line_1_4' title="bbox 254 845 1553 942; baseline 0 -23"><span class='ocrx_word' id='word_1_22' title='bbox 254 845 459 939; x_wconf 68' lang='grc' dir='ltr'><strong><em>,πάμμεγά</em></strong></span> <span class='ocrx_word' id='word_1_23' title='bbox 495 878 533 920; x_wconf 88' lang='grc' dir='ltr'><strong><em>τι</em></strong></span> <span class='ocrx_word' id='word_1_24' title='bbox 567 852 695 922; x_wconf 83' lang='grc' dir='ltr'><strong><em>εἰναι“</em></strong></span> <span class='ocrx_word' id='word_1_25' title='bbox 731 850 900 942; x_wconf 81' lang='grc' dir='ltr'><strong><em>φήσας,</em></strong></span> <span class='ocrx_word' id='word_1_26' title='bbox 902 852 1029 940; x_wconf 86' lang='grc' dir='ltr'><strong><em>,αύτό,</em></strong></span> <span class='ocrx_word' id='word_1_27' title='bbox 1065 859 1128 923; x_wconf 88' lang='grc' dir='ltr'><strong><em>καί</em></strong></span> <span class='ocrx_word' id='word_1_28' title='bbox 1166 848 1264 942; x_wconf 81' lang='grc' dir='ltr'><strong><em>ἡμᾶς</em></strong></span> <span class='ocrx_word' id='word_1_29' title='bbox 1301 856 1427 921; x_wconf 84' lang='grc' dir='ltr'><strong><em>οἰκειν</em></strong></span> <span class='ocrx_word' id='word_1_30' title='bbox 1458 848 1553 932; x_wconf 86' lang='grc' dir='ltr'><strong><em>τούς</em></strong></span> 
     </span>
     <span class='ocr_line' id='line_1_5' title="bbox 251 912 1554 1041; baseline -0.002 -21"><span class='ocrx_word' id='word_1_31' title='bbox 251 955 362 1038; x_wconf 91' lang='grc' dir='ltr'><strong><em>μέχρι</em></strong></span> <span class='ocrx_word' id='word_1_32' title='bbox 386 945 625 1039; x_wconf 79' lang='grc' dir='ltr'><strong><em>Ἡρακλείων</em></strong></span> <span class='ocrx_word' id='word_1_33' title='bbox 651 950 856 1041; x_wconf 78' lang='grc' dir='ltr'><strong><em>στηλῷν’</em></strong></span> <span class='ocrx_word' id='word_1_34' title='bbox 836 952 913 1025; x_wconf 87' lang='grc' dir='ltr'><strong><em>απδ</em></strong></span> <span class='ocrx_word' id='word_1_35' title='bbox 943 912 1113 1038; x_wconf 77' lang='grc' dir='ltr'><strong><em>Φάσιδος</em></strong></span> <span class='ocrx_word' id='word_1_36' title='bbox 1140 956 1180 1023; x_wconf 88' lang='grc' dir='ltr'><strong><em>έν</em></strong></span> <span class='ocrx_word' id='word_1_37' title='bbox 1207 956 1358 1040; x_wconf 80' lang='grc' dir='ltr'><strong><em>σμικρῷ</em></strong></span> <span class='ocrx_word' id='word_1_38' title='bbox 1386 977 1467 1020; x_wconf 93' lang='grc' dir='ltr'><strong><em>τινι</em></strong></span> <span class='ocrx_word' id='word_1_39' title='bbox 1488 976 1554 1037; x_wconf 93' lang='grc' dir='ltr'><strong><em>μο-</em></strong></span> 
     </span>
     <span class='ocr_line' id='line_1_6' title="bbox 219 1043 1555 1143; baseline 0 -25"><span class='ocrx_word' id='word_1_40' title='bbox 219 1055 339 1137; x_wconf 80' lang='grc' dir='ltr'><strong><em>5ρίῳ,</em></strong></span> <span class='ocrx_word' id='word_1_41' title='bbox 376 1043 508 1138; x_wconf 76' lang='grc' dir='ltr'><strong><em>ὥσπερ</em></strong></span> <span class='ocrx_word' id='word_1_42' title='bbox 544 1057 632 1138; x_wconf 80' lang='grc' dir='ltr'><strong><em>περὶ</em></strong></span> <span class='ocrx_word' id='word_1_43' title='bbox 668 1057 792 1142; x_wconf 80' lang='grc' dir='ltr'><strong><em>τέλμα</em></strong></span> <span class='ocrx_word' id='word_1_44' title='bbox 826 1051 1028 1143; x_wconf 89' lang='grc' dir='ltr'><strong><em>μύρμηκας</em></strong></span> <span class='ocrx_word' id='word_1_45' title='bbox 1057 1048 1079 1141; x_wconf 87' lang='lat'><strong><em>6</em></strong></span> <span class='ocrx_word' id='word_1_46' title='bbox 1107 1049 1332 1142; x_wconf 77' lang='grc' dir='ltr'><strong><em>βατράχους</em></strong></span> <span class='ocrx_word' id='word_1_47' title='bbox 1361 1057 1450 1136; x_wconf 82' lang='grc' dir='ltr'><strong><em>περὶ</em></strong></span> <span class='ocrx_word' id='word_1_48' title='bbox 1480 1047 1555 1137; x_wconf 86' lang='grc' dir='ltr'><strong><em>τήν</em></strong></span> 
     </span>
     <span class='ocr_line' id='line_1_7' title="bbox 254 1145 1555 1237; baseline 0 -19"><span class='ocrx_word' id='word_1_49' title='bbox 254 1145 461 1220; x_wconf 88' lang='grc' dir='ltr'><strong><em>θάλασσαν</em></strong></span> <span class='ocrx_word' id='word_1_50' title='bbox 487 1155 718 1235; x_wconf 79' lang='grc' dir='ltr'><strong><em>οἰκοῦντας,</em></strong></span> <span class='ocrx_word' id='word_1_51' title='bbox 745 1161 811 1224; x_wconf 87' lang='grc' dir='ltr'><strong><em>καὶ</em></strong></span> <span class='ocrx_word' id='word_1_52' title='bbox 838 1147 983 1237; x_wconf 89' lang='grc' dir='ltr'><strong><em>άλλους</em></strong></span> <span class='ocrx_word' id='word_1_53' title='bbox 1009 1149 1154 1225; x_wconf 87' lang='grc' dir='ltr'><strong><em>άλλοθι</em></strong></span> <span class='ocrx_word' id='word_1_54' title='bbox 1178 1150 1355 1233; x_wconf 86' lang='grc' dir='ltr'><strong><em>πολλούς</em></strong></span> <span class='ocrx_word' id='word_1_55' title='bbox 1377 1153 1418 1220; x_wconf 88' lang='grc' dir='ltr'><strong><em>έν</em></strong></span> <span class='ocrx_word' id='word_1_56' title='bbox 1440 1153 1555 1236; x_wconf 83' lang='grc' dir='ltr'><strong><em>(πολ-</em></strong></span> 
     </span>
     <span class='ocr_line' id='line_1_8' title="bbox 254 1245 1556 1341; baseline -0.001 -23"><span class='ocrx_word' id='word_1_57' title='bbox 254 1253 358 1336; x_wconf 84' lang='grc' dir='ltr'><strong><em>λοις&gt;</em></strong></span> <span class='ocrx_word' id='word_1_58' title='bbox 382 1247 590 1334; x_wconf 80' lang='grc' dir='ltr'><strong><em>τοιούτοις</em></strong></span> <span class='ocrx_word' id='word_1_59' title='bbox 612 1248 753 1336; x_wconf 85' lang='grc' dir='ltr'><strong><em>τόποις</em></strong></span> <span class='ocrx_word' id='word_1_60' title='bbox 776 1256 910 1324; x_wconf 76' lang='grc' dir='ltr'><strong><em>οἰκεῖν.</em></strong></span> <span class='ocrx_word' id='word_1_61' title='bbox 946 1254 1049 1324; x_wconf 89' lang='grc' dir='ltr'><strong><em>εἰναι</em></strong></span> <span class='ocrx_word' id='word_1_62' title='bbox 1071 1251 1142 1341; x_wconf 81' lang='grc' dir='ltr'><strong><em>γάρ</em></strong></span> <span class='ocrx_word' id='word_1_63' title='bbox 1164 1257 1350 1340; x_wconf 84' lang='grc' dir='ltr'><strong><em>πανταχῆ</em></strong></span> <span class='ocrx_word' id='word_1_64' title='bbox 1372 1255 1460 1336; x_wconf 88' lang='grc' dir='ltr'><strong><em>περὶ</em></strong></span> <span class='ocrx_word' id='word_1_65' title='bbox 1483 1245 1556 1336; x_wconf 85' lang='grc' dir='ltr'><strong><em>τήν</em></strong></span> 
     </span>
    </p>
   </div>
   <div class='ocr_carea' id='block_1_3' title="bbox 206 1346 1630 1840">
    <p class='ocr_par' dir='ltr' id='par_1_3' title="bbox 206 1346 1630 1840">
     <span class='ocr_line' id='line_1_9' title="bbox 255 1346 1557 1438; baseline -0.002 -20"><span class='ocrx_word' id='word_1_66' title='bbox 255 1353 327 1438; x_wconf 91' lang='grc' dir='ltr'><strong><em>γῆν</em></strong></span> <span class='ocrx_word' id='word_1_67' title='bbox 353 1347 485 1420; x_wconf 81' lang='grc' dir='ltr'><strong><em>πολλὰ</em></strong></span> <span class='ocrx_word' id='word_1_68' title='bbox 512 1360 628 1421; x_wconf 84' lang='grc' dir='ltr'><strong><em>κοιλα</em></strong></span> <span class='ocrx_word' id='word_1_69' title='bbox 656 1360 719 1424; x_wconf 86' lang='grc' dir='ltr'><strong><em>καὶ</em></strong></span> <span class='ocrx_word' id='word_1_70' title='bbox 746 1352 989 1425; x_wconf 85' lang='grc' dir='ltr'><strong><em>παντοδαπά</em></strong></span> <span class='ocrx_word' id='word_1_71' title='bbox 1016 1360 1080 1424; x_wconf 91' lang='grc' dir='ltr'><strong><em>καὶ</em></strong></span> <span class='ocrx_word' id='word_1_72' title='bbox 1107 1351 1178 1434; x_wconf 86' lang='grc' dir='ltr'><strong><em>τὰς</em></strong></span> <span class='ocrx_word' id='word_1_73' title='bbox 1205 1355 1312 1433; x_wconf 90' lang='grc' dir='ltr'><strong><em>ἰδέας</em></strong></span> <span class='ocrx_word' id='word_1_74' title='bbox 1338 1357 1403 1420; x_wconf 87' lang='grc' dir='ltr'><strong><em>καί</em></strong></span> <span class='ocrx_word' id='word_1_75' title='bbox 1426 1346 1473 1419; x_wconf 85' lang='grc' dir='ltr'><strong><em>τὰ</em></strong></span> <span class='ocrx_word' id='word_1_76' title='bbox 1495 1373 1557 1436; x_wconf 88' lang='grc' dir='ltr'><strong><em>με·</em></strong></span> 
     </span>
     <span class='ocr_line' id='line_1_10' title="bbox 255 1443 1557 1542; baseline -0.002 -25"><span class='ocrx_word' id='word_1_77' title='bbox 255 1453 368 1537; x_wconf 91' lang='grc' dir='ltr'><strong><em>γέθη,</em></strong></span> <span class='ocrx_word' id='word_1_78' title='bbox 395 1454 450 1531; x_wconf 91' lang='grc' dir='ltr'><strong><em>εἰς</em></strong></span> <span class='ocrx_word' id='word_1_79' title='bbox 476 1444 497 1520; x_wconf 89' lang='lat'><strong><em>6</em></strong></span> <span class='ocrx_word' id='word_1_80' title='bbox 520 1453 828 1542; x_wconf 81' lang='grc' dir='ltr'><strong><em>συνερὁηκέναι</em></strong></span> <span class='ocrx_word' id='word_1_81' title='bbox 854 1449 900 1524; x_wconf 90' lang='grc' dir='ltr'><strong><em>τό</em></strong></span> <span class='ocrx_word' id='word_1_82' title='bbox 926 1482 969 1524; x_wconf 90' lang='grc' dir='ltr'><strong><em>τε</em></strong></span> <span class='ocrx_word' id='word_1_83' title='bbox 990 1447 1097 1540; x_wconf 88' lang='grc' dir='ltr'><strong><em>ύδωρ</em></strong></span> <span class='ocrx_word' id='word_1_84' title='bbox 1123 1458 1187 1522; x_wconf 91' lang='grc' dir='ltr'><strong><em>καί</em></strong></span> <span class='ocrx_word' id='word_1_85' title='bbox 1210 1450 1285 1540; x_wconf 87' lang='grc' dir='ltr'><strong><em>τὴν</em></strong></span> <span class='ocrx_word' id='word_1_86' title='bbox 1306 1443 1472 1538; x_wconf 84' lang='grc' dir='ltr'><strong><em>ὁμίχλην</em></strong></span> <span class='ocrx_word' id='word_1_87' title='bbox 1492 1451 1557 1517; x_wconf 84' lang='grc' dir='ltr'><strong><em>καί</em></strong></span> 
     </span>
     <span class='ocr_line' id='line_1_11' title="bbox 206 1544 1630 1671; baseline -0.006 -48"><span class='ocrx_word' id='word_1_88' title='bbox 206 1569 238 1623; x_wconf 85' lang='grc'><strong><em>10</em></strong></span> <span class='ocrx_word' id='word_1_89' title='bbox 256 1544 476 1671; x_wconf 66' lang='grc' dir='ltr'><strong><em>τὸνΙόέρα·</em></strong></span> <span class='ocrx_word' id='word_1_90' title='bbox 507 1547 633 1638; x_wconf 83' lang='grc' dir='ltr'><strong><em>αύτῆν</em></strong></span> <span class='ocrx_word' id='word_1_91' title='bbox 665 1559 705 1624; x_wconf 80' lang='grc' dir='ltr'><strong><em>δὲ</em></strong></span> <span class='ocrx_word' id='word_1_92' title='bbox 736 1551 810 1640; x_wconf 86' lang='grc' dir='ltr'><strong><em>τήν</em></strong></span> <span class='ocrx_word' id='word_1_93' title='bbox 840 1559 911 1642; x_wconf 88' lang='grc' dir='ltr'><strong><em>γῆν</em></strong></span> <span class='ocrx_word' id='word_1_94' title='bbox 937 1550 1122 1641; x_wconf 86' lang='grc' dir='ltr'><strong><em>καθαρὰν</em></strong></span> <span class='ocrx_word' id='word_1_95' title='bbox 1150 1555 1191 1621; x_wconf 88' lang='grc' dir='ltr'><strong><em>έν</em></strong></span> <span class='ocrx_word' id='word_1_96' title='bbox 1212 1555 1380 1638; x_wconf 87' lang='grc' dir='ltr'><strong><em>καθαρῷ</em></strong></span> <span class='ocrx_word' id='word_1_97' title='bbox 1400 1556 1557 1618; x_wconf 78' lang='grc' dir='ltr'><strong><em>κεῖσθαι</em></strong></span> <span class='ocrx_word' id='word_1_98' title='bbox 1579 1561 1630 1616; x_wconf 77' lang='grc'><strong><em>714</em></strong></span> 
     </span>
     <span class='ocr_line' id='line_1_12' title="bbox 256 1655 523 1738; baseline 0.011 -22"><span class='ocrx_word' id='word_1_99' title='bbox 256 1675 311 1734; x_wconf 85' lang='grc' dir='ltr'><strong><em>τῳ</em></strong></span> <span class='ocrx_word' id='word_1_100' title='bbox 335 1655 523 1738; x_wconf 87' lang='grc' dir='ltr'><strong><em>ουρανῷ.“</em></strong></span> 
     </span>
     <span class='ocr_line' id='line_1_13' title="bbox 337 1743 1557 1840; baseline -0.001 -22"><span class='ocrx_word' id='word_1_101' title='bbox 337 1743 567 1837; x_wconf 71' lang='grc' dir='ltr'><strong><em>ὑπολαμβάνει</em></strong></span> <span class='ocrx_word' id='word_1_102' title='bbox 594 1758 713 1822; x_wconf 78' lang='grc' dir='ltr'><strong><em>τοίνυν</em></strong></span> <span class='ocrx_word' id='word_1_103' title='bbox 740 1747 759 1824; x_wconf 89' lang='lat'><strong><em>6</em></strong></span> <span class='ocrx_word' id='word_1_104' title='bbox 782 1758 910 1836; x_wconf 80' lang='grc' dir='ltr'><strong><em>Κέλσος</em></strong></span> <span class='ocrx_word' id='word_1_105' title='bbox 936 1751 979 1823; x_wconf 88' lang='grc' dir='ltr'><strong><em>τά</em></strong></span> <span class='ocrx_word' id='word_1_106' title='bbox 1005 1757 1082 1840; x_wconf 81' lang='grc' dir='ltr'><strong><em>περὶ</em></strong></span> <span class='ocrx_word' id='word_1_107' title='bbox 1110 1757 1169 1840; x_wconf 91' lang='grc' dir='ltr'><strong><em>τῆς</em></strong></span> <span class='ocrx_word' id='word_1_108' title='bbox 1196 1746 1318 1838; x_wconf 84' lang='grc' dir='ltr'><strong><em>άλλης</em></strong></span> <span class='ocrx_word' id='word_1_109' title='bbox 1338 1755 1408 1837; x_wconf 89' lang='grc' dir='ltr'><strong><em>γῆς</em></strong></span> <span class='ocrx_word' id='word_1_110' title='bbox 1428 1752 1557 1836; x_wconf 90' lang='grc' dir='ltr'><strong><em>κρείτ·</em></strong></span> 
     </span>
    </p>
   </div>
   <div class='ocr_carea' id='block_1_4' title="bbox 206 1841 1566 3832">
    <p class='ocr_par' dir='ltr' id='par_1_4' title="bbox 206 1841 1566 3832">
     <span class='ocr_line' id='line_1_14' title="bbox 258 1841 1558 1941; baseline -0.002 -23"><span class='ocrx_word' id='word_1_111' title='bbox 258 1873 378 1928; x_wconf 88' lang='grc' dir='ltr'><strong><em>τσνος</em></strong></span> <span class='ocrx_word' id='word_1_112' title='bbox 412 1854 474 1918; x_wconf 91' lang='grc' dir='ltr'><strong><em>καί</em></strong></span> <span class='ocrx_word' id='word_1_113' title='bbox 506 1856 644 1938; x_wconf 89' lang='grc' dir='ltr'><strong><em>πολλῷ</em></strong></span> <span class='ocrx_word' id='word_1_114' title='bbox 682 1850 831 1941; x_wconf 86' lang='grc' dir='ltr'><strong><em>ταύτης</em></strong></span> <span class='ocrx_word' id='word_1_115' title='bbox 866 1849 1133 1940; x_wconf 83' lang='grc' dir='ltr'><strong><em>διαφερούσης</em></strong></span> <span class='ocrx_word' id='word_1_116' title='bbox 1163 1855 1335 1939; x_wconf 80' lang='grc' dir='ltr'><strong><em>εἰληφέναι</em></strong></span> <span class='ocrx_word' id='word_1_117' title='bbox 1370 1844 1454 1936; x_wconf 83' lang='grc' dir='ltr'><strong><em>ἡμᾶς</em></strong></span> <span class='ocrx_word' id='word_1_118' title='bbox 1490 1841 1558 1918; x_wconf 86' lang='grc' dir='ltr'><strong><em>όπό</em></strong></span> 
     </span>
     <span class='ocr_line' id='line_1_15' title="bbox 256 1942 1560 2039; baseline -0.001 -24"><span class='ocrx_word' id='word_1_119' title='bbox 256 1973 364 2017; x_wconf 88' lang='grc' dir='ltr'><strong><em>τινων</em></strong></span> <span class='ocrx_word' id='word_1_120' title='bbox 389 1955 624 2036; x_wconf 72' lang='grc' dir='ltr'><strong><em>νομιζομένων</em></strong></span> <span class='ocrx_word' id='word_1_121' title='bbox 651 1949 747 2039; x_wconf 88' lang='grc' dir='ltr'><strong><em>αύτῷ</em></strong></span> <span class='ocrx_word' id='word_1_122' title='bbox 774 1959 901 2022; x_wconf 88' lang='grc' dir='ltr'><strong><em>θείων</em></strong></span> <span class='ocrx_word' id='word_1_123' title='bbox 931 1959 1117 2022; x_wconf 81' lang='grc' dir='ltr'><strong><em>παλαιῶν</em></strong></span> <span class='ocrx_word' id='word_1_124' title='bbox 1147 1946 1305 2038; x_wconf 84' lang='grc' dir='ltr'><strong><em>άνδρῷν</em></strong></span> <span class='ocrx_word' id='word_1_125' title='bbox 1334 1955 1389 2018; x_wconf 90' lang='grc' dir='ltr'><strong><em>καὶ</em></strong></span> <span class='ocrx_word' id='word_1_126' title='bbox 1415 1942 1560 2036; x_wconf 87' lang='grc' dir='ltr'><strong><em>μάλιστα</em></strong></span> 
     </span>
     <span class='ocr_line' id='line_1_16' title="bbox 206 2044 1558 2140; baseline -0.002 -22"><span class='ocrx_word' id='word_1_127' title='bbox 206 2066 238 2118; x_wconf 81' lang='lat'><strong><em>15</em></strong></span> <span class='ocrx_word' id='word_1_128' title='bbox 257 2044 491 2130; x_wconf 89' lang='grc' dir='ltr'><strong><em>Πλάτωνος,</em></strong></span> <span class='ocrx_word' id='word_1_129' title='bbox 519 2055 582 2119; x_wconf 84' lang='grc' dir='ltr'><strong><em>τοῦ</em></strong></span> <span class='ocrx_word' id='word_1_130' title='bbox 608 2053 645 2120; x_wconf 83' lang='grc' dir='ltr'><strong><em>ἰν</em></strong></span> <span class='ocrx_word' id='word_1_131' title='bbox 667 2057 718 2140; x_wconf 88' lang='grc' dir='ltr'><strong><em>τῷ</em></strong></span> <span class='ocrx_word' id='word_1_132' title='bbox 744 2056 893 2122; x_wconf 86' lang='grc' dir='ltr'><strong><em>Φαίδωνι</em></strong></span> <span class='ocrx_word' id='word_1_133' title='bbox 914 2057 990 2138; x_wconf 88' lang='grc' dir='ltr'><strong><em>περὶ</em></strong></span> <span class='ocrx_word' id='word_1_134' title='bbox 1016 2055 1085 2140; x_wconf 89' lang='grc' dir='ltr'><strong><em>γῆς</em></strong></span> <span class='ocrx_word' id='word_1_135' title='bbox 1115 2055 1298 2137; x_wconf 86' lang='grc' dir='ltr'><strong><em>καθαράς</em></strong></span> <span class='ocrx_word' id='word_1_136' title='bbox 1325 2051 1367 2117; x_wconf 86' lang='grc' dir='ltr'><strong><em>έν</em></strong></span> <span class='ocrx_word' id='word_1_137' title='bbox 1392 2049 1558 2134; x_wconf 89' lang='grc' dir='ltr'><strong><em>καθαρῷ</em></strong></span> 
     </span>
     <span class='ocr_line' id='line_1_17' title="bbox 256 2141 1559 2239; baseline -0.001 -23"><span class='ocrx_word' id='word_1_138' title='bbox 256 2151 438 2236; x_wconf 90' lang='grc' dir='ltr'><strong><em>κειμένης</em></strong></span> <span class='ocrx_word' id='word_1_139' title='bbox 467 2144 625 2238; x_wconf 90' lang='grc' dir='ltr'><strong><em>ούρανῷ</em></strong></span> <span class='ocrx_word' id='word_1_140' title='bbox 647 2148 957 2239; x_wconf 82' lang='grc' dir='ltr'><strong><em>φιλοσοφήσαντας·</em></strong></span> <span class='ocrx_word' id='word_1_141' title='bbox 980 2145 1039 2238; x_wconf 89' lang='grc' dir='ltr'><strong><em>ούχ</em></strong></span> <span class='ocrx_word' id='word_1_142' title='bbox 1055 2143 1149 2236; x_wconf 85' lang='grc' dir='ltr'><strong><em>όρῷν</em></strong></span> <span class='ocrx_word' id='word_1_143' title='bbox 1164 2142 1219 2220; x_wconf 88' lang='grc' dir='ltr'><strong><em>ότι</em></strong></span> <span class='ocrx_word' id='word_1_144' title='bbox 1234 2153 1390 2237; x_wconf 85' lang='grc' dir='ltr'><strong><em>Μωύσῆς,</em></strong></span> <span class='ocrx_word' id='word_1_145' title='bbox 1406 2141 1425 2217; x_wconf 87' lang='lat'><strong><em>6</em></strong></span> <span class='ocrx_word' id='word_1_146' title='bbox 1439 2150 1559 2233; x_wconf 88' lang='grc' dir='ltr'><strong><em>πολλῷ</em></strong></span> 
     </span>
     <span class='ocr_line' id='line_1_18' title="bbox 257 2239 1560 2338; baseline -0.001 -22"><span class='ocrx_word' id='word_1_147' title='bbox 257 2254 312 2316; x_wconf 87' lang='grc' dir='ltr'><strong><em>καὶ</em></strong></span> <span class='ocrx_word' id='word_1_148' title='bbox 347 2253 422 2317; x_wconf 83' lang='grc' dir='ltr'><strong><em>τῶν</em></strong></span> <span class='ocrx_word' id='word_1_149' title='bbox 454 2239 660 2337; x_wconf 77' lang='grc' dir='ltr'><strong><em>Ἑλληνικῶν</em></strong></span> <span class='ocrx_word' id='word_1_150' title='bbox 693 2247 900 2338; x_wconf 80' lang='grc' dir='ltr'><strong><em>γραμμάτων</em></strong></span> <span class='ocrx_word' id='word_1_151' title='bbox 935 2244 1164 2338; x_wconf 77' lang='grc' dir='ltr'><strong><em>ἀρχαιότερος,</em></strong></span> <span class='ocrx_word' id='word_1_152' title='bbox 1200 2245 1351 2337; x_wconf 83' lang='grc' dir='ltr'><strong><em>εἰσήγαγε</em></strong></span> <span class='ocrx_word' id='word_1_153' title='bbox 1382 2243 1446 2318; x_wconf 87' lang='grc' dir='ltr'><strong><em>τὸν</em></strong></span> <span class='ocrx_word' id='word_1_154' title='bbox 1475 2243 1560 2316; x_wconf 88' lang='grc' dir='ltr'><strong><em>θεὸν</em></strong></span> 
     </span>
     <span class='ocr_line' id='line_1_19' title="bbox 257 2341 1562 2438; baseline -0.001 -23"><span class='ocrx_word' id='word_1_155' title='bbox 257 2341 548 2435; x_wconf 80' lang='grc' dir='ltr'><strong><em>ἐπαγγελλόμενον</em></strong></span> <span class='ocrx_word' id='word_1_156' title='bbox 578 2346 642 2435; x_wconf 88' lang='grc' dir='ltr'><strong><em>τήν</em></strong></span> <span class='ocrx_word' id='word_1_157' title='bbox 673 2344 771 2438; x_wconf 85' lang='grc' dir='ltr'><strong><em>άγίαν</em></strong></span> <span class='ocrx_word' id='word_1_158' title='bbox 801 2355 874 2438; x_wconf 90' lang='grc' dir='ltr'><strong><em>γῆν</em></strong></span> <span class='ocrx_word' id='word_1_159' title='bbox 903 2354 957 2417; x_wconf 90' lang='grc' dir='ltr'><strong><em>καί</em></strong></span> <span class='ocrx_word' id='word_1_160' title='bbox 988 2344 1143 2438; x_wconf 74' lang='grc' dir='ltr'><strong><em>,ἀγαθήν</em></strong></span> <span class='ocrx_word' id='word_1_161' title='bbox 1167 2353 1223 2417; x_wconf 85' lang='grc' dir='ltr'><strong><em>καί</em></strong></span> <span class='ocrx_word' id='word_1_162' title='bbox 1250 2346 1392 2434; x_wconf 87' lang='grc' dir='ltr'><strong><em>πολλὴν,</em></strong></span> <span class='ocrx_word' id='word_1_163' title='bbox 1419 2347 1562 2434; x_wconf 83' lang='grc' dir='ltr'><strong><em>ῥέουσαν</em></strong></span> 
     </span>
     <span class='ocr_line' id='line_1_20' title="bbox 257 2441 1561 2537; baseline -0.002 -21"><span class='ocrx_word' id='word_1_164' title='bbox 257 2442 343 2532; x_wconf 89' lang='grc' dir='ltr'><strong><em>γάλα</em></strong></span> <span class='ocrx_word' id='word_1_165' title='bbox 371 2453 426 2516; x_wconf 88' lang='grc' dir='ltr'><strong><em>καί</em></strong></span> <span class='ocrx_word' id='word_1_166' title='bbox 454 2451 550 2532; x_wconf 84' lang='grc' dir='ltr'><strong><em>μέλι“</em></strong></span> <span class='ocrx_word' id='word_1_167' title='bbox 574 2466 645 2528; x_wconf 84' lang='grc' dir='ltr'><strong><em>τοῖς</em></strong></span> <span class='ocrx_word' id='word_1_168' title='bbox 673 2447 760 2519; x_wconf 83' lang='grc' dir='ltr'><strong><em>κατὰ</em></strong></span> <span class='ocrx_word' id='word_1_169' title='bbox 789 2446 852 2519; x_wconf 85' lang='grc' dir='ltr'><strong><em>τὸν</em></strong></span> <span class='ocrx_word' id='word_1_170' title='bbox 878 2443 984 2537; x_wconf 93' lang='grc' dir='ltr'><strong><em>νόμον</em></strong></span> <span class='ocrx_word' id='word_1_171' title='bbox 1011 2448 1133 2520; x_wconf 76' lang='grc' dir='ltr'><strong><em>ἑαυτοῦ</em></strong></span> <span class='ocrx_word' id='word_1_172' title='bbox 1158 2447 1330 2532; x_wconf 81' lang='grc' dir='ltr'><strong><em>βιώσασιν,</em></strong></span> <span class='ocrx_word' id='word_1_173' title='bbox 1353 2441 1423 2517; x_wconf 85' lang='grc' dir='ltr'><strong><em>ούδ</em></strong></span> <span class='ocrx_word' id='word_1_174' title='bbox 1446 2441 1494 2528; x_wconf 81' lang='grc' dir='ltr'><strong><em>ῷς</em></strong></span> <span class='ocrx_word' id='word_1_175' title='bbox 1516 2447 1561 2514; x_wconf 88' lang='grc' dir='ltr'><strong><em>οί-</em></strong></span> 
     </span>
     <span class='ocr_line' id='line_1_21' title="bbox 207 2543 1563 2638; baseline -0.002 -23"><span class='ocrx_word' id='word_1_176' title='bbox 207 2563 241 2616; x_wconf 84' lang='grc'><strong>20</strong></span> <span class='ocrx_word' id='word_1_177' title='bbox 259 2551 358 2616; x_wconf 90' lang='grc' dir='ltr'><strong><em>ονταί</em></strong></span> <span class='ocrx_word' id='word_1_178' title='bbox 373 2573 462 2627; x_wconf 88' lang='grc' dir='ltr'><strong><em>τινες</em></strong></span> <span class='ocrx_word' id='word_1_179' title='bbox 476 2547 541 2634; x_wconf 86' lang='grc' dir='ltr'><strong><em>τήν</em></strong></span> <span class='ocrx_word' id='word_1_180' title='bbox 555 2543 740 2638; x_wconf 81' lang='grc' dir='ltr'><strong><em>,,άγαθήν,“</em></strong></span> <span class='ocrx_word' id='word_1_181' title='bbox 760 2547 825 2636; x_wconf 86' lang='grc' dir='ltr'><strong><em>τήν</em></strong></span> <span class='ocrx_word' id='word_1_182' title='bbox 839 2545 936 2619; x_wconf 88' lang='grc' dir='ltr'><strong><em>κάτω</em></strong></span> <span class='ocrx_word' id='word_1_183' title='bbox 953 2552 1176 2637; x_wconf 78' lang='grc' dir='ltr'><strong><em>νομιζομένην</em></strong></span> <span class='ocrx_word' id='word_1_184' title='bbox 1189 2543 1359 2629; x_wconf 78' lang='grc' dir='ltr'><strong><em>Ἰουδαίαν,</em></strong></span> <span class='ocrx_word' id='word_1_185' title='bbox 1375 2549 1563 2634; x_wconf 84' lang='grc' dir='ltr'><strong><em>κειμένην</em></strong></span> 
     </span>
     <span class='ocr_line' id='line_1_22' title="bbox 259 2640 1563 2736; baseline -0.001 -22"><span class='ocrx_word' id='word_1_186' title='bbox 259 2651 313 2715; x_wconf 80' lang='grc' dir='ltr'><strong><em>καὶ</em></strong></span> <span class='ocrx_word' id='word_1_187' title='bbox 335 2641 443 2734; x_wconf 89' lang='grc' dir='ltr'><strong><em>αύτὴν</em></strong></span> <span class='ocrx_word' id='word_1_188' title='bbox 465 2650 502 2716; x_wconf 84' lang='grc' dir='ltr'><strong><em>ἐν</em></strong></span> <span class='ocrx_word' id='word_1_189' title='bbox 525 2654 571 2735; x_wconf 86' lang='grc' dir='ltr'><strong><em>τῆ</em></strong></span> <span class='ocrx_word' id='word_1_190' title='bbox 593 2643 743 2736; x_wconf 77' lang='grc' dir='ltr'><strong><em>ἀρχῆθεν</em></strong></span> <span class='ocrx_word' id='word_1_191' title='bbox 764 2653 977 2736; x_wconf 87' lang='grc' dir='ltr'><strong><em>κατηραμένη</em></strong></span> <span class='ocrx_word' id='word_1_192' title='bbox 1000 2651 1037 2718; x_wconf 88' lang='grc' dir='ltr'><strong><em>έν</em></strong></span> <span class='ocrx_word' id='word_1_193' title='bbox 1060 2665 1132 2730; x_wconf 77' lang='grc' dir='ltr'><strong><em>τοῖς</em></strong></span> <span class='ocrx_word' id='word_1_194' title='bbox 1147 2649 1255 2736; x_wconf 84' lang='grc' dir='ltr'><strong><em>ἔργοις</em></strong></span> <span class='ocrx_word' id='word_1_195' title='bbox 1270 2650 1331 2735; x_wconf 89' lang='grc' dir='ltr'><strong><em>τῆς</em></strong></span> <span class='ocrx_word' id='word_1_196' title='bbox 1345 2640 1563 2733; x_wconf 83' lang='grc' dir='ltr'><strong><em>παραβάσεως</em></strong></span> 
     </span>
     <span class='ocr_line' id='line_1_23' title="bbox 261 2739 1564 2836; baseline 0.001 -24"><span class='ocrx_word' id='word_1_197' title='bbox 261 2749 323 2814; x_wconf 86' lang='grc' dir='ltr'><strong><em>τοῦ</em></strong></span> <span class='ocrx_word' id='word_1_198' title='bbox 342 2739 441 2830; x_wconf 81' lang='grc' dir='ltr'><strong><em>Ἀδάμ</em></strong></span> <span class='ocrx_word' id='word_1_199' title='bbox 467 2753 521 2834; x_wconf 84' lang='grc' dir='ltr'><strong><em>γῆ.</em></strong></span> <span class='ocrx_word' id='word_1_200' title='bbox 564 2744 605 2818; x_wconf 88' lang='grc' dir='ltr'><strong><em>τό</em></strong></span> <span class='ocrx_word' id='word_1_201' title='bbox 633 2745 695 2836; x_wconf 85' lang='grc' dir='ltr'><strong><em>γάρ</em></strong></span> <span class='ocrx_word' id='word_1_202' title='bbox 721 2742 990 2836; x_wconf 74' lang='grc' dir='ltr'><strong><em>,ἐπικατάρατος</em></strong></span> <span class='ocrx_word' id='word_1_203' title='bbox 1017 2741 1038 2835; x_wconf 89' lang='grc' dir='ltr'><strong><em>ή</em></strong></span> <span class='ocrx_word' id='word_1_204' title='bbox 1065 2751 1110 2835; x_wconf 91' lang='grc' dir='ltr'><strong><em>γῆ</em></strong></span> <span class='ocrx_word' id='word_1_205' title='bbox 1137 2749 1174 2816; x_wconf 88' lang='grc' dir='ltr'><strong><em>έν</em></strong></span> <span class='ocrx_word' id='word_1_206' title='bbox 1200 2763 1273 2828; x_wconf 76' lang='grc' dir='ltr'><strong><em>τοῖς</em></strong></span> <span class='ocrx_word' id='word_1_207' title='bbox 1294 2746 1404 2834; x_wconf 80' lang='grc' dir='ltr'><strong><em>ἔργοις</em></strong></span> <span class='ocrx_word' id='word_1_208' title='bbox 1425 2767 1498 2814; x_wconf 91' lang='grc' dir='ltr'><strong><em>σου·</em></strong></span> <span class='ocrx_word' id='word_1_209' title='bbox 1527 2746 1564 2813; x_wconf 86' lang='grc' dir='ltr'><strong><em>έν</em></strong></span> 
     </span>
     <span class='ocr_line' id='line_1_24' title="bbox 261 2837 1562 2935; baseline 0.001 -23"><span class='ocrx_word' id='word_1_210' title='bbox 261 2840 381 2925; x_wconf 88' lang='grc' dir='ltr'><strong><em>λύπαις</em></strong></span> <span class='ocrx_word' id='word_1_211' title='bbox 408 2851 498 2934; x_wconf 84' lang='grc' dir='ltr'><strong><em>φαγῆ</em></strong></span> <span class='ocrx_word' id='word_1_212' title='bbox 526 2842 635 2934; x_wconf 85' lang='grc' dir='ltr'><strong><em>αύτήν</em></strong></span> <span class='ocrx_word' id='word_1_213' title='bbox 659 2844 769 2930; x_wconf 90' lang='grc' dir='ltr'><strong><em>πάσας</em></strong></span> <span class='ocrx_word' id='word_1_214' title='bbox 791 2845 852 2929; x_wconf 86' lang='grc' dir='ltr'><strong><em>τάς</em></strong></span> <span class='ocrx_word' id='word_1_215' title='bbox 875 2842 997 2935; x_wconf 80' lang='grc' dir='ltr'><strong><em>ἡμέρας</em></strong></span> <span class='ocrx_word' id='word_1_216' title='bbox 1019 2851 1082 2934; x_wconf 86' lang='grc' dir='ltr'><strong><em>τῆς</em></strong></span> <span class='ocrx_word' id='word_1_217' title='bbox 1104 2850 1193 2934; x_wconf 88' lang='grc' dir='ltr'><strong><em>ζωῆς</em></strong></span> <span class='ocrx_word' id='word_1_218' title='bbox 1215 2855 1293 2915; x_wconf 80' lang='grc' dir='ltr'><strong><em>σον“</em></strong></span> <span class='ocrx_word' id='word_1_219' title='bbox 1318 2852 1397 2933; x_wconf 90' lang='grc' dir='ltr'><strong><em>περί</em></strong></span> <span class='ocrx_word' id='word_1_220' title='bbox 1417 2837 1498 2932; x_wconf 84' lang='grc' dir='ltr'><strong><em>ύλης</em></strong></span> <span class='ocrx_word' id='word_1_221' title='bbox 1520 2848 1562 2914; x_wconf 86' lang='grc' dir='ltr'><strong><em>εἰ·</em></strong></span> 
     </span>
     <span class='ocr_line' id='line_1_25' title="bbox 261 2939 1564 3034; baseline -0.002 -20"><span class='ocrx_word' id='word_1_222' title='bbox 261 2971 360 3032; x_wconf 83' lang='grc' dir='ltr'><strong><em>ρηται</em></strong></span> <span class='ocrx_word' id='word_1_223' title='bbox 382 2951 443 3034; x_wconf 92' lang='grc' dir='ltr'><strong><em>τῆς</em></strong></span> <span class='ocrx_word' id='word_1_224' title='bbox 464 2951 545 3034; x_wconf 89' lang='grc' dir='ltr'><strong><em>γῆς,</em></strong></span> <span class='ocrx_word' id='word_1_225' title='bbox 570 2941 611 3034; x_wconf 84' lang='grc' dir='ltr'><strong><em>ῆν</em></strong></span> <span class='ocrx_word' id='word_1_226' title='bbox 635 2952 692 3030; x_wconf 74' lang='grc' dir='ltr'><strong><em>,έν</em></strong></span> <span class='ocrx_word' id='word_1_227' title='bbox 714 2945 865 3028; x_wconf 78' lang='grc' dir='ltr'><strong><em>λύπαις,“</em></strong></span> <span class='ocrx_word' id='word_1_228' title='bbox 887 2951 1044 3016; x_wconf 89' lang='grc' dir='ltr'><strong><em>τουτέστι</em></strong></span> <span class='ocrx_word' id='word_1_229' title='bbox 1065 2941 1195 3028; x_wconf 87' lang='grc' dir='ltr'><strong><em>πόνοις.</em></strong></span> <span class='ocrx_word' id='word_1_230' title='bbox 1218 2949 1322 3015; x_wconf 82' lang='grc' dir='ltr'><strong><em>ἐσθίει</em></strong></span> <span class='ocrx_word' id='word_1_231' title='bbox 1343 2951 1410 3027; x_wconf 83' lang='grc' dir='ltr'><strong><em>πᾶς</em></strong></span> <span class='ocrx_word' id='word_1_232' title='bbox 1431 2939 1564 3031; x_wconf 86' lang='grc' dir='ltr'><strong><em>άνθρω-</em></strong></span> 
     </span>
     <span class='ocr_line' id='line_1_26' title="bbox 210 3040 1561 3134; baseline -0.001 -20"><span class='ocrx_word' id='word_1_233' title='bbox 210 3059 243 3114; x_wconf 83' lang='grc'><strong>25</strong></span> <span class='ocrx_word' id='word_1_234' title='bbox 261 3071 325 3124; x_wconf 94' lang='grc' dir='ltr'><strong><em>πος</em></strong></span> <span class='ocrx_word' id='word_1_235' title='bbox 356 3048 414 3128; x_wconf 84' lang='grc' dir='ltr'><strong><em>,,έν</em></strong></span> <span class='ocrx_word' id='word_1_236' title='bbox 442 3051 493 3132; x_wconf 88' lang='grc' dir='ltr'><strong><em>τῷ</em></strong></span> <span class='ocrx_word' id='word_1_237' title='bbox 515 3041 633 3134; x_wconf 48' lang='grc' dir='ltr'><strong><em>Ἀδάμ(</em></strong></span> <span class='ocrx_word' id='word_1_238' title='bbox 661 3042 866 3126; x_wconf 83' lang='grc' dir='ltr'><strong><em>άπσθανοόν,</em></strong></span> <span class='ocrx_word' id='word_1_239' title='bbox 893 3050 948 3115; x_wconf 87' lang='grc' dir='ltr'><strong><em>καὶ</em></strong></span> <span class='ocrx_word' id='word_1_240' title='bbox 975 3048 1079 3114; x_wconf 78' lang='grc' dir='ltr'><strong><em>ἐσθίει</em></strong></span> <span class='ocrx_word' id='word_1_241' title='bbox 1107 3042 1235 3127; x_wconf 71' lang='grc' dir='ltr'><strong><em>,πάσας</em></strong></span> <span class='ocrx_word' id='word_1_242' title='bbox 1258 3043 1318 3127; x_wconf 85' lang='grc' dir='ltr'><strong><em>τὰς</em></strong></span> <span class='ocrx_word' id='word_1_243' title='bbox 1340 3040 1462 3132; x_wconf 79' lang='grc' dir='ltr'><strong><em>ἡμέρας</em></strong></span> <span class='ocrx_word' id='word_1_244' title='bbox 1482 3050 1561 3132; x_wconf 49' lang='grc' dir='ltr'><strong><em>τῆςί·</em></strong></span> 
     </span>
     <span class='ocr_line' id='line_1_27' title="bbox 262 3139 1563 3234; baseline 0 -23"><span class='ocrx_word' id='word_1_245' title='bbox 262 3143 386 3212; x_wconf 77' lang='grc' dir='ltr'><strong><em>ἑαυτοῦ</em></strong></span> <span class='ocrx_word' id='word_1_246' title='bbox 411 3149 550 3232; x_wconf 85' lang='grc' dir='ltr'><strong><em>,,ζωῆς.“</em></strong></span> <span class='ocrx_word' id='word_1_247' title='bbox 592 3151 646 3214; x_wconf 88' lang='grc' dir='ltr'><strong><em>καί</em></strong></span> <span class='ocrx_word' id='word_1_248' title='bbox 679 3141 727 3227; x_wconf 75' lang='grc' dir='ltr'><strong><em>σός</em></strong></span> <span class='ocrx_word' id='word_1_249' title='bbox 755 3141 1042 3232; x_wconf 81' lang='grc' dir='ltr'><strong><em>,,έπικατάρατος“</em></strong></span> <span class='ocrx_word' id='word_1_250' title='bbox 1071 3151 1161 3216; x_wconf 84' lang='grc' dir='ltr'><strong><em>πᾶσα</em></strong></span> <span class='ocrx_word' id='word_1_251' title='bbox 1192 3139 1212 3232; x_wconf 90' lang='lat'><strong><em>6</em></strong></span> <span class='ocrx_word' id='word_1_252' title='bbox 1243 3151 1288 3234; x_wconf 93' lang='grc' dir='ltr'><strong><em>γῆ</em></strong></span> <span class='ocrx_word' id='word_1_253' title='bbox 1317 3139 1488 3226; x_wconf 75' lang='grc' dir='ltr'><strong><em>,ἀκάνθας</em></strong></span> <span class='ocrx_word' id='word_1_254' title='bbox 1509 3147 1563 3212; x_wconf 87' lang='grc' dir='ltr'><strong><em>καὶ</em></strong></span> 
     </span>
     <span class='ocr_line' id='line_1_28' title="bbox 262 3239 1564 3333; baseline -0.001 -21"><span class='ocrx_word' id='word_1_255' title='bbox 262 3239 439 3331; x_wconf 89' lang='grc' dir='ltr'><strong><em>τριβόλους</em></strong></span> <span class='ocrx_word' id='word_1_256' title='bbox 460 3239 636 3313; x_wconf 79' lang='grc' dir='ltr'><strong><em>όνατελεί“</em></strong></span> <span class='ocrx_word' id='word_1_257' title='bbox 659 3243 787 3328; x_wconf 71' lang='grc' dir='ltr'><strong><em>,πάσας</em></strong></span> <span class='ocrx_word' id='word_1_258' title='bbox 810 3243 871 3326; x_wconf 86' lang='grc' dir='ltr'><strong><em>τὰς</em></strong></span> <span class='ocrx_word' id='word_1_259' title='bbox 893 3240 1014 3333; x_wconf 81' lang='grc' dir='ltr'><strong><em>ἡμέρας</em></strong></span> <span class='ocrx_word' id='word_1_260' title='bbox 1037 3250 1097 3332; x_wconf 92' lang='grc' dir='ltr'><strong><em>τῆς</em></strong></span> <span class='ocrx_word' id='word_1_261' title='bbox 1120 3249 1228 3332; x_wconf 54' lang='grc' dir='ltr'><strong><em>ζωῆς(</em></strong></span> <span class='ocrx_word' id='word_1_262' title='bbox 1251 3249 1314 3314; x_wconf 88' lang='grc' dir='ltr'><strong><em>τού</em></strong></span> <span class='ocrx_word' id='word_1_263' title='bbox 1337 3248 1374 3314; x_wconf 84' lang='grc' dir='ltr'><strong><em>έν</em></strong></span> <span class='ocrx_word' id='word_1_264' title='bbox 1396 3249 1447 3331; x_wconf 89' lang='grc' dir='ltr'><strong><em>τῷ</em></strong></span> <span class='ocrx_word' id='word_1_265' title='bbox 1466 3239 1564 3331; x_wconf 78' lang='grc' dir='ltr'><strong><em>Ἀδύιμ</em></strong></span> 
     </span>
     <span class='ocr_line' id='line_1_29' title="bbox 261 3339 1563 3431; baseline 0 -19"><span class='ocrx_word' id='word_1_266' title='bbox 261 3345 489 3431; x_wconf 82' lang='grc' dir='ltr'><strong><em>ἐκβληθέντος</em></strong></span> <span class='ocrx_word' id='word_1_267' title='bbox 519 3339 587 3414; x_wconf 85' lang='grc' dir='ltr'><strong><em>άπὸ</em></strong></span> <span class='ocrx_word' id='word_1_268' title='bbox 619 3351 681 3415; x_wconf 88' lang='grc' dir='ltr'><strong><em>τοῦ</em></strong></span> <span class='ocrx_word' id='word_1_269' title='bbox 712 3348 931 3431; x_wconf 90' lang='grc' dir='ltr'><strong><em>παραδείσου,</em></strong></span> <span class='ocrx_word' id='word_1_270' title='bbox 958 3350 1013 3412; x_wconf 91' lang='grc' dir='ltr'><strong><em>καί</em></strong></span> <span class='ocrx_word' id='word_1_271' title='bbox 1040 3347 1098 3428; x_wconf 75' lang='grc' dir='ltr'><strong><em>,έν</em></strong></span> <span class='ocrx_word' id='word_1_272' title='bbox 1125 3346 1244 3430; x_wconf 79' lang='grc' dir='ltr'><strong><em>ἱδρῶτι</em></strong></span> <span class='ocrx_word' id='word_1_273' title='bbox 1270 3349 1333 3414; x_wconf 86' lang='grc' dir='ltr'><strong><em>τοῦ</em></strong></span> <span class='ocrx_word' id='word_1_274' title='bbox 1354 3342 1563 3431; x_wconf 80' lang='grc' dir='ltr'><strong><em>προσώπου“</em></strong></span> 
     </span>
     <span class='ocr_line' id='line_1_30' title="bbox 263 3437 1566 3532; baseline 0.001 -21"><span class='ocrx_word' id='word_1_275' title='bbox 263 3443 385 3513; x_wconf 75' lang='grc' dir='ltr'><strong><em>ἑαυτοῦ</em></strong></span> <span class='ocrx_word' id='word_1_276' title='bbox 406 3445 510 3512; x_wconf 82' lang='grc' dir='ltr'><strong><em>ἐσθίει</em></strong></span> <span class='ocrx_word' id='word_1_277' title='bbox 532 3448 599 3524; x_wconf 84' lang='grc' dir='ltr'><strong><em>πᾶς</em></strong></span> <span class='ocrx_word' id='word_1_278' title='bbox 622 3437 809 3532; x_wconf 88' lang='grc' dir='ltr'><strong><em>άνθρωπος</em></strong></span> <span class='ocrx_word' id='word_1_279' title='bbox 832 3441 895 3514; x_wconf 87' lang='grc' dir='ltr'><strong><em>τὸν</em></strong></span> <span class='ocrx_word' id='word_1_280' title='bbox 917 3444 1039 3513; x_wconf 73' lang='grc' dir='ltr'><strong><em>ἑαυτοῦ</em></strong></span> <span class='ocrx_word' id='word_1_281' title='bbox 1060 3439 1176 3530; x_wconf 86' lang='grc' dir='ltr'><strong><em>άρτον,</em></strong></span> <span class='ocrx_word' id='word_1_282' title='bbox 1199 3445 1284 3527; x_wconf 73' lang='grc' dir='ltr'><strong><em>,ἕως</em></strong></span> <span class='ocrx_word' id='word_1_283' title='bbox 1306 3446 1498 3530; x_wconf 82' lang='grc' dir='ltr'><strong><em>ἐπιστρέψει</em></strong></span> <span class='ocrx_word' id='word_1_284' title='bbox 1520 3447 1566 3524; x_wconf 91' lang='grc' dir='ltr'><strong><em>εἰς</em></strong></span> 
     </span>
     <span class='ocr_line' id='line_1_31' title="bbox 211 3533 1566 3632; baseline 0.002 -23"><span class='ocrx_word' id='word_1_285' title='bbox 211 3556 245 3609; x_wconf 88' lang='grc'><strong><em>30</em></strong></span> <span class='ocrx_word' id='word_1_286' title='bbox 264 3543 327 3630; x_wconf 82' lang='grc' dir='ltr'><strong><em>τὴν</em></strong></span> <span class='ocrx_word' id='word_1_287' title='bbox 353 3548 437 3630; x_wconf 85' lang='grc' dir='ltr'><strong><em>γῆν,</em></strong></span> <span class='ocrx_word' id='word_1_288' title='bbox 465 3547 500 3627; x_wconf 77' lang='grc' dir='ltr'><strong><em>ἐξ</em></strong></span> <span class='ocrx_word' id='word_1_289' title='bbox 527 3533 565 3632; x_wconf 87' lang='grc' dir='ltr'><strong><em>ῆς</em></strong></span> <span class='ocrx_word' id='word_1_290' title='bbox 592 3539 757 3632; x_wconf 81' lang='grc' dir='ltr'><strong><em>έλήφθη.“</em></strong></span> <span class='ocrx_word' id='word_1_291' title='bbox 801 3543 911 3614; x_wconf 87' lang='grc' dir='ltr'><strong><em>πολύν</em></strong></span> <span class='ocrx_word' id='word_1_292' title='bbox 939 3549 1000 3631; x_wconf 84' lang='grc' dir='ltr'><strong><em>μὲν</em></strong></span> <span class='ocrx_word' id='word_1_293' title='bbox 1026 3533 1088 3613; x_wconf 82' lang='grc' dir='ltr'><strong><em>οὖν</em></strong></span> <span class='ocrx_word' id='word_1_294' title='bbox 1115 3543 1179 3629; x_wconf 88' lang='grc' dir='ltr'><strong><em>ἔχει</em></strong></span> <span class='ocrx_word' id='word_1_295' title='bbox 1207 3539 1311 3631; x_wconf 89' lang='grc' dir='ltr'><strong><em>λόγον</em></strong></span> <span class='ocrx_word' id='word_1_296' title='bbox 1332 3536 1394 3614; x_wconf 84' lang='grc' dir='ltr'><strong><em>όλα</em></strong></span> <span class='ocrx_word' id='word_1_297' title='bbox 1415 3541 1458 3612; x_wconf 82' lang='grc' dir='ltr'><strong><em>τά</em></strong></span> <span class='ocrx_word' id='word_1_298' title='bbox 1479 3541 1566 3612; x_wconf 83' lang='grc' dir='ltr'><strong><em>κατὰ</em></strong></span> 
     </span>
     <span class='ocr_line' id='line_1_32' title="bbox 263 3639 1566 3731; baseline -0.002 -19"><span class='ocrx_word' id='word_1_299' title='bbox 263 3643 327 3713; x_wconf 88' lang='grc' dir='ltr'><strong><em>τὸν</em></strong></span> <span class='ocrx_word' id='word_1_300' title='bbox 358 3641 469 3714; x_wconf 91' lang='grc' dir='ltr'><strong><em>τόπον</em></strong></span> <span class='ocrx_word' id='word_1_301' title='bbox 501 3650 640 3726; x_wconf 84' lang='grc' dir='ltr'><strong><em>τοῦτον,</em></strong></span> <span class='ocrx_word' id='word_1_302' title='bbox 673 3639 859 3731; x_wconf 88' lang='grc' dir='ltr'><strong><em>δυνάμενον</em></strong></span> <span class='ocrx_word' id='word_1_303' title='bbox 891 3648 936 3724; x_wconf 87' lang='grc' dir='ltr'><strong><em>εἰς</em></strong></span> <span class='ocrx_word' id='word_1_304' title='bbox 964 3642 1028 3730; x_wconf 84' lang='grc' dir='ltr'><strong><em>τὴν</em></strong></span> <span class='ocrx_word' id='word_1_305' title='bbox 1053 3639 1237 3730; x_wconf 81' lang='grc' dir='ltr'><strong><em>σαφήνειαν</em></strong></span> <span class='ocrx_word' id='word_1_306' title='bbox 1264 3649 1337 3713; x_wconf 81' lang='grc' dir='ltr'><strong><em>τῶν</em></strong></span> <span class='ocrx_word' id='word_1_307' title='bbox 1364 3647 1490 3727; x_wconf 77' lang='grc' dir='ltr'><strong><em>λέξεων</em></strong></span> <span class='ocrx_word' id='word_1_308' title='bbox 1510 3669 1566 3710; x_wconf 94' lang='grc' dir='ltr'><strong><em>κα-</em></strong></span> 
     </span>
     <span class='ocr_line' id='line_1_33' title="bbox 263 3737 1566 3832; baseline -0.002 -20"><span class='ocrx_word' id='word_1_309' title='bbox 263 3747 548 3831; x_wconf 88' lang='grc' dir='ltr'><strong><em>τασκευασθῆναι·</em></strong></span> <span class='ocrx_word' id='word_1_310' title='bbox 572 3737 698 3830; x_wconf 81' lang='grc' dir='ltr'><strong><em>ὀλίγοις</em></strong></span> <span class='ocrx_word' id='word_1_311' title='bbox 720 3737 753 3810; x_wconf 77' lang='grc' dir='ltr'><strong><em>δ’</em></strong></span> <span class='ocrx_word' id='word_1_312' title='bbox 774 3746 828 3812; x_wconf 84' lang='grc' dir='ltr'><strong><em>ἰπὶ</em></strong></span> <span class='ocrx_word' id='word_1_313' title='bbox 850 3748 913 3813; x_wconf 85' lang='grc' dir='ltr'><strong><em>τοῦ</em></strong></span> <span class='ocrx_word' id='word_1_314' title='bbox 935 3737 1109 3831; x_wconf 90' lang='grc' dir='ltr'><strong><em>παρόντος</em></strong></span> <span class='ocrx_word' id='word_1_315' title='bbox 1128 3739 1345 3832; x_wconf 89' lang='grc' dir='ltr'><strong><em>ήρκέσθημεν,</em></strong></span> <span class='ocrx_word' id='word_1_316' title='bbox 1368 3737 1566 3830; x_wconf 91' lang='grc' dir='ltr'><strong><em>βουλόμενοι</em></strong></span> 
     </span>
    </p>
   </div>
   <div class='ocr_carea' id='block_1_5' title="bbox 264 3959 1568 4200">
    <p class='ocr_par' dir='ltr' id='par_1_5' title="bbox 264 3959 1568 4200">
     <span class='ocr_line' id='line_1_34' title="bbox 349 3959 1567 4031; baseline -0.006 -12"><span class='ocrx_word' id='word_1_317' title='bbox 349 3963 368 4019; x_wconf 85' lang='grc'><strong>8</strong></span> <span class='ocrx_word' id='word_1_318' title='bbox 386 3961 473 4028; x_wconf 72' lang='lat' dir='ltr'>Plato,</span> <span class='ocrx_word' id='word_1_319' title='bbox 492 3961 607 4016; x_wconf 63' lang='lat' dir='ltr'>Phidon</span> <span class='ocrx_word' id='word_1_320' title='bbox 627 3959 693 4031; x_wconf 77' lang='lat' dir='ltr'>Gap.</span> <span class='ocrx_word' id='word_1_321' title='bbox 713 3961 800 4014; x_wconf 86' lang='lat' dir='ltr'>LVIII</span> <span class='ocrx_word' id='word_1_322' title='bbox 818 3978 845 4030; x_wconf 88' lang='lat' dir='ltr'><strong><em>p.</em></strong></span> <span class='ocrx_word' id='word_1_323' title='bbox 865 3962 913 4015; x_wconf 87' lang='lat'><strong><em>109</em></strong></span> <span class='ocrx_word' id='word_1_324' title='bbox 931 3961 995 4016; x_wconf 90' lang='lat' dir='ltr'><strong><em>AB.</em></strong></span> <span class='ocrx_word' id='word_1_325' title='bbox 1014 3990 1046 3999; x_wconf 98' lang='lat'>-</span> <span class='ocrx_word' id='word_1_326' title='bbox 1066 3960 1105 4016; x_wconf 84' lang='lat'><strong><em>18</em></strong></span> <span class='ocrx_word' id='word_1_327' title='bbox 1124 3959 1186 4028; x_wconf 82' lang='lat' dir='ltr'><strong>Vgl.</strong></span> <span class='ocrx_word' id='word_1_328' title='bbox 1206 3959 1291 4014; x_wconf 85' lang='lat' dir='ltr'>Exod.</span> <span class='ocrx_word' id='word_1_329' title='bbox 1308 3962 1333 4026; x_wconf 81' lang='lat'><strong><em>3,</em></strong></span> <span class='ocrx_word' id='word_1_330' title='bbox 1349 3960 1374 4014; x_wconf 92' lang='lat'><strong><em>8.</em></strong></span> <span class='ocrx_word' id='word_1_331' title='bbox 1394 3991 1425 3999; x_wconf 97' lang='lat'>-</span> <span class='ocrx_word' id='word_1_332' title='bbox 1443 3961 1481 4016; x_wconf 89' lang='grc'><strong><em>22</em></strong></span> <span class='ocrx_word' id='word_1_333' title='bbox 1501 3960 1567 4014; x_wconf 79' lang='lat' dir='ltr'>Gon.</span> 
     </span>
     <span class='ocr_line' id='line_1_35' title="bbox 264 4044 1568 4114; baseline -0.004 -11"><span class='ocrx_word' id='word_1_334' title='bbox 264 4052 287 4114; x_wconf 98' lang='lat'><strong><em>3,</em></strong></span> <span class='ocrx_word' id='word_1_335' title='bbox 308 4051 347 4103; x_wconf 80' lang='lat'><strong><em>17.</em></strong></span> <span class='ocrx_word' id='word_1_336' title='bbox 364 4077 398 4088; x_wconf 89' lang='lat'>-</span> <span class='ocrx_word' id='word_1_337' title='bbox 417 4046 456 4103; x_wconf 79' lang='grc'><strong>25</strong></span> <span class='ocrx_word' id='word_1_338' title='bbox 474 4045 538 4114; x_wconf 84' lang='lat' dir='ltr'><strong>Vgl.</strong></span> <span class='ocrx_word' id='word_1_339' title='bbox 550 4047 562 4100; x_wconf 94' lang='lat' dir='ltr'>I</span> <span class='ocrx_word' id='word_1_340' title='bbox 575 4047 638 4100; x_wconf 80' lang='grc' dir='ltr'><strong><em>Κατ.</em></strong></span> <span class='ocrx_word' id='word_1_341' title='bbox 653 4049 692 4110; x_wconf 80' lang='lat'><strong><em>15,</em></strong></span> <span class='ocrx_word' id='word_1_342' title='bbox 706 4047 739 4100; x_wconf 84' lang='lat'><strong><em>22</em></strong></span> <span class='ocrx_word' id='word_1_343' title='bbox 756 4045 813 4098; x_wconf 89' lang='lat' dir='ltr'><strong><em>und</em></strong></span> <span class='ocrx_word' id='word_1_344' title='bbox 825 4045 894 4099; x_wconf 84' lang='lat' dir='ltr'><strong>oben</strong></span> <span class='ocrx_word' id='word_1_345' title='bbox 907 4044 945 4097; x_wconf 90' lang='lat' dir='ltr'><strong><em>IV</em></strong></span> <span class='ocrx_word' id='word_1_346' title='bbox 957 4047 998 4107; x_wconf 83' lang='lat'><strong><em>40,</em></strong></span> <span class='ocrx_word' id='word_1_347' title='bbox 1012 4046 1023 4098; x_wconf 94' lang='lat' dir='ltr'>I</span> <span class='ocrx_word' id='word_1_348' title='bbox 1037 4046 1087 4098; x_wconf 89' lang='grc'><strong><em>313</em></strong></span> <span class='ocrx_word' id='word_1_349' title='bbox 1105 4045 1131 4099; x_wconf 88' lang='grc' dir='ltr'><strong><em>Ζ.</em></strong></span> <span class='ocrx_word' id='word_1_350' title='bbox 1145 4047 1176 4100; x_wconf 85' lang='lat'><strong><em>19</em></strong></span> <span class='ocrx_word' id='word_1_351' title='bbox 1187 4045 1204 4100; x_wconf 86' lang='grc' dir='ltr'><strong><em>ί.</em></strong></span> <span class='ocrx_word' id='word_1_352' title='bbox 1223 4075 1256 4084; x_wconf 86' lang='grc'>-</span> <span class='ocrx_word' id='word_1_353' title='bbox 1274 4045 1314 4100; x_wconf 84' lang='grc'><strong>28</strong></span> <span class='ocrx_word' id='word_1_354' title='bbox 1333 4044 1568 4114; x_wconf 79' lang='lat' dir='ltr'>Vgl.Gen.3,17.</span> 
     </span>
     <span class='ocr_line' id='line_1_36' title="bbox 265 4129 1239 4200; baseline -0.004 -14"><span class='ocrx_word' id='word_1_355' title='bbox 265 4165 296 4172; x_wconf 97' lang='lat'>-</span> <span class='ocrx_word' id='word_1_356' title='bbox 315 4133 381 4186; x_wconf 84' lang='lat' dir='ltr'><strong>Gen.</strong></span> <span class='ocrx_word' id='word_1_357' title='bbox 400 4133 483 4194; x_wconf 88' lang='grc'><strong><em>3,18.</em></strong></span> <span class='ocrx_word' id='word_1_358' title='bbox 502 4161 534 4169; x_wconf 96' lang='grc'>-</span> <span class='ocrx_word' id='word_1_359' title='bbox 553 4131 590 4186; x_wconf 80' lang='grc'><strong>27</strong></span> <span class='ocrx_word' id='word_1_360' title='bbox 612 4131 674 4200; x_wconf 84' lang='lat' dir='ltr'>Vgl.</span> <span class='ocrx_word' id='word_1_361' title='bbox 694 4131 761 4186; x_wconf 84' lang='lat' dir='ltr'><strong>Gen.</strong></span> <span class='ocrx_word' id='word_1_362' title='bbox 779 4132 803 4194; x_wconf 89' lang='lat'><strong><em>3,</em></strong></span> <span class='ocrx_word' id='word_1_363' title='bbox 822 4132 862 4184; x_wconf 86' lang='grc'><strong><em>17.</em></strong></span> <span class='ocrx_word' id='word_1_364' title='bbox 880 4159 913 4169; x_wconf 90' lang='grc'><strong>-</strong></span> <span class='ocrx_word' id='word_1_365' title='bbox 932 4130 971 4186; x_wconf 88' lang='grc'><strong>28</strong></span> <span class='ocrx_word' id='word_1_366' title='bbox 991 4129 1053 4198; x_wconf 85' lang='lat' dir='ltr'>Vgl.</span> <span class='ocrx_word' id='word_1_367' title='bbox 1072 4129 1139 4184; x_wconf 80' lang='lat' dir='ltr'><strong>Gen.</strong></span> <span class='ocrx_word' id='word_1_368' title='bbox 1157 4131 1181 4194; x_wconf 88' lang='grc'><strong><em>3,</em></strong></span> <span class='ocrx_word' id='word_1_369' title='bbox 1200 4131 1239 4183; x_wconf 87' lang='grc'><strong><em>19.</em></strong></span> 
     </span>
    </p>
   </div>
   <div class='ocr_carea' id='block_1_6' title="bbox 265 4305 1571 4790">
    <p class='ocr_par' dir='ltr' id='par_1_6' title="bbox 265 4305 1571 4725">
     <span class='ocr_line' id='line_1_37' title="bbox 351 4305 1569 4385; baseline -0.006 -11"><span class='ocrx_word' id='word_1_370' title='bbox 351 4319 367 4374; x_wconf 93' lang='grc'><strong>1</strong></span> <span class='ocrx_word' id='word_1_371' title='bbox 392 4316 421 4373; x_wconf 80' lang='grc' dir='ltr'><strong><em>δὲ</em></strong></span> <span class='ocrx_word' id='word_1_372' title='bbox 438 4320 463 4372; x_wconf 85' lang='grc' dir='ltr'><strong>Α</strong></span> <span class='ocrx_word' id='word_1_373' title='bbox 481 4311 503 4372; x_wconf 81' lang='grc' dir='ltr'><strong><em>δ’</em></strong></span> <span class='ocrx_word' id='word_1_374' title='bbox 522 4317 659 4385; x_wconf 83' lang='lat' dir='ltr'>MAusgg</span> <span class='ocrx_word' id='word_1_375' title='bbox 684 4319 688 4384; x_wconf 99' lang='grc' dir='ltr'>Ι</span> <span class='ocrx_word' id='word_1_376' title='bbox 713 4315 731 4370; x_wconf 86' lang='grc'><strong>2</strong></span> <span class='ocrx_word' id='word_1_377' title='bbox 755 4305 846 4378; x_wconf 80' lang='grc' dir='ltr'><strong><em>οότως</em></strong></span> <span class='ocrx_word' id='word_1_378' title='bbox 864 4318 888 4368; x_wconf 99' lang='lat' dir='ltr'>A</span> <span class='ocrx_word' id='word_1_379' title='bbox 907 4305 983 4370; x_wconf 85' lang='grc' dir='ltr'><strong><em>ούτω</em></strong></span> <span class='ocrx_word' id='word_1_380' title='bbox 1005 4315 1143 4383; x_wconf 78' lang='lat' dir='ltr'>MAusgg</span> <span class='ocrx_word' id='word_1_381' title='bbox 1168 4317 1171 4380; x_wconf 97' lang='grc' dir='ltr'>Ι</span> <span class='ocrx_word' id='word_1_382' title='bbox 1196 4313 1215 4368; x_wconf 84' lang='grc'>4</span> <span class='ocrx_word' id='word_1_383' title='bbox 1237 4313 1358 4381; x_wconf 84' lang='grc' dir='ltr'><strong><em>φασίδος</em></strong></span> <span class='ocrx_word' id='word_1_384' title='bbox 1379 4318 1404 4369; x_wconf 92' lang='lat' dir='ltr'>A</span> <span class='ocrx_word' id='word_1_385' title='bbox 1427 4315 1431 4382; x_wconf 97' lang='grc' dir='ltr'>Ι</span> <span class='ocrx_word' id='word_1_386' title='bbox 1456 4319 1569 4385; x_wconf 80' lang='grc' dir='ltr'><strong><em>σμικρο·</em></strong></span> 
     </span>
     <span class='ocr_line' id='line_1_38' title="bbox 266 4397 1569 4473; baseline -0.002 -16"><span class='ocrx_word' id='word_1_387' title='bbox 266 4404 344 4458; x_wconf 77' lang='lat' dir='ltr'>Plato</span> <span class='ocrx_word' id='word_1_388' title='bbox 354 4405 455 4471; x_wconf 81' lang='lat' dir='ltr'>Ausgg.</span> <span class='ocrx_word' id='word_1_389' title='bbox 473 4404 609 4473; x_wconf 81' lang='grc' dir='ltr'><strong><em>μικριῦΑ</em></strong></span> <span class='ocrx_word' id='word_1_390' title='bbox 632 4403 637 4470; x_wconf 98' lang='grc' dir='ltr'>Ι</span> <span class='ocrx_word' id='word_1_391' title='bbox 661 4401 680 4455; x_wconf 92' lang='lat'><strong><em>6</em></strong></span> <span class='ocrx_word' id='word_1_392' title='bbox 705 4401 855 4470; x_wconf 83' lang='grc' dir='ltr'><strong><em>(πολλοῖς)</em></strong></span> <span class='ocrx_word' id='word_1_393' title='bbox 878 4399 942 4468; x_wconf 73' lang='lat' dir='ltr'><strong>fuge</strong></span> <span class='ocrx_word' id='word_1_394' title='bbox 965 4399 1009 4452; x_wconf 80' lang='lat' dir='ltr'><strong><em>ioh</em></strong></span> <span class='ocrx_word' id='word_1_395' title='bbox 1033 4399 1084 4452; x_wconf 81' lang='lat' dir='ltr'><strong><em>mit</em></strong></span> <span class='ocrx_word' id='word_1_396' title='bbox 1072 4398 1181 4452; x_wconf 76' lang='lat' dir='ltr'><strong>tplato</strong></span> <span class='ocrx_word' id='word_1_397' title='bbox 1199 4415 1225 4452; x_wconf 89' lang='lat' dir='ltr'>u</span> <span class='ocrx_word' id='word_1_398' title='bbox 1244 4397 1296 4451; x_wconf 80' lang='lat' dir='ltr'><strong><em>den</em></strong></span> <span class='ocrx_word' id='word_1_399' title='bbox 1315 4402 1416 4468; x_wconf 81' lang='lat' dir='ltr'>Ausgg.</span> <span class='ocrx_word' id='word_1_400' title='bbox 1435 4400 1479 4453; x_wconf 82' lang='lat' dir='ltr'><strong><em>ein</em></strong></span> <span class='ocrx_word' id='word_1_401' title='bbox 1502 4404 1506 4466; x_wconf 97' lang='grc' dir='ltr'>Ι</span> <span class='ocrx_word' id='word_1_402' title='bbox 1532 4400 1569 4455; x_wconf 80' lang='lat'><strong><em>15</em></strong></span> 
     </span>
     <span class='ocr_line' id='line_1_39' title="bbox 265 4477 1571 4579; baseline -0.003 -37"><span class='ocrx_word' id='word_1_403' title='bbox 265 4496 316 4560; x_wconf 81' lang='grc' dir='ltr'><strong><em>γῆς</em></strong></span> <span class='ocrx_word' id='word_1_404' title='bbox 333 4487 456 4542; x_wconf 81' lang='lat' dir='ltr'><strong>schreibe</strong></span> <span class='ocrx_word' id='word_1_405' title='bbox 474 4487 531 4550; x_wconf 86' lang='lat' dir='ltr'>ich,</span> <span class='ocrx_word' id='word_1_406' title='bbox 549 4493 599 4556; x_wconf 82' lang='grc' dir='ltr'><strong><em>τῆς</em></strong></span> <span class='ocrx_word' id='word_1_407' title='bbox 621 4489 753 4553; x_wconf 75' lang='lat' dir='ltr'>AAusgg.</span> <span class='ocrx_word' id='word_1_408' title='bbox 777 4486 782 4552; x_wconf 91' lang='grc' dir='ltr'>Ι</span> <span class='ocrx_word' id='word_1_409' title='bbox 807 4483 845 4540; x_wconf 90' lang='lat'><strong><em>16</em></strong></span> <span class='ocrx_word' id='word_1_410' title='bbox 866 4477 1091 4557; x_wconf 74' lang='lat' dir='ltr'>hintero6pavq]</span> <span class='ocrx_word' id='word_1_411' title='bbox 1110 4492 1141 4548; x_wconf 89' lang='grc' dir='ltr'><strong><em>-Ι-</em></strong></span> <span class='ocrx_word' id='word_1_412' title='bbox 1159 4489 1211 4554; x_wconf 84' lang='grc' dir='ltr'><strong><em>γῆς</em></strong></span> <span class='ocrx_word' id='word_1_413' title='bbox 1227 4483 1285 4536; x_wconf 84' lang='lat' dir='ltr'>Del.</span> <span class='ocrx_word' id='word_1_414' title='bbox 1302 4483 1359 4548; x_wconf 88' lang='grc'><strong>120</strong></span> <span class='ocrx_word' id='word_1_415' title='bbox 1380 4481 1571 4579; x_wconf 87' lang='grc' dir='ltr'><strong><em>νομιζομένην</em></strong></span> 
     </span>
     <span class='ocr_line' id='line_1_40' title="bbox 266 4558 1569 4710; baseline -0.004 -84"><span class='ocrx_word' id='word_1_416' title='bbox 266 4575 402 4641; x_wconf 79' lang='lat' dir='ltr'>MAusgg.</span> <span class='ocrx_word' id='word_1_417' title='bbox 421 4571 558 4710; x_wconf 59' lang='grc' dir='ltr'><strong><em>νομίζωνὲ</em></strong></span> <span class='ocrx_word' id='word_1_418' title='bbox 563 4574 586 4624; x_wconf 93' lang='lat' dir='ltr'>A</span> <span class='ocrx_word' id='word_1_419' title='bbox 602 4575 605 4636; x_wconf 95' lang='grc' dir='ltr'>Ι</span> <span class='ocrx_word' id='word_1_420' title='bbox 622 4571 661 4626; x_wconf 87' lang='grc'><strong>28</strong></span> <span class='ocrx_word' id='word_1_421' title='bbox 679 4560 815 4639; x_wconf 83' lang='grc' dir='ltr'><strong><em>περιόλης</em></strong></span> <span class='ocrx_word' id='word_1_422' title='bbox 832 4558 967 4638; x_wconf 70' lang='grc' dir='ltr'><strong>ΑΙ24“</strong></span> <span class='ocrx_word' id='word_1_423' title='bbox 951 4588 986 4639; x_wconf 87' lang='grc' dir='ltr'><strong><em>ην</em></strong></span> <span class='ocrx_word' id='word_1_424' title='bbox 1002 4569 1136 4638; x_wconf 84' lang='lat' dir='ltr'>MAusgg.</span> <span class='ocrx_word' id='word_1_425' title='bbox 1156 4560 1288 4638; x_wconf 79' lang='grc' dir='ltr'><strong>ῆΑΙ28</strong></span> <span class='ocrx_word' id='word_1_426' title='bbox 1306 4564 1338 4623; x_wconf 88' lang='grc' dir='ltr'><strong><em>έν</em></strong></span> <span class='ocrx_word' id='word_1_427' title='bbox 1355 4563 1462 4639; x_wconf 84' lang='grc' dir='ltr'><strong><em>λδρῶτι]</em></strong></span> <span class='ocrx_word' id='word_1_428' title='bbox 1481 4587 1497 4621; x_wconf 91' lang='grc' dir='ltr'><strong><em>ν</em></strong></span> <span class='ocrx_word' id='word_1_429' title='bbox 1514 4575 1526 4623; x_wconf 89' lang='grc' dir='ltr'><em>ῖ</em></span> <span class='ocrx_word' id='word_1_430' title='bbox 1540 4569 1569 4621; x_wconf 87' lang='lat' dir='ltr'><strong><em>in</em></strong></span> 
     </span>
     <span class='ocr_line' id='line_1_41' title="bbox 266 4647 1493 4725; baseline -0.005 -13"><span class='ocrx_word' id='word_1_431' title='bbox 266 4659 409 4712; x_wconf 74' lang='lat' dir='ltr'><strong>Correetur</strong></span> <span class='ocrx_word' id='word_1_432' title='bbox 426 4660 450 4710; x_wconf 88' lang='lat' dir='ltr'>A</span> <span class='ocrx_word' id='word_1_433' title='bbox 465 4659 469 4725; x_wconf 95' lang='grc' dir='ltr'>Ι</span> <span class='ocrx_word' id='word_1_434' title='bbox 485 4651 558 4712; x_wconf 81' lang='grc' dir='ltr'><strong>2θὲ</strong></span> <span class='ocrx_word' id='word_1_435' title='bbox 561 4661 649 4710; x_wconf 86' lang='grc' dir='ltr'><strong><em>αυτοῦ</em></strong></span> <span class='ocrx_word' id='word_1_436' title='bbox 667 4657 690 4706; x_wconf 83' lang='grc' dir='ltr'><strong>Α</strong></span> <span class='ocrx_word' id='word_1_437' title='bbox 710 4647 799 4708; x_wconf 78' lang='grc' dir='ltr'><strong><em>αὐτοῦ</em></strong></span> <span class='ocrx_word' id='word_1_438' title='bbox 815 4653 844 4705; x_wconf 89' lang='grc' dir='ltr'>Μ</span> <span class='ocrx_word' id='word_1_439' title='bbox 863 4652 953 4710; x_wconf 83' lang='grc' dir='ltr'><strong><em>αὑτοῦ</em></strong></span> <span class='ocrx_word' id='word_1_440' title='bbox 970 4656 1071 4721; x_wconf 77' lang='lat' dir='ltr'>Ausgg.</span> <span class='ocrx_word' id='word_1_441' title='bbox 1087 4647 1124 4721; x_wconf 97' lang='grc' dir='ltr'>Ι</span> <span class='ocrx_word' id='word_1_442' title='bbox 1108 4669 1198 4723; x_wconf 91' lang='grc' dir='ltr'><strong><em>αρτον</em></strong></span> <span class='ocrx_word' id='word_1_443' title='bbox 1217 4655 1319 4720; x_wconf 80' lang='lat' dir='ltr'>Ausgg.</span> <span class='ocrx_word' id='word_1_444' title='bbox 1335 4669 1446 4724; x_wconf 86' lang='grc' dir='ltr'><strong><em>χορτον</em></strong></span> <span class='ocrx_word' id='word_1_445' title='bbox 1462 4656 1493 4708; x_wconf 96' lang='lat' dir='ltr'>A</span> 
     </span>
    </p>

    <p class='ocr_par' dir='ltr' id='par_1_7' title="bbox 1305 4737 1355 4790">
     <span class='ocr_line' id='line_1_42' title="bbox 1305 4737 1355 4790; baseline 0.067 -2"><span class='ocrx_word' id='word_1_446' title='bbox 1305 4737 1355 4790; x_wconf 81' lang='lat'><strong><em>12*</em></strong></span> 
     </span>
    </p>
   </div>
   <div class='ocr_carea' id='block_1_7' title="bbox 0 0 1918 5532">
    <p class='ocr_par' dir='ltr' id='par_1_8' title="bbox 0 0 1918 5532">
     <span class='ocr_line' id='line_1_43' title="bbox 0 0 1918 5532; baseline 0 0"><span class='ocrx_word' id='word_1_447' title='bbox 0 0 1918 5532; x_wconf 95' lang='lat' dir='ltr'><strong><em> </em></strong></span> 
     </span>
    </p>
   </div>
  </div>
 </body>
</html>
