3790 5526
627 474 727 529 ΚΑΤΑ
753 473 911 530 ΚΕΛΣΟΥ
934 476 976 534 71
997 475 1038 530 27.
1056 475 1097 530 28.
1115 476 1156 531 29.
1174 476 1216 532 30.
1528 485 1569 546 99

258 643 334 710 ανοί
364 646 547 722 καλεῖσθαι,
575 633 761 726 Εὐφράτην
792 634 869 708 τινά
900 635 1079 726 εἰσηγητὴν
1105 642 1179 708 τῶν
1208 635 1359 709 ἀνοσίων
1385 633 1570 725 αὐχοῦντες

261 733 383 826 λόγων.

340 857 451 922 XXIX.
489 848 566 924 Ele*
592 853 666 942 ἑξῆς
693 849 741 934 nic
764 857 1029 940 Χριστιανοῖς
1056 851 1315 943 λοιδορούμενος
1343 858 1397 922 καὶ
1423 881 1570 943 κατηγο-

258 958 332 1040 ρῶν
362 958 436 1023 τῶν
468 957 749 1042 κατηραμένον
778 946 949 1022 εἰπόντων
982 950 1054 1023 τὸν
1080 957 1282 1034 Μωῦσέως
1307 959 1362 1023 καί
1392 958 1464 1023 τοῦ
1493 949 1569 1023 κατ’

223 1047 365 1122 ὀαότόν
392 1047 518 1140 νόμου
542 1049 642 1122 θεὸν
668 1057 723 1122 καὶ
751 1048 905 1139 οἰόμενος
932 1050 1204 1140 Χριστιανοὺς
1235 1053 1319 1122 εἶναι
1350 1050 1429 1134 τούς
1459 1057 1569 1123 ταῦτα

257 1149 452 1240 ίέγοντάς
478 1173 572 1239 φησι·
609 1156 647 1221 τί
675 1143 721 1218 ἀν
748 1144 1026 1238 ἦλιίίιοότερον
1056 1145 1077 1238 ἢ
1108 1150 1388 1241 μανικώτερον
1419 1149 1569 1239 ταύτης

258 1255 329 1338 τῆς
360 1245 612 1340 ἀναισθήτοο
643 1255 788 1336 σοφίας
818 1254 1000 1337 γένοιτο,·
1035 1255 1073 1319 τί
1103 1249 1174 1338 γὰρ
1205 1247 1402 1337 ἐσφάλετο
1432 1245 1450 1321 ὁ
1480 1247 1570 1322 ’Iov-

258 1354 382 1419 δαίων
409 1357 648 1438 νομοθέτης
678 1353 854 1430 καὶπῶς
880 1347 954 1437 τὴν
981 1351 1136 1420 ἐκείνου
1163 1355 1453 1438 κοσμογένειαν
1480 1359 1570 1421 σαο-

257 1454 313 1538 τῷ
341 1445 404 1518 (1ιά
431 1476 560 1535 τινος,
588 1447 640 1532 ιός
668 1448 755 1536 φῂς,
783 1447 1010 1536 τυίποόιίοος
1037 1443 1281 1538 ἀλληγορίας
1309 1446 1521 1538 λαμβάνεις
1548 1443 1638 1540 ἢ653

207 1546 332 1618 1οτὀν
364 1543 563 1619 Ἰουδαίων
594 1546 731 1638 νόμον,
767 1551 945 1629 ἐπαινεῖς
976 1551 1016 1616 δὲ
1046 1542 1167 1632 ἄκων,
1204 1540 1232 1617 ὦ
1266 1554 1568 1633 δυσσεβέστατε,

258 1643 330 1716 τὸν
361 1652 432 1717 τοῦ
462 1644 612 1737 κόσμου
638 1643 897 1736 δημιουργὸν,
935 1644 1008 1716 τόν
1037 1643 1170 1717 πάντα
1199 1644 1477 1737 ὑποσχόμενον
1507 1645 1570 1719 αό-

257 1763 358 1828 τοῖς,
382 1743 453 1816 τὸν
476 1744 520 1816 τὸ
543 1751 657 1834 γένος
680 1743 814 1817 αὐτῶν
836 1741 1021 1834 αόξὴσειν
1038 1751 1147 1834 μέχρι
1166 1744 1354 1835 περάτων
1369 1754 1437 1838 γῆς
1452 1753 1570 1837 ἐπαγ·

256 1842 494 1934 γειλάμενον
515 1851 579 1915 καὶ
601 1841 846 1934 ἀναστήσειν
869 1848 910 1914 ἐκ
932 1850 1088 1932 νεκρῶν
1103 1841 1202 1934 αὐτῇ
1217 1853 1330 1934 σαρκὶ
1352 1853 1416 1917 καὶ
1433 1852 1570 1937 αίματι

256 1951 320 2015 καὶ
343 1962 433 2026 τοῖς
453 1941 684 2034 προφήταις
705 1946 947 2033 ἐμπνέοντα,
969 1949 1032 2014 καί
1054 1940 1176 2015 πόλιν
1192 1950 1341 2015 τοῦτον
1357 1952 1569 2035 λοιδορεῖς;

206 2040 345 2116 15ἀλλ’
377 2037 476 2115 όταν
507 2049 577 2133 μὲν
606 2040 682 2113 ἀπὸ
710 2041 872 2114 τούτων
898 2040 1025 2129 βιάζη,
1058 2040 1130 2113 τὸν
1161 2039 1285 2115 αὐτόν
1316 2043 1415 2114 θεὸν
1442 2051 1569 2130 σέβειν

257 2138 480 2231 ὁμολογεῖς·
504 2137 603 2214 όταν
625 2147 665 2212 δὲ
688 2140 735 2212 τὰ
758 2144 925 2212 ἐναντία
948 2136 967 2211 ὁ
989 2139 1056 2223 σὸς
1079 2141 1317 2225 διδάσκαλος
1338 2139 1483 2231 Ἰησοῦς
1503 2152 1567 2216 καί

256 2239 275 2314 ὁ
295 2238 497 2314 Ἰουδαίων
512 2245 686 2330 Μωϋσῆς
708 2248 927 2330 νομοθετῇ,
952 2238 1050 2310 θεὸν
1070 2235 1195 2312 ἀλλον
1218 2237 1309 2312 ἀντὶ
1331 2241 1482 2314 τούτου
1503 2252 1569 2316 καὶ

256 2339 503 2430 τοῦπατρὸς
526 2350 665 2429 ζητεῖς.

338 2447 394 2511 καί
431 2444 468 2510 ἐν
504 2437 641 2520 τούτοις
676 2437 717 2528 δὴ
749 2433 768 2509 ὁ
797 2433 1040 2526 γενναιότατος
1070 2434 1260 2526 φιλόσοφος
1292 2446 1419 2524 Κέλσος
1448 2450 1568 2529 σαφῶς

204 2550 239 2603 20
257 2538 529 2627 Χριστιανοὺς
555 2556 769 2624 συκοφαντεῖ,
798 2543 906 2624 λέγων
933 2537 1014 2620 τούς
1041 2533 1172 2622 αὐτοὺς,
1201 2534 1299 2627 ἡνίκα
1325 2545 1386 2628 μὲν
1412 2535 1454 2612 ἀν
1479 2538 1568 2613 ’Iov-

258 2647 363 2712 δαῖοι
395 2635 518 2720 αότούς
546 2635 781 2724 βιάζωνται,
816 2634 889 2706 τὸν
918 2632 1043 2707 αὐτόν
1072 2633 1187 2720 αὐτοῖς
1215 2635 1314 2708 θεὸν
1344 2633 1568 2729 ὁμολογεῖν·

257 2733 356 2810 όταν
386 2743 426 2808 δέ
457 2737 504 2808 τὰ
535 2742 700 2808 ἐναντία
727 2732 871 2826 Ἰησοῦς
893 2741 1055 2806 Μωῦσεῖ
1080 2742 1299 2824 νομοθετῇ,
1323 2733 1448 2809 ἀλλον
1478 2734 1567 2810 ἀντὶ

257 2837 407 2911 τούτου
436 2848 578 2926 ζητεῖν.
623 2840 690 2907 εἴτε
716 2834 779 2924 γὰρ
805 2831 1012 2916 Ἰουδαίοις
1038 2831 1267 2922 διαλεγόμενοι
1295 2840 1361 2907 εἴτε
1387 2833 1465 2908 καθ’
1494 2839 1565 2908 ἑαυ-

257 2939 338 3022 τούς
360 2934 457 3019 όντες
473 2938 531 3006 ἕνα
546 2933 689 3006 καὶτὸν
702 2931 826 3005 αὐτὸν
841 2939 943 3023 ίσμεν,
968 2929 1009 3006 όν
1030 2940 1084 3004 καί
1100 2931 1205 3004 πόλοι
1227 2938 1363 3019 ἔσεβον
1383 2931 1567 3058 ’ίαυόαῖοι

205 3053 238 3108 25
256 3045 311 3110 καὶ
342 3043 405 3107 νῦν
436 3041 566 3122 σέβειν
597 3037 916 3156 ἐπαγγέλλονται
947 3031 1058 3115 θεὸν,
1096 3029 1251 3122 οὖδαμως
1283 3039 1330 3116 εἰς
1361 3030 1467 3105 αὐτὸν
1496 3031 1566 3106 ἀσε-

255 3144 404 3226 βοῦντες.
452 3130 525 3205 ἀλλ’
563 3129 691 3203 οὐδ’
671 3130 912 3222 αναστήσειν
948 3136 988 3201 έκ
1007 3160 1181 3258 νεκρων
1218 3130 1317 3220 αὐτῇ
1354 3140 1475 3256 σαρκὶ
1502 3142 1565 3205 καί

257 3241 392 3326 αίματί
414 3260 524 3320 φαμεν
546 3229 618 3302 τὸν
640 3230 751 3315 θεὸν,
774 3229 822 3313 τός
844 3237 880 3302 ἐν
903 3250 974 3313 τοῖς
996 3225 1159 3320 ἀνωτέρω
1181 3237 1346 3303 λέλεκται·
1377 3230 1418 3303 οό
1439 3231 1502 3322 γὰρ
1524 3234 1565 3305 τό

257 3331 521 3424 σπειρόμενον,
523 3335 560 3401 ἐν
587 3336 723 3422 φθορᾷ“
750 3337 805 3400 καὶ
835 3335 891 3414 ,ἐν
917 3327 1053 3422 ἀτιμίᾳ“
1077 3335 1132 3399 καί
1158 3334 1216 3415 ,ἐν
1244 3326 1424 3424 ἀοθενείᾳ“
1449 3356 1565 3423 ,σωμα

256 3431 422 3524 ψυχικόν“
445 3458 556 3520 φαμεν
577 3426 787 3515 ἀνίστασθαι,
815 3424 936 3500 ὁποῖον
958 3426 1094 3517 ἐσπόρη.
1138 3425 1223 3500 ἀλλὰ
1245 3429 1307 3520 γὰρ
1330 3439 1405 3520 περὶ
1427 3431 1566 3504 τούτων

205 3549 240 3602 30
258 3541 295 3608 ἐν
315 3553 389 3616 τοῖς
411 3529 576 3619 ἀνωτέρω
598 3535 742 3620 μετρίως
764 3524 842 3618 ἡμῖν
866 3533 1028 3599 λέλεκται.

340 3655 438 3721 XXX.
467 3643 543 3719 Εἶθ’
567 3648 642 3736 ἑξῆς
663 3641 933 3734 ἐπαναίαμβάνει
955 3644 998 3715 τὰ
1019 3651 1095 3734 περὶ
1124 3653 1206 3716 τῶν
1232 3646 1330 3718 ἑπτὰ
1354 3642 1565 3736 ἀρχόντων

344 3861 445 3930 1731.
463 3861 495 3912 A.
514 3856 684 3928 Hilgenfeld,
703 3856 956 3925 DieKelzergeech.
975 3854 1023 3909 dee
1041 3854 1172 3909 Urehriel.
1191 3857 1216 3911 S.
1229 3859 1287 3912 232.
1306 3888 1339 3897 -
1360 3859 1398 3914 12
1417 3859 1480 3926 731.
1499 3858 1566 3913 Gen.

258 3949 299 4013 12,
316 3948 340 4000 2.
359 3947 382 4000 3.
407 3947 447 4012 15,
466 3947 489 3999 5.
514 3945 555 4009 26,
572 3947 597 3998 4.
621 3943 662 4007 28,
682 3944 722 3996 14.
748 3941 825 3995 Deul.
845 3943 867 4002 1,
887 3941 927 3995 10.
957 3939 1028 3993 Ρεε1.
1046 3941 1088 4006 45,
1108 3941 1207 3994 10.-
1234 3942 1271 3998 27
1297 3943 1358 4012 731.
1377 3943 1448 3997 oben
1469 3943 1507 3998 IV
1525 3946 1566 3999 57.

258 4031 340 4087 718.
361 4032 400 4086 19.
418 4031 511 4084 23-
530 4028 568 4083 28
588 4025 649 4096 731.
667 4025 762 4079 IKor.
782 4028 822 4090 15,
840 4025 1002 4080 42-44.-
1020 4023 1059 4078 29
1080 4023 1141 4093 731.
1159 4025 1426 4082 0841171819-
1446 4027 1483 4083 01
1503 4027 1566 4096 731.

257 4117 329 4170 oben
346 4115 384 4168 VI
403 4116 444 4182 27,
456 4114 481 4168 8.
494 4113 566 4168 972.
580 4115 621 4169 10.
645 4114 677 4165 A
696 4109 865 4178 Hilgenfeld,
883 4108 934 4163 Die
954 4107 1143 4178 Ketzergeseh.
1162 4109 1210 4164 dee
1227 4111 1360 4165 Urehriel.
1378 4111 1404 4165 S.
1423 4112 1566 4166 280-282.

257 4200 371 4255 loannis
394 4198 467 4254 Croii
490 4197 641 4262 ,Observal
634 4211 709 4250 iones
732 4195 768 4248 ed
786 4194 912 4263 Origenie
934 4194 1036 4248 librum
1059 4196 1165 4248 sextum
1184 4199 1279 4250 contre.
1297 4195 1413 4250 Celsum*
1432 4194 1487 4264 (bei
1505 4194 1565 4249 Del.

257 4287 268 4338 1
287 4287 431 4348 eae-941,
449 4282 494 4337 bei
512 4282 616 4335 Lomm.
635 4283 701 4334 lom.
719 4279 770 4333 XX
787 4280 940 4348 317-357).

344 4461 360 4515 l
384 4475 433 4513 vor
451 4451 606 4528 Εὐφράτην
623 4462 656 4520 -1-
674 4457 723 4510 καί
740 4457 842 4524 Δαε33.
867 4457 871 4523 Ι
895 4455 914 4510 9
942 4445 981 4518 ὡς
1007 4447 1063 4524 φὴς
1088 4454 1213 4509 schreibe
1239 4454 1284 4508 ieh
1306 4456 1378 4508 nnnh
1399 4455 1447 4512 Bo.
1471 4455 1567 4525 (Nolae

258 4563 282 4614 p.
295 4545 364 4612 395),
383 4543 420 4597 de
436 4542 480 4596 die
497 4541 596 4596 beiden
614 4539 709 4596 Worle
726 4558 779 4593 nur
796 4539 847 4593 eus
862 4539 915 4593 den
933 4554 987 4593 von
1006 4538 1100 4592 Celeus
1117 4538 1302 4608 engeredelen
1320 4540 1427 4609 Gegner
1445 4540 1565 4610 bezogen

258 4629 369 4683 werden
386 4627 508 4690 kllnnen3
527 4617 567 4690 ἇίς
585 4641 655 4696 φησι
672 4626 805 4694 AAusgg.
821 4625 825 4692 1
841 4623 879 4679 22
897 4624 999 4692 μωϋοῇ
1017 4623 1149 4692 ΑΔυε33.
1348 4709 1361 4738 ᾳ

1327 4711 1340 4762 7
