3780 5532
616 477 718 532 ΚΑΤΑ
740 476 899 532 ΚΕΛΣΟΥ
922 479 980 536 vn
1000 475 1042 534 58.
1061 475 1102 530 59.
1119 476 1161 531 60.
1476 479 1536 542 209

235 650 327 709 λεσιν
348 633 639 728 άνατεθραμμένοι
660 646 716 711 καὶ
736 646 880 730 πένητες
901 639 944 711 τά
965 636 1078 710 τοιάδε
1098 643 1224 709 ἐσθίειν
1242 630 1315 706 ἀλλ’
1331 639 1364 706 σί
1380 632 1536 707 πλούσιοι
1555 646 1604 704 Ph.
1617 649 1657 712 77,
1671 648 1705 702 13

234 743 290 808 καὶ
322 733 529 826 ἁβροδίαιτοι
557 734 667 827 μόνοι·
697 735 759 810 οόκ
790 743 924 820 ἐκείνως
955 745 990 809 δὲ
1017 744 1073 809 καὶ
1103 735 1151 822 ῶς
1180 740 1273 806 δοκεῖ
1301 754 1374 816 τοῖς
1405 745 1535 822 νομιζο-

234 843 346 927 μένοις
380 843 647 927 καθαριωτέροις
682 845 875 924 σκευασθέν,
911 834 986 910 ἀλλ’
1013 835 1060 920 ῶς
1089 831 1320 926 μεμαθήκασιν
1349 839 1474 905 ἐσθίειν
1504 837 1536 903 οἱ

235 943 378 1027 πένητες
398 943 454 1006 καὶ
476 940 508 1007 οἱ
530 933 810 1025 ἀγροικότεροι
830 945 886 1008 καὶ
908 941 940 1008 οἱ
962 943 1085 1008 πολλοὶ
1106 944 1180 1007 τῶν
1199 933 1410 1022 ἀνθρώπων,
1432 937 1536 1003 ἐσθιέ-

200 1055 217 1108 5
236 1060 351 1108 τωσαν
372 1035 528 1125 μυριάδες
547 1030 630 1108 ὅλαι.
668 1041 695 1106 εἰ
716 1029 856 1108 οὖνκαὶ
878 1041 1005 1108 διδοῖτο
1027 1032 1095 1108 άπό
1117 1041 1178 1126 μέν
1200 1040 1260 1124 τῆς
1281 1038 1410 1105 τοιασδλ
1424 1054 1537 1102 σκευα-

235 1144 307 1219 σίας
330 1135 442 1224 (τοὺς)
465 1141 705 1226 νομιζομένους
730 1142 1009 1226 καθαριωτέρους
1029 1134 1155 1224 μόνους
1176 1130 1378 1222 ὑγιάζεσθαι,
1400 1127 1537 1213 οὐδενός

235 1243 309 1307 τῶν
337 1241 481 1306 πολλῶν
506 1231 789 1359 μροσβάλλοντος
818 1253 891 1319 τοῖς
920 1242 1066 1355 τοιοῑμδε
1097 1233 1283 1324 βρώμασιν,
1313 1229 1383 1304 άπὸ
1413 1235 1449 1302 δέ
1476 1236 1537 1319 τῆς

236 1333 423 1406 τοιασδλ
386 1364 429 1406 τα
446 1331 565 1454 πλήθη
584 1343 657 1408 τῶν
674 1331 912 1424 άνθρώπων“
890 1333 1119 1424 υγιεινότερον
1137 1331 1274 1422 διάγειν·
1296 1340 1391 1414 τίνας
1407 1338 1537 1421 μᾶλλον

235 1439 299 1506 τοῦ
319 1462 525 1505 κοινωνικου
509 1434 659 1505 ἐνεκεν
681 1431 915 1524 ἀποδεξόμεθα
936 1441 1011 1506 τῶν
1031 1430 1189 1522 δγιεινῶν
1210 1429 1402 1522 βρωμάτων
1422 1428 1537 1520 χάριν,·

186 1549 219 1604 10
236 1524 300 1622 άρά
327 1561 363 1622 γε
388 1533 469 1615 τοὺς
497 1551 570 1616 τοῖς
596 1541 723 1622 λογίοις
748 1542 913 1624 χρησίμως
945 1531 1032 1606 αότά
1059 1529 1281 1618 σκευάζοντας
1307 1526 1328 1620 ἢ
1355 1531 1436 1614 τούς
1463 1549 1536 1614 τοῖς

235 1629 397 1722 πλήθεσι,·
430 1639 491 1723 τῆς
526 1637 598 1722 ίσης
628 1630 794 1719 (δεδόσθω
826 1633 901 1724 γάρ)
935 1630 1060 1754 δγιείας
1087 1638 1143 1702 καὶ
1171 1628 1295 1716 εὐεξίας
1324 1635 1537 1720 ἐγγινομένης

236 1728 305 1803 άπὸ
334 1739 408 1803 τῶν
435 1728 560 1804 οότωσὶ
589 1727 895 1804 σκευασθέντων”
876 1761 897 1822 η
925 1729 1064 1817 οδτωσί,
1091 1727 1177 1802 ἀλλὰ
1204 1728 1352 1820 φανερόν
1375 1725 1431 1802 ότι
1452 1727 1535 1801 αὐτὸ

234 1829 276 1902 τό
296 1841 301 1914 Ι
325 1828 579 1920 φιλάνθρωπον
612 1838 668 1903 καὶ
704 1829 745 1903 τό
773 1830 979 1904 κοινωνικόν
1006 1827 1191 1916 όποβάλλει
1221 1835 1536 1917 κοινωφελέστερον
1553 1848 1603 1904 737

236 1930 320 2001 εἰναι
346 1928 465 2019 ίατρόν
492 1930 555 2004 τὸν
577 1937 638 2021 τῆς
660 1938 734 2002 τῶν
754 1939 898 2003 πολλῶν
918 1926 1044 2020 δγιείας
1065 1928 1344 2020 προνοησόμενον
1366 1925 1452 2016 ἥπερ
1474 1927 1537 2000 τόν

185 2045 217 2097 15
235 2035 296 2120 τῆς
319 2023 444 2117 όλίγων
464 2027 592 2116 μόνων.

318 2149 379 2214 LX.
423 2151 463 2216 A'l
496 2143 652 2235 νενόηται
686 2147 726 2237 δὴ
753 2146 795 2219 τδ
823 2147 1044 2237 παράδειγμα,
1080 2149 1339 2236 μεταβιβαστέον
1369 2141 1452 2216 αδτό
1482 2149 1536 2216 ἐπὶ

235 2245 300 2334 τὴν
327 2241 499 2334 ποιότητα
529 2252 590 2335 τῆς
616 2254 689 2317 τῶν
711 2251 861 2336 λογικῶν
882 2244 984 2337 ςςόων
1005 2253 1142 2335 λογικῆς
1164 2252 1303 2335 τροφῆς.
1345 2253 1402 2316 καὶ
1425 2239 1486 2333 όρα
1509 2250 1537 2314 εἰ

234 2344 279 2434 μὴ
301 2342 471 2415 Πλάτων
495 2349 556 2434 μὲν
582 2353 637 2415 καὶ
664 2349 696 2416 οί
716 2341 885 2436 Ἑλλήνων
911 2351 1029 2432 σοφοὶ
1055 2350 1092 2416 ἐν
1114 2345 1165 2426 οίς
1187 2351 1320 2433 λέγουσι
1339 2353 1454 2428 καλῶς
1474 2373 1537 2415 πα-

105 2531 108 2536 ,
235 2441 415 2534 ραπλήσιοί
436 2449 498 2514 εἰσι
519 2460 593 2526 τοῖς
613 2451 902 2534 προνοησομένοις
923 2450 1052 2533 ἰατροῖς
1075 2451 1149 2514 τῶν
1169 2450 1438 2533 καθαριωτέρων
1453 2445 1537 2515 εἶναι

184 2557 219 2612 20
235 2550 467 2634 νομιζομένων
487 2538 619 2629 μόνων,
646 2549 710 2614 τοῦ
734 2541 892 2633 πλήθους
914 2547 982 2632 (A)
1005 2551 1078 2615 τῶν
1099 2539 1299 2632 ἀνθρώπων
1319 2541 1537 2633 καταφρονή-

236 2665 342 2713 σασιν·
365 2644 397 2714 οἱ
418 2638 449 2712 δ’
466 2647 503 2714 ἐν
516 2639 687 2727 Ἰουδαίοις
708 2649 885 2734 προφῆται
906 2651 962 2714 καὶ
983 2647 1016 2714 οὶ
1037 2650 1101 2714 τοῦ
1120 2640 1222 2734 Ἰησοῦ
1242 2649 1403 2733 μαθηταὶ,
1426 2643 1458 2714 οἱ
1480 2669 1538 2730 μα-

321 2865 337 2918 1
358 2858 462 2933 τοιάδε]
481 2864 576 2918 τοιαδί
591 2861 727 2918 ΡοίΟΒΕ
751 2865 756 2932 Ι
779 2863 798 2919 2
823 2857 876 2918 οδκ
893 2859 1008 2928 ἐκείνως
1026 2861 1128 2934 δὲκαὶ]
1147 2864 1272 2919 zweimal
1290 2863 1468 2932 geschrieben
1485 2863 1538 2916 Pat

238 2941 291 3003 οδιι
313 2943 427 3012 ἐκείνως
450 2945 479 3002 δὲ
495 2950 544 3004 καί
563 2943 688 3012 ἐκείνως·
709 2949 759 3003 καί
781 2946 891 3002 CDEH
914 2949 918 3015 Ι
943 2948 962 3003 8
990 2945 1158 3017 σκευασθέν]
1176 2945 1414 3004 κατασκευασθέν
1431 2947 1538 3002 ΡοδίλΙ)

236 3030 291 3086 ΕΗ
310 3033 315 3099 Ι
334 3031 353 3087 4
371 3027 399 3087 οἱ
421 3033 481 3100 (vor
498 3026 711 3104 ἀγροικότεροι)
729 3041 763 3092 <
780 3031 922 3086 BGDEH
941 3033 946 3099 Ι
966 3027 1152 3101 ἐσθιέτωσαν]
1177 3049 1232 3088 σαν
1250 3033 1420 3102 Abergeschr.
1438 3036 1473 3086 A¹
1495 3034 1500 3096 Ι
1519 3032 1538 3088 5

237 3119 343 3172 διδοῖτο
366 3116 489 3171 εοοιείοε
510 3117 555 3170 ich
573 3117 624 3171 mit
641 3119 689 3171 Βο.
708 3116 806 3184 (Notae
823 3134 848 3187 p.
865 3117 926 3184 403)
948 3133 974 3170 ο.
991 3115 1068 3178 nob..
1090 3117 1189 3172 διδῶτο
1213 3120 1344 3186 AAusgg.
1368 3112 1468 3172 διδότω
1488 3116 1515 3169 Φ
1533 3117 1536 3182 Ι

236 3203 348 3256 τοιασδλ
370 3199 523 3265 σκευασίας
544 3201 667 3256 εοοιείοε
685 3201 729 3254 ich
747 3201 818 3254 nach
840 3201 923 3256 Patss
934 3199 972 3263 H,
990 3205 1075 3255 τοιᾶσ
1093 3201 1292 3266 διασκευασίας
1309 3203 1333 3256 A
1355 3203 1469 3256 τοιοσδί
1487 3219 1538 3254 κα-

237 3285 428 3349 τασκευασίας
447 3283 496 3337 GD
513 3287 629 3340 τοιᾶσδε
648 3285 800 3349 σκευασίας
817 3283 1029 3354 BAusgg.Rob.
1054 3285 1058 3351 Ι
1082 3283 1101 3338 6
1129 3279 1222 3353 (τοὺς)
1245 3285 1309 3354 fflge
1327 3285 1371 3338 ioh
1389 3284 1441 3338 mit
1463 3284 1540 3338 Φοί2

238 3369 421 3440 Ausgg.Rob.
444 3369 488 3422 ein
512 3371 517 3438 Ι
540 3369 631 3424 hinter
655 3367 894 3441 καθαριωτέρους
910 3377 943 3434 -Ι-
963 3361 1036 3424 εἶναι
1058 3366 1209 3434 BCDEH,
1235 3369 1292 3438 vgl.
1314 3371 1400 3423 οολεο
1422 3369 1474 3423 VII
1497 3370 1538 3431 60,

237 3455 262 3510 Ζ.
282 3455 315 3510 19
330 3455 334 3522 Ι
352 3456 367 3510 λ
385 3455 519 3520 τοιοῖσδε,
537 3454 608 3507 doeh
626 3472 640 3509 ε
658 3471 712 3508 von
729 3455 749 3507 I.
762 3453 795 3508 H.
813 3454 994 3523 Abergesehr„
1012 3458 1037 3508 A
1053 3455 1179 3508 τοιοῖσδε
1196 3452 1403 3523 BAusgg.R0b‚
1420 3455 1541 3508 τοιοισδί

237 3537 404 3593 ΡεΙΟὓΕΗ
424 3539 428 3606 Ι
447 3532 608 3610 βρώμασιν]
631 3533 775 3610 βρώμασι,
791 3541 812 3610 β
827 3555 876 3592 aus
893 3557 907 3594 ε
925 3555 1001 3602 corr..
1024 3540 1092 3594 iiber
1110 3555 1127 3609 ρ
1145 3540 1216 3592 τιοίτ
1234 3537 1283 3592 der
1299 3537 1443 3593 conentur
1460 3537 1541 3608 Spiri-

237 3629 280 3678 tus
298 3641 376 3693 asper
392 3623 488 3678 stehen
505 3622 658 3690 geblieben,
677 3643 700 3676 ω
718 3623 748 3676 ίο
765 3622 916 3685 corruatur,
936 3625 973 3676 A¹
996 3624 1001 3692 Ι
1026 3625 1044 3680 Β
1070 3623 1183 3678 τοιασδί
1200 3621 1369 3676 ΡοΙΟΒΕΗ
1386 3624 1499 3678 τοιάσδε
1516 3625 1540 3676 A

237 3710 351 3763 τοιᾶσδε
363 3707 568 3777 BAusgg.Rob.
584 3711 588 3774 Ι
604 3709 623 3763 θ
642 3701 852 3776 αἰιοδεξῶμεθα
864 3708 917 3762 Pat
932 3711 936 3776 Ι
953 3708 992 3764 10
1004 3701 1086 3778 αὐτὰ]
1100 3700 1187 3772 αὐτάς
1198 3711 1223 3761 A
1238 3710 1242 3774 Ι
1257 3714 1319 3772 τοῖς
1328 3709 1387 3776 (vor
1398 3703 1540 3776 πλήθεσιΙ]

238 3793 332 3862 Sigma
349 3795 429 3846 unter
446 3793 536 3847 einem
553 3791 721 3846 Τιόίεοθεοίι
739 3791 953 3846 verschwunden
965 3795 1009 3857 ΑΙ
1026 3793 1062 3847 ll
1081 3795 1132 3861 τῆς
1149 3785 1219 3861 ἴσης]
1242 3786 1295 3860 τὴν
1313 3787 1377 3862 ίσην
1398 3791 1516 3847 EHDel.
1536 3812 1538 3858 Ι

238 3872 377 3943 (δεδόσθω
395 3869 462 3948 γάρ]
485 3869 590 3946 δγιείας
615 3876 739 3930 schreibe
760 3876 805 3929 ich
828 3877 879 3931 mit
901 3877 951 3931 Ηδ,
962 3876 1004 3946 Sp.
1015 3875 1084 3929 Rob.
1102 3877 1173 3929 nach
1197 3880 1229 3940 A,
1251 3871 1308 3946 γὰρ
1331 3870 1459 3932 δεδόσθω
1487 3869 1542 3947 δγι·

239 3960 298 4024 είας
329 3959 412 4014 PatB
439 3954 495 4032 γάρ
523 3953 618 4031 ὑγείας
644 3956 773 4016 δεδόσθω
801 3960 851 4015 CD
882 3956 937 4032 γάρ
965 3956 1094 4016 δεδόσθω
1121 3953 1229 4030 όγίειαν
1255 3960 1374 4015 EHDel.
1398 3963 1402 4029 Ι
1426 3955 1541 4028 εδεξίας]

239 4039 348 4110 εὐεξίαν
365 4043 482 4100 EHDel.
503 4047 508 4114 Ι
528 4041 719 4116 ἐγγινομένης]
737 4041 900 4114 ἐγγίνεσθαι
919 4045 1037 4100 EHDel.
1057 4047 1061 4114 Ι
1082 4045 1120 4101 12
1139 4039 1206 4114 δπδ]
1234 4049 1338 4100 Λουσοί
1354 4049 1435 4101 οοίεο
1453 4046 1541 4100 einem

238 4129 407 4184 'h'nbenfleck
434 4129 648 4184 verschwunden
670 4131 693 4181 A
713 4131 718 4197 Ι
739 4129 778 4184 13
800 4129 1059 4200 κοινοφελέστερον
1078 4132 1126 4197 ΑΙ
1153 4130 1190 4186 14
1218 4124 1297 4200 ἢπερ]
1321 4125 1339 4199 ἢ
1359 4147 1413 4201 περ
1436 4131 1543 4186 εοοεὶοί

239 4231 287 4267 aus
305 4208 323 4283 ἢ
340 4215 407 4285 περὶ
429 4213 514 4268 durch
531 4213 619 4268 Rasur
635 4230 701 4268 oorr.
721 4215 744 4267 A
768 4215 773 4282 Ι
798 4215 835 4270 15
854 4231 903 4268 vor
921 4208 1026 4284 ὀλίγων
1044 4222 1076 4279 -Ι-
1093 4221 1153 4270 τιῦν
1170 4214 1383 4270 ΡοίΒΟΒΒοΙ).
1413 4220 1415 4282 Ι
1443 4211 1544 4283 μόνων

240 4297 426 4368 ΑΟΒΗσ.8μ.
452 4293 546 4366 μόνον
572 4296 863 4352 PatBEHDel.Rob.
888 4301 892 4366 Ι
916 4299 951 4354 17
980 4289 1038 4369 όρα
1064 4297 1099 4368 εί]
1126 4317 1144 4354 α
1168 4297 1195 4354 εί
1218 4303 1299 4354 οοίει
1325 4299 1414 4354 εἰοειο
1432 4300 1542 4354 'finten-

240 4383 309 4436 βουλε
329 4383 586 4437 verschwunden'A
600 4385 605 4450 Ι
621 4382 661 4437 20
678 4378 786 4453 μόνων]
804 4378 898 4451 μόνον
915 4381 1053 4437 ΡοίΒΕΗ
1068 4385 1072 4451 Ι
1089 4381 1148 4452 (δέ)
1169 4383 1233 4452 fflge
1250 4383 1296 4437 ich
1313 4384 1365 4438 mit
1381 4386 1428 4439 Bo.
1446 4385 1543 4453 (Notae

241 4486 266 4537 p.
283 4469 354 4536 403),
371 4466 431 4521 Del.
449 4485 474 4521 u.
493 4467 560 4521 Rob.
579 4483 628 4520 aus
646 4467 673 4520 Φ
691 4467 735 4521 ein
751 4469 755 4535 Ι
774 4465 1035 4537 καταφρονήσασιν
1052 4466 1165 4523 ODBO.
1179 4468 1276 4536 (Notae
1294 4485 1320 4539 p.
1338 4470 1399 4537 403)
1417 4469 1476 4526 Del.
1494 4490 1543 4526 κα·

239 4545 486 4620 ταφρονησάντων
497 4551 843 4622 ΑΡοΙΒΕΗΗὸ.8ρ.Βοο.
859 4553 863 4620 Ι
879 4553 917 4608 21
932 4545 959 4606 δ’
971 4554 993 4606 A
1007 4549 1036 4607 δέ
1048 4551 1254 4620 ΦΔοοςςᾸίοί).
1271 4554 1275 4620 Ι
1291 4549 1319 4608 ολ
1336 4547 1462 4626 μακράν]
1480 4552 1543 4624 Ιμα

240 4640 321 4691 οοίεε
338 4637 427 4690 einem
444 4635 612 4690 Tintenfleck
631 4637 843 4692 verschwunden
861 4639 884 4690 A
900 4639 904 4704 Ι
919 4630 1043 4708 μακράν]
1061 4630 1159 4708 μακρά
1179 4637 1213 4692 Φ.

297 4720 414 4775 Origenes
428 4721 458 4764 11.
1310 4725 1341 4777 14
