3780 5538
367 501 428 562 290
878 491 1101 550 ΩΡΙΓΕΝΟΥΣ

367 649 386 725 ὅ
414 652 598 744 δυνάμενος
623 649 654 726 δ’
678 659 723 736 εἰς
754 661 862 725 ταῦτα
893 649 956 726 ὅλα
980 663 1042 744 μὲν
1067 655 1277 748 κατανοήσας
1304 659 1368 750 τῆν
1395 657 1582 749 σαφήνειαν
1608 667 1669 751 τῆς

366 763 576 844 προφητείας
597 750 860 842 παραστησάτω,
882 751 1029 844 μάλιστα
1051 751 1083 828 δ’
1099 757 1298 844 ἐξετασάτω,
1321 767 1355 830 τί
1376 759 1418 832 τὸ
1440 756 1669 850 ἀναλυομένης

365 851 476 943 πάσης
505 860 567 944 τῆς
597 858 656 942 γῆς
684 860 961 944 μεταστραφῆναι
990 859 1066 940 ,ἐπὶ
1092 855 1194 940 λαούς
1219 867 1375 946 γλῶσσαν
1401 864 1447 940 είς
1469 855 1586 944 γενεάν
1608 853 1666 926 αύ-

366 961 465 1044 τῆς,“
491 950 662 1042 άυάλογον
692 972 765 1036 τοῖς
794 954 861 1041 πρὸ
898 959 959 1043 τῆς
989 954 1175 1044 συγχύσεως
1204 955 1386 1047 πράγμασι·
1415 963 1471 1028 καὶ
1501 985 1667 1046 κατανοη-

331 1051 471 1138 5σάτω,
503 1059 537 1125 τί
567 1051 609 1125 τὸ
635 1055 888 1136 ,ἐπικαλεῖσθαι
909 1051 1041 1136 πάντας
1067 1055 1108 1127 τὸ
1132 1051 1238 1145 ὄνομα
1256 1065 1387 1144 κυρίου,
1415 1062 1478 1128 τοῦ
1499 1051 1667 1127 δουλεύειν

366 1149 461 1244 αύτῷ
488 1149 558 1226 ύπὸ
585 1152 687 1241 ζυγὸν
712 1152 803 1236 ἕνα,“
830 1149 878 1234 ιάς
906 1161 1160 1244 περιαιρεθῆναι
1187 1156 1251 1240 ,τὰ
1282 1162 1342 1246 τῆς
1371 1150 1500 1244 ὕβρεως
1531 1161 1667 1242 φαυλίσ-

364 1263 486 1344 ματα,“
507 1261 563 1324 καὶ
588 1258 708 1342 μηκέτι
722 1253 817 1324 ,εῖναι
840 1247 1010 1336 ,,άδικίαν“
1032 1260 1113 1342 μηδὲ
1135 1251 1257 1343 λόγους
1278 1261 1438 1344 ματαίους
1458 1259 1539 1344 μηδὲ
1561 1261 1667 1342 γλῶσ-

363 1377 426 1426 σαν
445 1359 570 1426 δολίαν.

441 1459 555 1525 ταῦτα
586 1446 618 1522 ‹5’
642 1453 737 1536 ἔδοξέ
759 1480 817 1540 μοι
848 1461 994 1540 μετρίως
1019 1459 1075 1522 καὶ
1107 1449 1148 1524 ού
1172 1452 1256 1542 μετὰ
1284 1459 1344 1542 τῆς
1372 1449 1527 1540 ἀκριβοῦς
1555 1448 1665 1540 διηγή-

314 1569 346 1622 10
364 1576 450 1636 σεως
471 1558 688 1641 παραθέσθαι
711 1549 764 1622 διά
787 1550 851 1640 τὴν
875 1557 1005 1622 Κέλσου
1027 1558 1126 1638 λέξιν,
1149 1558 1306 1640 οἰομένου
1328 1551 1368 1622 τὸ
1391 1559 1665 1641 συμφρονῆσαι

364 1654 460 1737 τούς
491 1652 565 1742 τῆν
587 1647 716 1722 Ἀσίαν
745 1657 809 1722 καὶ
836 1647 1035 1741 Εὐρώπην
1065 1658 1128 1722 καὶ
1151 1645 1510 1740 ΛιβύηνἝλληνάς
1537 1659 1665 1722 τεκαὶ

363 1750 586 1843 βαρβάρους
612 1756 791 1833 οἰκοῦντας
817 1746 988 1821 ἀδύνατον
1014 1749 1106 1820 είναι.
1148 1758 1203 1821 καὶ
1225 1749 1310 1840 τάχα
1332 1747 1472 1842 άληθῶς
1494 1749 1665 1823 ἀδύνατον

362 1860 425 1941 μὲν
455 1850 496 1923 τὸ
528 1857 667 1923 τοιοῦτο
701 1869 774 1933 τοῖς
801 1852 850 1920 ἔτι
881 1855 917 1921 ἐν
943 1849 1086 1938 στόμασι,
1113 1848 1154 1921 ού
1179 1849 1245 1940 μήν
1266 1847 1435 1922 ἀδύνατον
1462 1859 1517 1922 καὶ
1538 1848 1664 1924 άπολυ-

361 1963 470 2024 θεῖσιν
492 1948 617 2024 αὐτῶν.

312 2066 343 2119 15
444 2055 584 2122 LXXHL
623 2045 702 2122 Εἶθ’
730 2051 804 2138 ἑξῆς
834 2053 1062 2136 προτρέπεται
1093 2044 1178 2137 ἡμᾶς
1208 2044 1226 2120 ὁ
1258 2055 1385 2132 Κέλσος
1416 2046 1578 2139 άρήγειν
1608 2058 1661 2140 τῷ

276 2155 366 2241 21411
393 2159 552 2236 βασιλεῖ
579 2157 702 2221 παντὶ
733 2154 869 2219 σθένει
896 2153 960 2218 καὶ
990 2167 1207 2236 συμπονεῖν
1233 2145 1341 2239 αύτῷ
1369 2147 1416 2220 τά
1444 2155 1576 2221 δίκαια
1598 2158 1662 2222 καὶ

360 2249 601 2341 ὑπερμαχεῖν
631 2245 754 2320 αὐτοῦ
784 2254 847 2318 καί
879 2245 1162 2336 συστρατεύειν
1193 2244 1316 2338 αύτῷ,
1348 2242 1394 2319 άν
1423 2253 1575 2337 ίπείγη,
1598 2257 1661 2320 καὶ

360 2367 661 2438 συστρατηγεῖν.
704 2353 843 2418 λεκτέον
871 2351 907 2417 δὲ
935 2354 991 2417 καὶ
1022 2345 1109 2435 πρὸς
1139 2352 1246 2418 ταῦτα
1275 2341 1330 2418 ὅτι
1355 2343 1553 2438 άρήγομεν
1574 2349 1661 2420 κατὰ

360 2448 480 2538 καιρὸν
506 2465 592 2529 τοῖς
618 2453 821 2531 βασιλεῦσι
847 2452 959 2527 θείαν,
984 2441 1025 2516 ἵν’
1048 2440 1161 2529 οὕτως
1183 2450 1278 2530 είπω,
1305 2442 1432 2534 άρηξιν,
1459 2455 1515 2518 καὶ
1537 2479 1661 2531 ,πανο-

308 2564 342 2620 20
360 2556 486 2621 πλίαν“
522 2544 816 2636 ἀναλαμβάνοντες
856 2551 986 2630 ,,θεοῦ.“
1037 2551 1092 2614 καὶ
1127 2552 1235 2616 ταῦτα
1268 2552 1433 2634 ποιοῦμεν
1462 2544 1659 2636 πειθόμενοι

360 2657 364 2737 Ι
390 2646 599 2734 άποστολικῆ
621 2653 722 2734 φωνῆ
745 2643 898 2734 λεγούση·
930 2651 1137 2733 ,παρακαλῶ
1169 2636 1232 2716 οῦν
1261 2642 1345 2732 ῦμάς
1369 2655 1513 2735 πρῶτον
1537 2667 1658 2719 ποιεῑσ·
1677 2670 1726 2724 797

357 2759 419 2820 θαι
441 2746 582 2837 δεήσεις,
604 2744 803 2833 προσευχὰς,
826 2743 998 2830 ἐντεύξεις,
1022 2740 1229 2832 εὐχαριστίας
1250 2741 1334 2832 ῦπὲρ
1353 2741 1498 2816 πάντων
1526 2741 1658 2834 άνθρυά·

357 2877 445 2933 πων,
476 2844 560 2935 ὑπὲρ
592 2851 789 2930 βασιλέων
820 2850 874 2914 καὶ
905 2840 1050 2914 πάντων
1081 2851 1154 2914 τῶν
1182 2847 1219 2914 έν
1244 2840 1391 2932 ῦπεροχῆ
1418 2840 1561 2916 ὄντων.“
1603 2855 1658 2917 καί

358 2941 429 3038 ὅσῳ
460 2974 497 3035 γε
527 2953 578 3029 τὶς
603 2941 832 3034 εύσεβέστερὸς
858 2948 938 3028 ἐστι,
967 2941 1122 3030 τοσούτῳ
1150 2939 1399 3034 άνυτικαίτερος
1426 2948 1462 3014 ἐν
1489 2953 1540 3035 τῷ
1569 2941 1658 3036 άρῆ-

306 3063 339 3117 25
357 3075 440 3136 γειν
473 3065 546 3128 τοῖς
583 3043 789 3130 βασιλεύουσι
830 3043 920 3130 παρὰ
966 3042 1046 3125 τοὺς
1086 3048 1132 3125 είς
1172 3041 1232 3125 τὰς
1266 3041 1470 3132 παρατάξεις
1505 3041 1658 3131 ἐξιόντας

357 3146 569 3236 στρατιώτας
589 3151 645 3216 καὶ
666 3141 891 3234 άναιροῦντας
913 3137 973 3224 οῦς
994 3137 1037 3213 ἂν
1059 3140 1229 3212 δύνωνται
1252 3150 1323 3212 τῶν
1345 3150 1525 3231 πολεμίων.

439 3249 511 3317 εἶτα
541 3251 577 3316 δὲ
604 3251 660 3316 καὶ
689 3240 785 3316 ταῦτ’
807 3249 957 3332 ε’ίποιμεν
984 3235 1027 3312 άν
1052 3239 1138 3329 πρὸς
1169 3241 1249 3324 τούς
1276 3236 1476 3330 άλλοτρίους
1503 3250 1564 3334 τῆς
1585 3253 1657 3316 πίσ-

356 3375 442 3430 τεως
479 3351 534 3416 καὶ
563 3341 740 3431 ἀξιοῦντας
775 3339 859 3433 ἡμᾶς
893 3339 1135 3430 στρατεύεσθαι
1166 3336 1251 3427 ύπὲρ
1281 3348 1345 3412 τοῦ
1374 3350 1493 3414 κοινοῦ
1518 3351 1573 3414 καὶ
1600 3342 1655 3416 άν-

270 3439 272 3445 Ῑ
354 3446 518 3534 θρώπους
544 3440 694 3534 άναιρεῖν
725 3438 779 3516 ὅτι
804 3451 860 3514 καὶ
886 3447 919 3513 ol
945 3437 1024 3512 καθ>
1046 3433 1131 3528 ύμᾶς
1157 3444 1253 3527 ἱερεῖς
1280 3436 1519 3528 ἀγαλμάτων
1548 3451 1656 3515 τινών

302 3557 336 3612 30
353 3552 407 3616 καὶ
444 3541 608 3632 νεωκόροι
643 3535 694 3614 ὧν
729 3551 880 3630 νομίζετε
917 3550 1012 3612 θεῶν
1043 3547 1203 3629 τηροῦσιν
1234 3541 1367 3610 ἑαυτῶν
1397 3537 1561 3630 άμίαντον
1591 3543 1655 3632 τήν

353 3643 465 3731 δεξιάν
483 3643 536 3715 διὰ
556 3642 618 3726 τὰς
635 3651 765 3726 θυσίας,
788 3638 829 3711 ἵν’
845 3637 1063 3730 ἀναιμάκτοις
1081 3647 1171 3728 χερσὶ
1190 3647 1246 3710 καὶ
1265 3651 1429 3729 καθαραῖς
1448 3636 1516 3711 α’πὸ
1532 3637 1654 3728 φόνων

351 3741 548 3832 προσάγωσι
574 3743 636 3826 τάς
663 3748 900 3830 νενομισμένας
926 3747 1045 3824 θυσίας
1068 3738 1119 3821 οἷς
1141 3767 1228 3826 φατε
1250 3749 1355 3821 θεοῖς·
1383 3747 1439 3810 καὶ
1462 3736 1502 3812 οῦ
1524 3739 1564 3830 δή
1587 3771 1654 3812 που

439 3913 457 3969 2
477 3913 538 3982 Vgl.
557 3912 674 3983 Zephan.
693 3915 722 3979 3,
739 3911 762 3966 8.
781 3913 805 3966 9.
824 3941 856 3949 -
874 3913 891 3967 5
909 3910 972 3980 Vgl.
991 3909 1108 3981 Zephan.
1127 3911 1156 3975 3,
1173 3912 1197 3965 9.
1216 3941 1249 3950 -
1267 3911 1285 3966 6
1304 3909 1365 3979 Vgl.
1384 3909 1500 3979 Zephan.
1518 3912 1542 3974 3,
1562 3915 1601 3967 11.
1620 3944 1652 3952 -

350 3999 364 4054 7
382 3998 445 4067 vgl.
463 3997 581 4068 Zephan.
598 4000 623 4062 3,
642 3999 683 4052 13.
700 4027 733 4036 -
753 3997 792 4052 19
810 3995 872 4066 Vgl.
890 3995 988 4066 Ephes.
1006 3997 1030 4062 6,
1049 3997 1089 4049 11.
1108 4025 1141 4033 -
1158 3994 1196 4050 21
1217 3995 1229 4048 Ι
1247 3993 1315 4047 Tim.
1333 3996 1357 4056 2,
1377 3998 1400 4048 1.
1418 3995 1442 4048 2.

435 4149 449 4204 1
478 4140 904 4216 δαινύμενος-κατανοήσας]
932 4139 948 4201 ὃ
972 4143 1126 4213 θινάμενος
1148 4139 1180 4214 δή
1201 4151 1291 4200 ταῦτα
1314 4135 1369 4200 ὅλα
1392 4152 1571 4215 κατανοῆσαι
1595 4165 1651 4202 ver-

348 4236 437 4288 mutet
455 4232 537 4288 Guiet
555 4233 608 4302 (bei
626 4232 685 4287 Del.
703 4233 716 4286 I
734 4234 784 4287 796
800 4233 881 4286 Anm.
899 4231 928 4300 h)
944 4233 948 4299 Ι
964 4228 1012 4298 είς]
1032 4218 1063 4284 εὖ
1081 4232 1202 4284 τετωοίο
1219 4229 1273 4296 ich,
1294 4230 1330 4282 da
1346 4229 1389 4284 die
1406 4229 1596 4286 Construction
1614 4231 1653 4296 είς

348 4321 440 4374 ταῦτα
458 4325 621 4382 κατανοεῖν,
639 4335 675 4371 an
693 4317 751 4370 sich
769 4317 831 4371 sehr
847 4315 1068 4386 ungew6hnlich‚
1086 4315 1130 4369 bei
1143 4313 1272 4382 Origenes
1290 4316 1366 4368 εοοεί
1382 4314 1459 4369 nicht
1471 4315 1627 4372 vorkommb
1645 4319 1648 4385 ί

350 4404 387 4459 13
413 4408 530 4458 τοιοῦτο
553 4405 577 4456 Δ
599 4405 735 4457 τοιοῦτον
757 4403 858 4470 Ausgg.
883 4404 887 4468 Ι
913 4395 1027 4468 σοι’μαοι
1053 4399 1176 4454 schreibe
1202 4398 1259 4464 ich,
1286 4399 1341 4467 vgl.
1363 4397 1434 4453 oben
1455 4400 1543 4466 1123,
1566 4403 1578 4454 I
1602 4404 1651 4458 152

346 4488 373 4543 Z.
392 4489 439 4552 21;
460 4483 572 4554 σώματι
590 4489 722 4555 AAusgg.
738 4488 742 4554 Ι
759 4487 797 4542 14
816 4478 910 4541 αι’τιῦν
927 4490 951 4541 Δ
970 4480 1059 4542 αὐτοῦ
1075 4486 1210 4553 MAusgg.
1226 4485 1230 4552 Ι
1246 4482 1284 4538 21
1302 4487 1452 4539 ποιεῖσθαι
1465 4485 1587 4540 τιιείωελ
1605 4504 1649 4556 ge·

346 4571 487 4626 sohrieben
505 4572 529 4626 A
549 4574 553 4638 ί
573 4571 613 4627 24
635 4567 714 4626 ἐστιν
735 4572 836 4640 Ausgg.
858 4571 920 4638 129
944 4563 1017 4638 ὑμᾶς
1039 4570 1089 4624 Ηδ.
1109 4587 1153 4624 σοι
1172 4567 1261 4630 Rand,
1285 4568 1392 4638 Sp.Del.
1410 4568 1448 4622 im
1472 4569 1552 4634 Text;
1577 4563 1651 4640 ἡμᾶς

346 4656 442 4726 Α181
463 4649 651 4722 άναιμακτσις
669 4654 718 4724 [το]
738 4657 770 4709 Α.
