3718 5506
602 403 702 458 ΚΑΤΑ
724 403 927 463 ΚΕΔΣΟΠ
952 407 993 462 34.
1011 407 1053 462 35.
1070 407 1112 462 36.
1471 415 1510 478 39

200 569 330 656 σόφους
355 563 597 656 γελοιοτύτους
622 561 698 654 φέρ’
719 571 824 638 εἰπεῖν
848 571 885 638 έν
906 573 1108 658 Αἰγυπτίοις
1129 574 1286 657 γενέσθαι
1308 581 1510 656 φυλαττο·
1530 587 1648 654 Ph.181,
1662 587 1698 644 20

200 675 344 756 μένους
380 671 543 754 ἐμφαγεῖν
570 665 736 754 κρομύου,
774 671 828 738 ἵνα
861 668 907 738 τὰ
941 666 1089 758 πάτρια
1122 673 1290 758 τηρῶσιν,
1327 663 1348 758 ἢ
1381 677 1512 760 μορίων

202 773 311 838 τινῶν
337 771 402 836 τοῦ
429 765 588 854 σιύματος
617 765 693 836 οίον
720 772 870 856 κεφαλῆς
897 775 953 838 καί
983 763 1093 858 ιύμοο,
1123 771 1179 838 ίνα
1205 766 1251 856 μὴ
1277 777 1511 858 παραβαίνωσι

204 867 245 938 τὰ
273 863 343 936 ύπὸ
370 869 531 954 πατέρων
557 861 673 948 αύτοῖς
702 869 951 951 παραδοθέντα.
994 874 1051 938 καὶ
1085 863 1185 938 οὔπω
1216 873 1304 956 λέγω
1335 875 1411 958 περί
1438 875 1512 940 τῶν

170 965 265 1050 στὰς
288 965 530 1054 τοῦσώματος
551 971 714 1052 φλυαρίας
735 965 773 1034 έυ
794 963 913 1052 φύσαις
936 961 1157 1054 φριττόντων
1179 973 1253 1036 τῶν
1278 971 1512 1056 Αἰγυπτίων

203 1059 269 1148 ότι,
300 1063 361 1136 ἐὰν
389 1059 458 1136 ἀπὸ
488 1071 561 1134 τῶν
588 1062 760 1136 τοιούτων
786 1094 838 1148 τις
865 1061 1080 1154 φιλοσοφήση
1113 1072 1170 1135 καί
1198 1061 1325 1154 τηρήση
1356 1065 1403 1137 τὰ
1438 1064 1512 1138 πά-

203 1193 307 1252 τρια,
339 1173 469 1252 γελοῖος
499 1157 544 1234 ἂν
573 1167 623 1254 εἴη
655 1160 846 1252 φιλόσοφος
872 1160 1069 1252 ύφιλόσοφα
1094 1161 1269 1254 πράττων.
1314 1157 1428 1248 οὕτως
1449 1157 1513 1237 οὖν
1530 1179 1579 1233 Ph.
1592 1178 1697 1242 18124

201 1271 258 1336 καὶ
281 1258 302 1336 ὁ
324 1259 392 1334 ύπὸ
412 1269 475 1334 τοῦ
496 1259 601 1352 λόγου
621 1271 825 1351 προσαχθείς
846 1267 900 1334 έπί
923 1261 964 1334 τὸ
987 1269 1116 1348 σέβειν
1137 1261 1201 1335 τὸν
1223 1270 1296 1334 τῶν
1318 1257 1412 1336 ὅλων
1425 1263 1512 1336 θεὸν

202 1371 258 1435 καί
280 1361 337 1434 διὰ
368 1361 416 1433 τὰ
446 1359 594 1450 πάτρια
623 1359 720 1435 mim
745 1391 814 1434 που
834 1367 949 1452 μένων
969 1361 1059 1450 παρὰ
1082 1381 1155 1446 ταῖς
1176 1359 1340 1452 ἀγάλμασι
1361 1371 1416 1434 καὶ
1438 1383 1512 1448 τοῖς

155 1479 187 1532 10
202 1459 441 1548 ἀνθρωπίνοις
470 1460 621 1552 ίδρύμασι
653 1471 709 1533 καί
738 1462 783 1552 μὴ
813 1458 1019 1552 βουλόμενος
1050 1458 1214 1552 ἀναβῆναι
1249 1471 1293 1552 τῇ
1322 1469 1512 1552 προαιρέσει

203 1560 290 1648 πρὸς
327 1559 393 1632 τὸν
427 1559 629 1652 δημιουργόν
664 1559 899 1652 παραπλήσιος
929 1556 972 1632 διν
1003 1565 1137 1650 γένοιτο
1169 1579 1243 1646 τοῖς
1271 1569 1420 1652 μαθοῦσι
1449 1569 1510 1653 μέν

203 1661 247 1734 τὰ
266 1669 271 1750 Ι
290 1667 496 1750 φιλοσοφίας
528 1666 751 1750 φοβουμένοις
777 1666 813 1732 δὲ
843 1659 887 1732 τὰ
917 1660 962 1752 μὴ
989 1658 1117 1748 φοβερὰ
1143 1667 1199 1732 καὶ
1226 1668 1416 1752 νομίζουσιν
1437 1659 1509 1736 ἆσέ·
1527 1679 1578 1734 605

203 1771 298 1845 βειαν
318 1760 404 1832 ιίναι
426 1757 468 1830 τό
489 1765 635 1830 τοιῶνδε
656 1765 825 1850 έμφαγεῖν.
1392 1769 1399 1784 ‘

288 1881 432 1948 mvl
470 1877 549 1960 θίος
575 1883 611 1948 δὲ
632 1881 687 1948 καί
715 1871 820 1948 ότοῦ
840 1873 1055 1966 Ἡροδότου
1076 1881 1169 1948 ἐστίν
1185 1871 1353 1968 Ἄμμων,
1376 1868 1417 1950 οὗ
1440 1879 1511 1964 τὰς

154 1995 186 2048 15
204 1983 335 2064 λέξεις
371 1971 391 2048 δ
422 1981 549 2060 Κέλσος
587 1983 804 2065 παρείληφεν,
841 1973 890 2060 ὦς
924 1981 970 2058 είς
1007 1971 1181 2062 ἀπόδειξιν
1215 1985 1293 2066 περὶ
1328 1984 1390 2048 τοῦ
1429 1985 1511 2050 δεῖν

204 2077 379 2147 ἕκαστον
404 2073 451 2146 τὰ
477 2073 627 2164 πάτρια
654 2094 783 2165 τηρεῖν;
810 2070 829 2147 ό
855 2075 918 2164 γὰρ
935 2072 1089 2165 Ἄμμων
1115 2071 1232 2146 αὐτῶν
1253 2094 1326 2159 τοῖς
1348 2085 1421 2148 τῶν
1442 2074 1511 2148 ἀπὸ

207 2180 367 2266 Μαρέης
396 2171 556 2258 πόλεως
581 2181 645 2246 καὶ
671 2171 806 2259 ”Amos
837 2181 990 2246 οἰκοῦσι
1018 2173 1065 2246 τό
1091 2170 1295 2264 πρόσουρα
1322 2183 1367 2264 τῇ
1389 2174 1511 2264 Λιβύη

205 2271 276 2346 ούιι
312 2279 355 2368 ίζι
384 2271 582 2362 ἇδιαφορεῖν
615 2273 702 2364 πρὸς
730 2273 795 2364 τὴν
823 2281 941 2364 χρῆσιν
969 2283 1043 2347 τῶν
1077 2282 1238 2364 θηλέων
1273 2283 1390 2360 βοῶν·
1428 2269 1511 2364 ὅπερ

206 2381 342 2464 πρᾶγμα
375 2369 416 2446 ού
444 2369 552 2461 μόνον
584 2381 627 2462 τῇ
658 2372 756 2460 φύσει
787 2375 909 2446 ἑαυτοῦ
938 2369 1129 2463 ἀδιάφορόν
1151 2379 1257 2458 ἐστιν,
1285 2371 1449 2446 ἀλλὰκαὶ
1471 2370 1513 2446 ού

153 2490 189 2542 ‘20
205 2473 329 2546 κωλύει
354 2471 462 2544 καλὸν
486 2481 542 2544 καί
569 2469 702 2562 ἀγαθόν
728 2473 815 2544 εἰναί
835 2501 921 2546 τινα.
963 2481 1017 2544 καί
1041 2481 1069 2545 εἰ
1089 2479 1152 2562 μὲν
1173 2469 1192 2544 ό
1216 2469 1369 2564 Ἄμμων
1395 2470 1512 2546 αύτῶν

207 2570 393 2664 ἀπηγόρευε
421 2571 486 2662 τὴν
515 2578 633 2662 χρῆσιν
661 2580 735 2645 τῶν
765 2578 945 2663 θηλειῶν
973 2579 1082 2662 βοῶν
1115 2572 1169 2644 διὰ
1199 2572 1241 2645 τό
1268 2577 1315 2657 εἰς
1344 2581 1512 2663 γεωργίαν

209 2681 269 2744 τοῦ
300 2671 392 2762 ζῴου
418 2669 584 2762 χρήσιμον
612 2679 669 2744 καί
698 2671 785 2760 πρὸς
811 2671 926 2762 τούτῳ
954 2671 1008 2743 διὰ
1031 2671 1072 2744 τό
1095 2673 1149 2746 διὰ
1172 2681 1245 2746 τῶν
1270 2679 1431 2763 θηλέων
1452 2669 1511 2761 μά-

208 2783 305 2844 λιστα
334 2767 450 2856 αύξειν
480 2769 522 2842 τό
552 2777 648 2860 γένος
678 2769 810 2858 αύτιύν,
840 2769 926 2860 τάχα
956 2765 999 2844 ἂν
1025 2772 1089 2862 εἰχε
1115 2770 1335 2862 πιθανότητα
1357 2768 1376 2844 ὁ
1398 2768 1511 2861 λόγος·

207 2881 281 2942 νυνὶ
308 2878 344 2943 δε
370 2865 459 2958 ἅπαξ
479 2869 636 2954 βούλεται
658 2867 781 2954 αύτούς
802 2876 1044 2960 έμπίνοντας
1065 2879 1138 2943 τοῦ
1169 2879 1314 2943 Νείλου
1344 2877 1426 2942 δεῖν
1455 2899 1511 2960 τη-

155 2991 277 3060 ’.ξιρεῖν
314 2971 395 3055 τούς
430 2973 665 3058 Αἰγυπτίων
700 2980 777 3058 περὶ
818 2977 999 3060 θηλειῶν
1033 2977 1140 3055 βοῶν
1175 2968 1328 3061 νόμους.
1369 2977 1426 3040 καὶ
1456 2974 1510 3040 ἰπὶ

207 3070 323 3160 τούτῳ
356 3097 391 3160 γε
424 3066 597 3156 τωθόςων
632 3065 651 3141 ὁ
684 3075 810 3152 Κέλσος
842 3071 922 3154 τούς
957 3071 1048 3158 παρὰ
1084 3067 1287 3154 Ἰουδαίοις
1321 3067 1512 3158 α’γγέλους

208 3167 454 3258 πρεσβεύοντας
475 3167 519 3240 τό
541 3175 604 3240 τοῦ
624 3175 710 3240 θεοῦ
736 3167 781 3240 ού
802 3177 970 3244 κακίονα
992 3173 1115 3258 ἔφησεν
1137 3173 1220 3241 εἰναι
1242 3167 1314 3241 τόν
1330 3165 1511 3258 Ἄμμωνα

208 3268 293 3356 πρὸς
314 3267 355 3340 τὸ
387 3275 694 3358 διαπρεσβεύσαι
723 3267 770 3340 τὰ
799 3265 987 3358 δαιμόνια
1012 3264 1033 3358 ἢ
1056 3273 1093 3341 οἰ
1114 3266 1313 3340 Ἰουδαίων
1335 3264 1511 3358 ἄγγελοι·

267 3469 396 3612 ἐξελ
415 3471 551 3526 Minucius
573 3471 662 3536 Felix,
686 3469 816 3526 Octavius
839 3472 903 3544 Cap.
920 3472 1036 3527 XXVIII
1054 3475 1078 3528 9.
1101 3503 1134 3512 -
1158 3472 1196 3528 14
1214 3471 1276 3541 VgI.
1295 3471 1417 3526 Herodot
1435 3471 1460 3524 lI
1480 3471 1513 3524 18

207 3573 266 3611 ιαο
382 3557 423 3612 34.

292 3723 308 3778 1
332 3717 535 3792 γελοιοτύτους
559 3721 662 3776 ΦΒοίι.
680 3717 853 3792 γελοιότατα
870 3725 1001 3793 AAusgg.
1025 3725 1029 3792 Ι
1053 3725 1189 3794 γενεσθαι
1209 3723 1256 3792 [ιο]
1276 3723 1351 3792 1112
1374 3717 1514 3792 ’ἐμφαγεῖν

208 3809 229 3860 Α
246 3801 397 3878 Ιιιρομύου
408 3807 461 3860 ΑΒ
473 3801 625 3878 κρομμύου
642 3805 914 3878 ΡείΟῠΕΗΗσ.8ρ.
931 3803 1069 3880 κρομύιυν
1086 3806 1247 3862 ΡΙ)ε1.Βοίι.
1263 3811 1267 3874 Ι
1282 3809 1395 3880 μορίοιν
1406 3807 1514 3862 ευῙιοίιιί

207 3909 255 3946 m
271 3891 382 3962 μερίων
398 3907 466 3945 corr.
485 3889 538 3946 Pat
561 3893 565 3958 Ι
589 3890 608 3946 4
630 3889 837 3962 παραδοθέντα
857 3891 1062 3960 ΔΔυεςςΑἰοίι.
1080 3889 1299 3962 παραδεδομένα
1320 3893 1347 3947 Φ
1366 3893 1370 3962 Ι
1390 3891 1441 3948 mit
1458 3910 1511 3948 ιτα-

207 3973 370 4044 ραδοδέντα
387 3975 506 4044 endigt
522 3974 567 4030 die
585 3973 749 4038 Philokalia,
769 3976 834 4046 Gap.
852 3975 928 4030 XXII
947 3979 963 4030 5
986 3979 1021 4046 (p.
1041 3977 1098 4044 181,
1116 3977 1150 4030 24
1167 3975 1209 4029 εδ.
1228 3975 1307 4045 Rob.)
1327 3977 1331 4042 Ι
1350 3977 1367 4031 ίί
1390 3979 1511 4045 φιλοσο·

206 4055 291 4130 φύσῃ]
310 4059 451 4130 &blunt-21
467 4060 497 4114 in
519 4057 663 4115 eorreotur
680 4061 723 4128 ΔΙ
743 4061 758 4115 7
776 4050 868 4125 ούτιυς
886 4060 928 4112 bis
951 4061 977 4114 Z.
998 4063 1029 4115 13
1052 4055 1193 4130 ἐμφαγεῖν
1210 4085 1242 4103 =
1261 4059 1425 4124 Philoknlia,
1447 4061 1510 4130 Gap.

208 4143 280 4198 XXII
298 4147 315 4200 5
332 4147 368 4215 (ρ.
388 4145 445 4210 181,
463 4145 566 4201 24-30
582 4143 624 4200 εδ
643 4143 722 4212 Rob.)
746 4147 750 4212 Ι
775 4146 793 4200 8
815 4139 850 4199 τδ
869 4163 918 4199 τιατ
934 4149 976 4200 τῶ
994 4161 1061 4198 corr.
1079 4145 1116 4196 Δί
1140 4149 1145 4210 Ι
1167 4137 1251 4198 θετόν
1268 4147 1327 4200 τῶν
1345 4135 1423 4199 ὅλων
1439 4140 1513 4200 θεὸν

207 4229 253 4282 καί
272 4223 318 4282 διὰ
336 4245 382 4282 am
400 4227 479 4284 Rand
498 4245 552 4284 von
569 4229 589 4283 I.
603 4227 682 4300 [1111
700 4227 1512 4298 nachgetragenmnov<PatB¹cDEH11⁰hinter

208 4310 378 4384 προαιρέσει
395 4321 428 4378 -Ι-
445 4309 593 4384 ιίναβῆναι,
611 4312 682 4368 doch
700 4312 912 4383 expungiert,A
935 4315 940 4382 Ι
966 4314 1003 4370 13
1026 4312 1077 4366 mit
1095 4307 1235 4381 ἐμφαγεῖν
1252 4313 1370 4382 endigt
1387 4313 1433 4366 die
1450 4311 1511 4366 Phi·

209 4395 318 4460 lohulit,
337 4396 402 4468 Gap.
420 4396 496 4452 XXII
514 4399 530 4452 5
548 4399 583 4468 (p.
604 4397 659 4462 181.
678 4397 712 4452 30
729 4397 771 4451 ed.
783 4395 862 4466 Rob.)
877 4399 882 4466 Ι
899 4399 937 4456 13
955 4403 1017 4462 ταῖς
1036 4397 1240 4466 M⁰⁰“·Ausgg.
1258 4401 1343 4466 τῆςΔ
1358 4399 1363 4466 Ι
1378 4401 1437 4453 τῶν
1447 4397 1513 4467 filgt

210 4479 255 4534 Bo.
272 4479 370 4546 (Nom
387 4499 413 4552 p.
431 4481 492 4546 391)
509 4490 543 4540 <
560 4481 619 4536 Del.
640 4483 644 4548 Ι
670 4481 706 4538 17
727 4478 850 4552 οἰκοῦσι]
870 4487 883 4535 ἰ’
903 4481 953 4535 auf
968 4481 1055 4536 auur
1076 4486 1101 4536 A
1124 4485 1129 4550 Ι
1153 4477 1244 4552 Λιβύη
1261 4481 1320 4536 Del.
1340 4476 1415 4553 λιβύϊ
1430 4479 1513 4536 VIIII.

210 4563 252 4634 Sp.
269 4560 354 4636 λῑβαίΐ
370 4569 393 4620 Δ
409 4567 413 4632 Ι
430 4565 469 4621 18
486 4559 600 4634 θήλειαν
619 4567 650 4620 Α.
