3780 5532
621 503 720 556 ma
745 501 904 558 ΚΕΛΣΟΥ
926 503 1002 561 1111
1024 502 1064 558 28.
1082 503 1123 558 29.
1141 502 1183 557 30.
1491 505 1551 566 245

250 687 371 752 μασαν,
393 661 618 752 ,,έπάναγκες“
639 661 914 753 ἀπαγορεύουσαν
940 669 1104 736 ἐσθίειν·
1134 669 1241 734 ταῦτα
1263 657 1295 732 δ’
1318 665 1387 733 ἐστὶ
1410 658 1453 731 τά
1475 687 1552 748 ητσι

252 758 467 835 εἰδωλόθυτα
489 758 509 853 ἢ
532 765 575 834 τά
597 765 722 835 πνικτὰ
745 758 766 854 ἢ
789 763 830 836 τό
853 764 939 853 αἷμα.

336 883 431 950 XXX.
471 878 513 951 Τὸ
540 885 601 970 μὲν
623 881 686 970 γάρ
713 877 949 952 εἰδωλόθυτον
971 879 1115 952 θύεται
1137 883 1329 968 δαιμονίοις,
1352 883 1408 947 καὶ
1430 871 1471 947 ού
1490 872 1553 964 χρὴ

252 977 314 1050 τὸν
337 985 408 1050 τοῦ
429 987 527 1052 θεοῦ
549 973 737 1068 ἀνθρωπον
758 979 930 1053 κοινωνόν
951 986 1138 1071 ,τραπέζης
1159 984 1363 1068 δαιμονίωνΗ
1386 983 1552 1064 γίνεσθαι·

217 1099 233 1153 5
251 1078 294 1150 τά
316 1084 352 1150 δὲ
374 1079 501 1152 πνικτὰ
523 1087 586 1151 τοῦ
608 1084 748 1169 αἵματος
768 1079 813 1170 μὴ
836 1085 1063 1169 έκκριθέντος,
1088 1074 1171 1167 άπερ
1195 1085 1298 1166 φασὶν
1321 1075 1405 1147 εἶναι
1420 1073 1554 1163 τροφὴν

251 1175 467 1268 δαιμόνων,
495 1186 717 1269 τρεφομένων
743 1198 817 1264 ταῖς
842 1176 900 1252 ἀπ’
923 1175 1031 1251 αύτοῦ
1057 1176 1330 1267 ἀναθυμιάσεσιν,
1353 1171 1554 1263 ἀπαγορεύει

251 1274 402 1368 όίύγος,
425 1284 479 1350 ἵνα
500 1279 545 1368 μὴ
567 1288 753 1370 τραφώμεν
774 1289 888 1370 τροφῇ
910 1276 1125 1369 δαιμόνων,
1149 1275 1233 1366 τάχα
1255 1283 1363 1348 τινών
1384 1271 1555 1346 τοιούτων

249 1375 455 1467 πνευμάτων
482 1388 814 1469 συντραφησομένων
841 1376 932 1470 ἡμῖν,
961 1379 1020 1450 ἐὰν
1045 1374 1355 1514 μεταίαμβάνωμεν
1383 1382 1455 1445 τῶν
1481 1401 1555 1443 πνι-

208 1485 354 1573 κτών
390 1482 427 1548 ἐκ
449 1483 484 1549 δὲ
507 1487 581 1550 τών
601 1483 787 1569 εἰρημένων
808 1487 885 1568 περὶ
907 1488 1010 1560 τών,
1013 1486 1199 1564 ,πνικτών“
1222 1483 1327 1563 σαφὲς
1349 1473 1435 1546 εἶναι
1456 1471 1554 1542 δύνα-

201 1596 234 1651 10
251 1606 308 1647 ται
334 1576 375 1648 τὸ
401 1585 476 1666 περὶ
503 1584 565 1667 τῆς
591 1575 719 1668 ἀποχῆς
742 1586 804 1650 τοῦ
827 1583 1015 1702 ,ἔαίματοςίί
1052 1585 1107 1649 καί
1129 1574 1191 1649 ούκ
1212 1569 1384 1648 ἀπίθανόν
1405 1600 1441 1660 γε
1464 1566 1554 1660 γενό-

250 1672 352 1765 μενόν
377 1704 418 1764 με
443 1676 530 1748 κατὰ
558 1677 639 1761 τούς
670 1674 797 1761 τόπους
823 1676 1085 1769 ὑπομνησθῆναι
1110 1673 1329 1766 χαριεστάτης
1356 1672 1504 1763 γνώμης,
1533 1661 1553 1757 ᾗ

250 1783 305 1845 καί
332 1777 364 1846 σί
385 1783 508 1847 πολλοί
531 1785 603 1848 τών
626 1776 887 1866 Χριστιανών’
866 1782 1139 1869 αναγεγραμμένη
1161 1780 1197 1846 έν
1220 1795 1293 1858 ταῖς
1315 1780 1446 1858 Σέξτου
1468 1770 1553 1859 γνώ-

249 1903 325 1963 μαις
350 1873 619 1963 ἐντυγχάνουσιν,
648 1871 759 1960 σύτως
786 1877 917 1966 έχούση
944 1877 1124 1997 ,ἐμψύχων
1145 1881 1259 1966 χρῆσις
1276 1881 1336 1963 μὲν
1355 1869 1553 1958 ἀδιάφορον,

250 1971 360 2064 ἀποχὴ
388 1981 423 2046 δὲ
450 1975 709 2065 λογικώτερον.κ
752 1973 813 2066 ούχ
844 1972 963 2059 άπλώς
989 1968 1052 2047 σύν
1079 1974 1179 2048 κατά
1209 2004 1248 2046 τι
1277 1971 1454 2061 πάτριον
1481 1975 1556 2040 τών

199 2095 231 2149 15
249 2079 483 2163 νομιζομένων
511 2076 670 2164 ίερείων
698 2077 782 2146 εἶναι
812 2085 867 2148 καὶ
897 2081 1112 2196 θυομένων
1143 2074 1235 2162 παρὰ
1264 2093 1337 2156 τοῖς
1363 2077 1555 2160 λεγομένοις

248 2185 359 2256 θεοῖς
386 2167 407 2262 ἢ
433 2169 585 2263 ἥρωσιν
611 2169 632 2262 ἢ
660 2179 845 2263 δαίμοσιν
871 2173 1107 2265 ἀπεχόμεθα
1137 2171 1223 2247 ἀλλὰ
1246 2172 1299 2245 διὰ
1321 2168 1442 2260 λόγους
1463 2176 1554 2240 πλεί-

249 2303 344 2358 ονας,
375 2265 426 2345 ών
461 2270 529 2346 ἀπὸ
556 2281 677 2363 μέρους
704 2277 864 2364 έξεθέμην
894 2273 999 2359 τινάς.
1044 2272 1207 2346 ἀλλὰκαὶ
1230 2271 1300 2362 ούχ,
1323 2267 1438 2358 ώσπερ
1461 2267 1554 2356 ἀφε-

247 2379 367 2444 κτέον
402 2371 511 2464 πάσης
539 2379 657 2457 κακίας
684 2383 740 2445 καί
770 2383 843 2446 τών
872 2371 941 2446 ἀπὸ
963 2383 1094 2460 κακίας,
1123 2384 1177 2447 καὶ
1207 2372 1320 2463 ζῴων
1338 2382 1343 2458 Ι
1362 2366 1554 2443 ἀπάντων
1573 2389 1624 2444 764

248 2472 441 2560 βρώσεως.
474 2469 674 2558 ἀφεκτέον
696 2478 731 2545 δὲ
754 2472 795 2546 ού
815 2471 922 2564 μόνον
946 2474 1059 2564 ζώων
1080 2474 1264 2564 βρώσεως
1286 2469 1372 2544 ἀλλὰ
1394 2479 1449 2542 καὶ
1470 2497 1552 2541 παν-

196 2597 230 2654 20
248 2570 308 2655 τός
330 2569 544 2656 ούτινοσοῦν,
573 2576 600 2642 εἰ
621 2569 690 2644 ἀπὸ
712 2582 830 2657 κακίας
850 2581 906 2644 καὶ
929 2582 1002 2646 τών
1024 2571 1092 2646 ἀπὸ
1113 2581 1230 2657 κακίας
1250 2579 1459 2662 χρησαίμεθα
1480 2587 1553 2652 τοῖς

247 2671 430 2759 βρώμασιν·
462 2670 661 2759 ἀφεκτέον
683 2672 746 2764 γάρ
769 2681 832 2744 τοῦ
854 2679 1004 2745 ἐσθίειν
1026 2673 1114 2746 κατά
1136 2680 1397 2764 γαστριμαργίαν
1418 2665 1439 2759 ἢ
1461 2668 1551 2740 καθὸ

246 2765 387 2857 ἀγεσθαι
408 2767 466 2858 ἀφ’
482 2769 606 2862 ἡδονῆς
625 2781 730 2862 χωρὶς
752 2779 813 2862 τῆς
835 2779 881 2857 εἰς
903 2772 1016 2863 ὑγείαν
1039 2780 1102 2846 τοῦ
1121 2773 1278 2860 σώματος
1294 2779 1350 2842 καὶ
1368 2777 1551 2859 θεραπείαν

246 2867 352 2942 αύτού
372 2877 577 2959 προθέσεως.

330 2969 486 3059 ούδαμώς
514 2979 631 3060 μέντοι
659 3000 695 3060 γε
724 2979 881 3060 λέγοντες
909 2971 1212 3062 μετενσωμάτωσιν
1239 2973 1323 3043 εἶναι
1348 2976 1474 3060 ψυχῆς
1495 2976 1550 3040 καί

195 3091 228 3146 25
246 3067 468 3142 κατάπτωσιν
498 3067 604 3160 αὐτῆς
635 3077 729 3160 μέχρι
759 3079 832 3142 τών
860 3069 996 3160 ἀλόγων
1026 3073 1126 3163 ζῴων
1148 3068 1309 3161 δηλονότι
1331 3068 1401 3142 ούδ
1423 3065 1550 3158 ὁμοίως

246 3165 481 3261 Πυθαγόρᾳ,
510 3165 575 3240 κάν
604 3167 844 3261 ἀπεχώμεθά
872 3201 959 3244 ποτε
988 3172 1115 3263 ζῴων,
1145 3169 1186 3244 ού
1214 3168 1407 3261 χρησόμεθα
1433 3166 1550 3240 αύτῶν

247 3290 321 3352 ταῖς
342 3277 445 3358 σαρξί.
488 3269 617 3359 ψυχὴν
645 3269 707 3358 γὰρ
735 3272 875 3361 λογικὴν
902 3278 1022 3362 τιμάν
1050 3269 1160 3362 μόνην
1182 3267 1273 3362 ἡμεῖς
1294 3275 1387 3360 ἰ’σμεν
1416 3267 1550 3340 καὶτὰ

246 3369 395 3459 ταύτης
419 3362 566 3457 όργανα
587 3368 671 3458 μετά
694 3376 792 3461 τιμῆς
810 3367 1033 3458 παραδιδόναι
1047 3371 1135 3444 κατά
1151 3369 1194 3444 τά
1210 3375 1429 3459 νενομισμένα
1445 3375 1550 3456 ταφῇ·

331 3559 347 3614 1
367 3557 431 3628 vgl.
449 3559 509 3614 Aet.
525 3560 565 3625 15,
577 3559 619 3614 28.
637 3587 670 3596 -
688 3557 706 3612 2
726 3557 789 3627 Vgl.
802 3560 862 3613 Act.
876 3561 916 3626 15,
929 3559 970 3614 29.
988 3587 1021 3598 -·
1041 3558 1142 3628 4131.
1160 3558 1231 3613 oben
1244 3557 1307 3612 VIII
1320 3558 1361 3624 25,
1380 3557 1406 3611 S.
1417 3559 1468 3612 242
1486 3557 1512 3610 Z.
1525 3557 1549 3610 2.

244 3673 277 3682 —
295 3641 358 3712 Vgl.
377 3643 390 3696 1
407 3644 471 3698 Kor.
490 3645 530 3706 10,
548 3643 589 3698 20.
607 3643 648 3696 21.
666 3672 699 3681 -
716 3643 733 3698 5
751 3642 814 3712 Vgl.
833 3644 892 3698 Aet.
911 3645 951 3708 15,
969 3643 1011 3699 29.
1029 3673 1062 3682 -
1080 3643 1143 3712 Vgl.
1161 3642 1287 3697 Clemens
1307 3641 1394 3704 Alex..
1411 3641 1549 3711 Pfflagog.

244 3729 283 3782 III
301 3731 326 3791 3,
337 3729 371 3783 25
389 3743 414 3798 p.
433 3727 483 3782 267
503 3743 541 3795 sq.
561 3726 603 3781 ed.
621 3726 722 3782 Potter.
752 3725 897 3793 Eusebius,
915 3727 983 3782 nist
1002 3727 1067 3782 0001.
1085 3727 1109 3780 V
1128 3732 1152 3794 1,
1170 3729 1211 3783 26.
1239 3727 1373 3782 Μίαυοὶυε
1392 3725 1480 3786 βείίι,
1499 3725 1550 3779 οο-

244 3811 334 3868 bavius
352 3811 417 3882 Cap.
434 3811 512 3866 XXX
529 3829 553 3865 a„
565 3809 597 3864 Ε.
622 3811 783 3880 ΤοτΙυΠὶεο,
804 3813 884 3883 Apol.
902 3811 967 3882 Cap.
984 3811 1024 3866 IX
1041 3812 1130 3868 Mitto.
1148 3844 1181 3854 -
1202 3813 1216 3868 ⁷
1237 3812 1299 3882 Vgl.
1317 3814 1378 3868 Aah
1398 3813 1437 3875 15,
1457 3811 1499 3866 29.
1517 3841 1549 3850 -

245 3897 283 3953 12
302 3896 365 3966 Vgl.
384 3895 522 3966 Origenes,
542 3897 645 3951 comm.
663 3897 692 3950 in
709 3899 808 3953 Matth.
827 3897 878 3953 XV
896 3899 912 3954 3
930 3897 1156 3968 (tom.111p.331
1170 3897 1211 3952 εδ.
1225 3895 1348 3964 Lomm.).
1365 3926 1399 3936 -
1418 3896 1457 3952 18
1475 3894 1550 3949 Sexta

243 3980 421 4050 Pythagorici
439 3983 562 4044 sentent..
583 3981 619 4035 ab
638 3985 738 4037 Anton.
757 3982 834 4038 IIIIer
852 3983 893 4037 ed.
911 3982 958 4038 Nr.
977 3983 1026 4038 109
1049 3983 1091 4051 (=
1109 3981 1195 4036 Index
1213 3981 1334 4036 scholar.
1351 3981 1438 4035 Bonn.
1458 3980 1550 4046 1891Ι2

329 4233 346 4288 l
366 4224 609 4304 ἀπαγορεύουσαν
626 4233 761 4303 MAusgg.
779 4227 1013 4306 ἀπαγορεύουσιν
1024 4236 1049 4288 Δ
1064 4235 1068 4303 Ι
1084 4227 1146 4290 ἔστι
1158 4237 1290 4304 AAusgg.
1306 4239 1310 4298 Ι
1324 4235 1392 4290 4-5
1411 4251 1456 4286 am
1469 4231 1548 4286 Rand

244 4334 279 4386 οη
297 4321 334 4371 A¹
350 4316 354 4384 Ι
370 4317 484 4373 11-12
503 4335 548 4371 am
566 4317 645 4372 Rand
662 4306 709 4400 ff*
726 4319 764 4372 ΑΙ
783 4319 787 4386 Ι
809 4317 846 4374 11
869 4317 938 4384 τοὺς
954 4311 1062 4384 τάπονς
1079 4322 1111 4384 Δ,
1125 4319 1175 4375 Ηῡ.
1194 4337 1240 4374 am
1257 4319 1344 4386 Hand,
1362 4318 1405 4388 Sp.
1418 4317 1454 4370 im
1468 4317 1549 4380 1er
1646 4389 1648 4394 Ι

242 4395 295 4457 τὸν
311 4396 405 4456 τόπον
421 4401 508 4458 PDel.
532 4405 536 4471 Ι
562 4403 599 4458 12
628 4400 730 4469 σέξτου
749 4402 834 4457 PDeI.
854 4401 978 4459 σέκοτσυ
995 4403 1124 4474 Imp.
1139 4406 1143 4473 Ι
1160 4405 1199 4460 15
1221 4395 1313 4475 ἥρωσι
1331 4409 1355 4458 Δ
1375 4407 1379 4470 Ι
1401 4403 1438 4458 19
1457 4401 1549 4456 hinter

241 4481 380 4558 βρώσεως
396 4493 429 4551 -Ι-
448 4481 591 4555 ἀφεκτέον
607 4487 656 4541 Bo.
675 4487 772 4554 (Notae
790 4506 814 4557 p.
833 4488 893 4554 405)
911 4487 972 4544 Del.
990 4487 1012 4554 (1
1031 4489 1081 4544 764
1099 4493 1180 4546 Anm.
1197 4493 1223 4558 a)
1248 4493 1251 4556 Ι
1272 4487 1386 4546 24-25
1405 4507 1450 4542 σω
1468 4485 1546 4540 Ιίεοδ

242 4587 279 4638 ση
296 4571 408 4640 A¹124
431 4570 564 4642 λέγοντες
580 4571 711 4643 AH5.Sp.
729 4570 853 4642 λέγομεν
870 4572 957 4627 ΡΒεΙ.
977 4573 982 4642 Ι
1001 4567 1268 4642 μετενσωμάτωσιν]
1288 4574 1355 4628 Iber
1371 4591 1385 4628 ε
1404 4573 1505 4641 (hinIer
1522 4575 1548 4638 τΙ

242 4653 286 4708 οἱα
305 4653 420 4724 Spiritus
438 4657 507 4710 lenis
524 4656 626 4726 getilgt
642 4660 667 4711 A
682 4659 687 4726 Ι
701 4657 740 4712 25
757 4651 921 4730 πνθαγόρα,
939 4674 976 4726 γο
994 4656 1024 4710 in
1041 4656 1191 4726 Οοπεαίατ,
1209 4661 1241 4712 Δ.
