3790 5526
604 497 705 552 ΚΑΤΑ
732 497 893 554 mmor
914 497 956 556 vl
980 498 1021 554 68.
1039 497 1080 553 69.
1099 497 1139 552 70.
1466 500 1524 564 139

218 656 355 747 ἐπειδὴ
381 662 501 748 μέγας
530 663 614 730 ἐστὶ
644 667 709 730 καὶ
740 657 1024 749 δυσθεώρητος
1055 652 1074 729 6
1101 655 1209 742 θεὸς,
1241 663 1394 746 πνεῦμα
1419 659 1526 727 ἰδιον

218 757 403 846 ἐμβαλών
433 762 489 842 εἰς
519 764 628 846 σῶμα
658 753 750 849 ἡμῖν
777 752 921 847 όμοιον
951 763 1066 845 δεῦρο
1097 762 1368 846 κατέπεμψεν,
1396 752 1449 839 ως
1479 749 1525 826 άν

218 861 492 946 δυνηθείημεν
523 853 690 929 άκοῦσαι
724 855 811 945 παρ’
834 854 958 929 αότοῦ
991 863 1057 928 καί
1087 867 1240 943 μαθεῖν.
1283 852 1324 928 06
1353 851 1458 946 μόνος
1490 859 1526 925 δὲ

217 961 337 1044 μέγας
358 953 439 1027 καθ’
460 951 545 1045 ἡμᾶς
566 951 700 1028 ἐστιν·ό
722 965 797 1028 τῶν
820 950 913 1030 όίων
934 953 1030 1038 θεὸς
1051 961 1106 1026 καὶ
1126 952 1253 1044 πατήρ·
1274 961 1441 1046 μετέδωκε
1463 951 1526 1043 γάρ

184 1071 200 1125 5
219 1056 342 1127 ἑαυτοῦ
362 1061 418 1127 καί
441 1062 503 1145 τῆς
529 1051 789 1146 μεγαλειότητος
811 1063 861 1146 τῷ
884 1073 1060 1145 μονογενεῖ
1079 1062 1135 1126 καὶ
1155 1051 1374 1146 πρωτοτόκῳ
1396 1050 1527 1142 ,πάσης

135 1169 201 1223 162ν
217 1161 392 1238 κτίσεως“·
412 1164 416 1240 ί
436 1151 477 1226 ἵν’
500 1156 644 1240 ,,εἰκεὸν“
666 1151 769 1238 αὐτὸς
791 1151 969 1244 τυγχάνων
988 1160 1073 1240 ,τοῦ
1094 1150 1245 1243 ἀοράτου
1266 1161 1391 1226 θεοῦίί
1412 1160 1469 1224 καὶ
1491 1157 1528 1222 ἐν

219 1261 270 1344 τῷ
297 1259 430 1344 μεγέθει
456 1252 547 1345 σῴζη
573 1253 639 1344 τὴν
665 1251 780 1327 εἰκόνα
806 1261 869 1326 τοῦ
894 1250 1032 1344 πατρός.
1076 1249 1117 1325 06
1143 1251 1205 1342 γὰρ
1227 1249 1302 1324 οἶόν
1324 1248 1354 1324 τ’
1378 1244 1420 1342 ἦν
1442 1251 1527 1322 εἰναι

219 1352 417 1443 σύμμετρον,
449 1349 491 1424 ἵν’
520 1346 634 1438 οότως
670 1349 844 1445 Ιὀνομάσω,
871 1361 928 1425 καὶ
956 1351 1065 1442 καλὴν
1096 1348 1210 1424 εἰκόνα
1233 1360 1238 1439 Ι
1261 1359 1347 1438 ,τοῦ
1376 1347 1527 1440 ἀοράτου
1544 1364 1595 1422 685

219 1459 348 1536 θεοῦ,“
371 1452 415 1543 μὴ
437 1459 493 1525 καὶ
515 1459 578 1526 τοῦ
599 1459 761 1543 μεγέθους
783 1460 995 1542 παριστᾶσαν
1017 1451 1082 1542 τὴν
1103 1447 1225 1522 εἰκόνα.

170 1569 202 1622 10
303 1548 389 1623 ἀλλὰ
419 1559 475 1622 καὶ
504 1547 523 1623 ό
555 1550 651 1635 θεὸς
679 1549 759 1623 καθ>
781 1549 865 1642 ἡμᾶς
895 1559 946 1642 τῷ
977 1555 1038 1641 μὲν
1067 1549 1111 1641 μὴ
1143 1553 1228 1622 εἶναι
1258 1557 1370 1669 σῶμα.
1382 1545 1527 1638 άόρατός

221 1656 327 1722 ἐστιν·
357 1669 431 1734 τοῖς
462 1657 497 1722 δέ
527 1663 768 1774 θεωρητικαῖς
782 1658 902 1744 καρδίᾳ
923 1647 1116 1740 θεωρητὸς,
1140 1655 1297 1722 τουτέστι
1319 1655 1384 1740 νῷ,
1407 1653 1527 1738 καρδία

221 1757 256 1822 δὲ
289 1746 331 1820 ου’
360 1757 403 1838 τῇ
433 1747 577 1838 τυχοόση
609 1747 693 1822 άλλίι
724 1757 768 1839 τῇ
797 1756 944 1843 καθαρᾷ.
987 1746 1028 1820 06
1060 1749 1123 1840 γάρ
1154 1755 1251 1838 θέμις
1276 1721 1527 1839 μεμόλυσμένην

220 1854 360 1936 καρδίαν
385 1853 509 1938 ἐνορᾶν
535 1853 628 1938 θεῷ,
651 1845 738 1922 ἀλλὰ
764 1854 816 1921 δεῖ
834 1847 991 1939 καθαρὸν
1017 1846 1165 1919 είναι
1129 1877 1171 1921 το
1193 1856 1257 1920 τοῦ
1277 1853 1432 1936 καθαροῦ
1452 1842 1527 1917 κατ’

222 1946 318 2032 ἀξίαν
341 1943 562 2038 θεωρητικόν.
605 1949 693 2018 ἐστω
719 1947 760 2038 δὴ
790 1955 855 2020 καὶ
887 1942 1221 2037 δυσθεώρητοςκ
1202 1975 1220 2019 ο
1251 1943 1360 2029 θεός·
1390 1941 1465 2017 ἀλλ’
1487 1942 1528 2016 οό

171 2073 202 2126 15
220 2042 325 2138 μόνος
350 2043 645 2169 δυσθεάρητός
664 2050 735 2118 ἐστι
756 2053 833 2132 τινὶ,
859 2043 946 2119 άίίά
968 2042 1065 2118 καὶ(
1046 2077 1064 2118 ο
1087 2045 1271 2137 μονογενὴς
1292 2041 1405 2118 αὐτοῦ.
1442 2050 1527 2115 δυσ-

220 2145 440 2268 θεεόρητος
453 2145 515 2236 γὰρ
537 2141 557 2218 6
578 2143 673 2228 θεὸς
695 2141 804 2236 λόγος,
828 2149 1114 2268 δυσθεώρητος
1136 2151 1172 2218 δὲ
1194 2142 1321 2218 οότωσί
1342 2151 1396 2216 καὶ
1423 2152 1527 2233 σοφία

221 2250 322 2330 ἐστὶν,
353 2236 440 2316 ἐν
421 2273 447 2366 η
474 2243 516 2316 τά
546 2242 661 2317 πάντα
691 2240 927 2334 πεποίηκενκ
908 2275 926 2317 ο
957 2241 1061 2368 θετὲός
1103 2253 1155 2330 τίς
1185 2244 1248 2334 γὰρ
1279 2242 1421 2318 δύναται
1447 2240 1527 2315 καθ’

223 2346 366 2417 ἕκαστον
397 2352 471 2416 τῶν
500 2342 645 2418 πάντων
675 2343 739 2434 τὴν
767 2351 900 2431 σοφίαν,
931 2335 1011 2416 ἐν
994 2373 1014 2431 η
1041 2339 1061 2416 6
1087 2343 1181 2428 θεὸς
1206 2351 1262 2416 καὶ
1289 2346 1528 2418 ἕκαστοντῶν

221 2441 367 2516 πάντων
381 2452 554 2535 πεποίηκε,
571 2447 789 2534 <θεωρῆοαι>;
811 2472 851 2516 ου
842 2440 979 2515 ’διὰ
942 2472 984 2516 το
1007 2445 1288 2534 δυσθεωρητσς
1309 2435 1410 2515 οὖνό
1433 2441 1528 2525 θεὸς

171 2567 204 2621 20
223 2545 309 2615 εἶναι
331 2539 380 2627 ὦς
402 2541 621 2634 εὐθεώρητον
642 2541 706 2615 τὸν
728 2541 803 2616 υἰόν
824 2545 1006 2632 ἐπεμψεν.
1043 2536 1128 2633 άπερ
1149 2543 1194 2634 μὴ
1217 2541 1343 2634 νοήσας
1364 2537 1528 2625 όΚέίσος

223 2643 315 2714 είπεν
345 2639 393 2725 σός
414 2647 451 2713 ἐκ
473 2642 662 2732 προσώπου
681 2638 790 2732 ἡμῶν·
820 2641 873 2714 διὰ
896 2640 937 2713 τὸ
960 2643 1248 2733 δυσθεώρητος
1271 2645 1355 2715 εἶναι
1376 2647 1528 2731 πνεῦμα

223 2747 330 2814 ἰδιον
364 2744 548 2831 ἐμβαλών
578 2747 634 2827 εἰς
664 2750 773 2832 σῶμα
807 2737 899 2833 ἡμῖν
934 2736 1079 2832 όμοιον
1108 2748 1223 2831 δεῦρο
1253 2748 1527 2832 κατέπεμψεν,

224 2839 276 2926 αίς
298 2837 345 2914 άν
364 2847 634 2932 δυνηθείημεν
660 2839 827 2914 άκοῦσαί
853 2871 895 2913 τε
915 2837 1003 2931 παρ’
1026 2838 1150 2913 αὐτοῦ
1175 2847 1238 2912 καὶ
1260 2853 1411 2931 μαθεῖν.
1454 2836 1527 2912 ἀλλ’

224 2938 271 3026 σός
293 2937 564 3031 άποδεδοόκαμεν,
585 2947 642 3013 καί
664 2936 684 3013 6
705 2940 779 3024 υίὸς
801 2941 1085 3031 δυσθεώρητος
1117 2937 1177 3026 τόν,
1205 2935 1265 3012 άτε
1293 2937 1394 3030 λόγος
1419 2938 1528 3023 θεὸς,

173 3061 206 3116 25
224 3037 265 3112 δι’
289 3031 329 3113 οὗ
354 3040 396 3112 τὰ
418 3038 532 3113 πάντα
554 3045 728 3130 ἐγένετο,
730 3046 796 3125 ,καὶ
819 3037 1009 3130 ἐσκήνωσεν
1030 3036 1109 3112 ἐνκ
1088 3051 1195 3130 malvf‘

306 3161 399 3228 LXX
434 3161 476 3226 Εἰ
506 3161 541 3227 δέ
572 3161 676 3228 συνίει
699 3151 874 3238 Κέλσος“
856 3185 877 3225 α
903 3163 1043 3246 λέγομεν
1064 3163 1141 3245 περὶ
1166 3155 1391 3248 πνεύματος
1418 3162 1529 3240 θεοῦ,

224 3250 320 3327 καί0
302 3285 388 3340 οτι,
390 3251 476 3340 οσοι
497 3283 694 3345 πνευματι
715 3261 813 3327 θεον
835 3250 987 3345 άγσνται,
1011 3285 1109 3327 ουτοι
1124 3259 1191 3328 υίοί
1212 3262 1312 3328 θεου
1333 3261 1447 3340 εἰσιν
1469 3251 1530 3326 οόκ

224 3350 267 3428 66
295 3357 405 3446 ἑαυτῷ
434 3385 483 3438 ως
508 3349 568 3442 ἀφ’
589 3350 687 3446 ἡμῶν
712 3351 914 3444 ἀπεφήνατο
949 3348 1003 3427 ότι
1033 3360 1184 3445 πνεῦμα
1214 3359 1318 3427 ἰδιον
1349 3355 1530 3446 ἐμβαλών

225 3458 279 3538 εἰς
310 3463 420 3545 σῶμα
452 3449 471 3526 6
498 3452 592 3537 θεὸς
622 3460 736 3542 δεῦρο
766 3461 1031 3544 κατέπεμψεν.
1073 3451 1123 3526 άεὶ
1153 3453 1216 3544 γάρ
1239 3450 1257 3526 6
1284 3453 1378 3537 θεὸς
1399 3459 1530 3546 μεταδί·

174 3573 207 3628 30
225 3560 309 3625 δωσι
340 3573 414 3638 τοῖς
443 3559 641 3644 δυναμένοις
669 3558 818 3642 μετέχειν
846 3548 952 3623 αὐτοῦ
983 3559 1056 3624 τοῦ
1086 3559 1190 3626 ἰδίου
1218 3552 1459 3645 πνεύματος,
1491 3550 1531 3626 06

225 3651 299 3725 κατ’
332 3651 512 3743 ἀποτομὴν
546 3661 603 3725 καὶ
639 3658 798 3742 διαίρεσιν
833 3655 1047 3742 ἐγγινομένου
1083 3672 1154 3736 τοῖς
1194 3650 1306 3740 άξίοις.
1354 3649 1434 3725 οὐδὲ
1469 3651 1531 3742 γάρ

225 3761 334 3842 σῶμα
365 3751 405 3825 τὸ
436 3749 514 3825 καθ’
543 3748 627 3843 ἡμᾶς
657 3757 824 3840 πνεῦμα,
857 3748 905 3835 σός
927 3749 1006 3824 οὐδὲ
1035 3759 1145 3842 σῶμα
1172 3753 1213 3826 τὸ
1235 3760 1312 3844 πῦρ,
1340 3745 1424 3842 ὅπερ
1448 3753 1532 3824 εἰναι

311 3967 326 4022 1
346 3966 410 4036 Vgl.
427 3965 547 4030 Aristid„
565 3965 645 4037 Apol.
664 3967 689 4021 S.
707 3969 731 4030 2,
750 3965 793 4022 δέ.
812 3966 854 4022 ed.
873 3965 1027 4020 Hennecke.
1046 3997 1079 4006 -
1098 3965 1161 4035 Vgl.
1180 3965 1241 4022 Joh.
1260 3969 1283 4033 1,
1304 3967 1344 4019 14.
1368 3965 1446 4020 Rhm.
1464 3965 1488 4030 8,
1507 3964 1531 4019 3.

226 4081 258 4090 -
277 4051 295 4108 6
314 4051 377 4121 Vgl.
395 4049 457 4106 Joh.
477 4055 499 4116 1,
519 4053 559 4105 14.
585 4050 645 4106 Kol.
663 4056 688 4116 1,
708 4053 747 4106 15.
766 4081 799 4090 -
819 4051 854 4106 11
875 4050 937 4119 Vgl.
958 4050 1056 4106 Matth.
1075 4052 1099 4114 5,
1116 4050 1140 4104 8.
1159 4079 1192 4089 -
1211 4051 1250 4106 16
1269 4049 1332 4120 Vgl.
1351 4049 1531 4114 Ι.υ1ι.11,49.

225 4134 538 4276 δ-οὴὲῚῙ,ΒἙωΕρέεῗ;13,
556 4135 580 4190 9.
599 4136 633 4191 10
649 4152 675 4190 u.
693 4137 779 4189 unten
796 4135 823 4190 Z.
836 4137 877 4189 25.
894 4165 928 4175 -
947 4133 986 4190 24
1004 4134 1251 4204 Vgl.J0h.1‚1.3.
1269 4163 1303 4174 -
1321 4133 1360 4190 25
1380 4133 1441 4188 Joh.
1456 4135 1531 4198 1,14.

311 4403 329 4458 6
354 4406 403 4460 καί
420 4404 592 4474 flbergeschr.
611 4405 648 4458 Αι
671 4405 676 4472 l
700 4405 736 4459 16
760 4395 867 4459 οὕτωεί
885 4403 935 4457 Ησ.
954 4421 1000 4458 am
1018 4403 1109 4470 Rand,
1128 4402 1172 4474 Sp.
1190 4402 1248 4458 Del.
1266 4402 1306 4456 im
1322 4401 1403 4466 Τειές
1431 4392 1533 4459 οὕτοσί

226 4490 249 4540 Δ
270 4489 273 4554 Ι
293 4488 330 4543 Ῑθ
349 4489 526 4560 <θεωρῆσαι>
550 4490 621 4543 εείτε
643 4487 689 4541 ich
705 4488 758 4542 mit
775 4489 817 4542 Μ2
834 4489 890 4557 (am
902 4487 990 4556 Band)
1008 4505 1034 4542 u.
1052 4487 1106 4542 den
1122 4490 1225 4558 Ausgg.
1244 4487 1287 4542 ein
1303 4489 1307 4557 Ι
1323 4487 1364 4542 20
1381 4485 1473 4542 hinter
1490 4481 1533 4544 εδ·

225 4566 376 4644 θεώρητον
387 4579 419 4638 -Ι-
431 4567 484 4629 τόν
502 4565 575 4629 θεὸν
591 4573 742 4643 θΑυεςς.ί
763 4572 803 4628 26
827 4589 914 4628 σννιει
933 4573 990 4644 [εο],
1007 4573 1075 4627 iiber
1092 4589 1117 4628 ει
1135 4571 1295 4626 circumflex
1307 4571 1415 4642 getilgt,
1433 4572 1531 4640 A181

225 4648 288 4711 κατ’
306 4659 331 4711 A
347 4651 423 4713 κατὰ
440 4656 575 4726 MAusgg.
