3790 5526
323 446 380 507 102
864 439 1086 494 ανινοαονΣ

318 599 476 689 φραγμὸν
502 602 608 688 πυρός
635 596 784 688 ἀφόβως,
813 601 952 691 πρῶτης
977 603 1091 689 λαχῶν
1117 597 1222 688 ἀρχὴν
1247 598 1357 687 πύλης
1381 593 1498 686 Ὠραῑε,
1524 595 1629 687 πάρες

316 726 366 787 με,
395 704 453 788 σῆς
479 693 573 788 ὁρῶν
599 697 772 789 δυνάμεως
792 699 961 790 σύμβολον
983 705 1178 772 καταλυθέν
1205 697 1303 788 τύπῳ
1334 704 1422 788 ζωῆς
1451 696 1564 784 ξύλου,
1588 702 1628 768 εί-

317 794 394 870 κόνι
415 793 493 870 καθ’
516 794 679 887 ὁμοίωσιν
695 803 829 889 ληφθὲν
844 796 979 872 ύθῶου·
1009 795 1138 888 ῆχὰρις
1153 805 1304 870 συνέστω
1323 827 1390 887 μοι,
1412 798 1530 886 πάτερ,
1554 823 1627 869 συν·

317 902 436 968 έστω.“

283 1028 299 1078 5
400 1017 528 1084 XXXII.
559 1009 629 1084 Ἐπί
658 1021 766 1086 ταῦτα
792 1022 827 1087 δὲ
854 1011 938 1105 ἡμᾶς
965 1011 986 1105 ἦ
1014 1021 1144 1085 Κέλσου
1170 1019 1369 1103 νομιζομένη
1393 1019 1454 1104 μὲν
1479 1013 1627 1106 πολυμό-

318 1121 404 1196 θεια,
431 1119 561 1202 μᾶλλον
584 1109 613 1184 δ
637 1106 721 1186 ούσα
743 1123 912 1203 περιεργία
933 1122 990 1185 καὶ
1016 1119 1170 1202 φλυαρία
1184 1119 1447 1201 «προεκαλέσατο
1470 1122 1628 1204 βουλομέ-

318 1240 399 1294 νους
420 1218 632 1306 παραστῆσαι
654 1220 705 1302 τῷ
728 1211 906 1303 ἐντυχόντι
928 1220 971 1300 τῇ
993 1216 1123 1284 ἐκείνου
1144 1219 1257 1334 γραφῆ
1279 1219 1334 1284 καὶ
1357 1233 1429 1296 τοῖς
1448 1210 1527 1302 ἡμῖν
1540 1213 1628 1304 πρός

317 1306 424 1400 αύτῆν
451 1317 688 1401 γεγραμμένοις
716 1306 771 1384 ότι
799 1309 860 1383 ούκ
887 1316 978 1383 ἔστιν
1005 1310 1130 1400 ἀπορία
1158 1309 1236 1402 ἡμίν
1262 1319 1336 1382 τῶν
1364 1318 1495 1385 Κέλσου
1519 1325 1630 1403 μαθη·

317 1407 448 1496 μάτων,
482 1407 534 1496 ἐφ’
565 1412 616 1494 σίς
647 1411 893 1499 καταψεύδεται
921 1419 1150 1500 Χριστιανῶν
1183 1407 1264 1482 ούτε
1295 1411 1524 1499 φρονούντων
1553 1409 1627 1484 οὔτ’

267 1520 300 1575 10
317 1505 520 1581 εἰδότων
484 1539 525 1581 τα
548 1517 701 1595 τοιαῦτα,
724 1517 828 1581 είί
774 1519 828 1582 καί
851 1507 941 1600 ἡμεῖς
963 1508 1193 1600 ἐβουλήθημεν
1214 1519 1270 1582 καὶ
1292 1518 1401 1583 ταῦτα
1407 1520 1551 1632 ,γνῶναι
1572 1518 1627 1582 καὶ

317 1614 494 1680 ἐκθέσθαι·
518 1614 571 1680 ἵνα
592 1610 637 1700 μῆ
660 1617 701 1698 τῆ
725 1615 903 1701 ἐπαγγελίᾳ
925 1639 989 1682 του
974 1616 1132 1682 εἰδέναι
1154 1639 1188 1681 τι
1208 1607 1369 1682 πλείον’
1349 1619 1446 1700 ημῶν
1460 1608 1546 1683 οἷ’
1507 1639 1628 1700 γοητες

317 1711 512 1794 ἐξαπατῶσι
534 1709 614 1792 τούς
634 1705 702 1779 ύπδ
725 1716 785 1799 τῆς
806 1717 880 1780 τῶν
902 1704 1085 1799 όνομύτων
1101 1716 1289 1797 φαντασίας
1304 1717 1627 1799 συναρπαζομένους.

317 1805 483 1897 ἐδυνάμην
514 1815 549 1879 δὲ
579 1816 634 1879 καὶ
665 1807 751 1880 ἄλλα
783 1815 925 1880 πλείονα
950 1814 1187 1934 παραθέμενος
1213 1816 1425 1900 παραστῆσαι
1454 1805 1508 1882 ότι
1533 1813 1627 1899 ίσμεν

267 2017 299 2070 15
316 2012 372 2075 καὶ
399 2002 441 2077 ού
466 2005 724 2096 συνυπάρχοντα
751 2028 822 2092 τοῖς
847 2013 941 2098 μέχρι
962 2004 1165 2078 θανάτου
1145 2003 1203 2094 αφ’
1225 2003 1323 2097 ἡμῶν
1345 2003 1627 2097 ὁμολογουμένοις

317 2101 457 2195 ἇληθῶς
478 2113 697 2195 Χριστιανῶν
719 2104 841 2196 λόγοις.

399 2204 462 2294 χρὴ
488 2212 604 2295 μέντοι
631 2212 753 2278 εἰδέναι
775 2201 829 2278 ότι
851 2208 883 2278 οἱ
905 2213 1013 2278 ταῦτα
1039 2204 1290 2294 συνταξάμενοι,
1319 2202 1401 2278 ούτε
1428 2205 1471 2278 τὰ
1493 2213 1627 2296 μαγείας

317 2301 500 2392 νοήσαντες
522 2301 603 2377 οὔτε
626 2305 668 2376 τό
690 2313 763 2376 τῶν
785 2313 892 2376 θείων
919 2313 1061 2396 γραφῶν
1088 2313 1329 2396 διακρίναντες,
1356 2303 1457 2376 πάντ’
1487 2310 1628 2396 ἔφυραν·

319 2397 386 2472 ἀπὸ
408 2410 469 2492 μὲν
490 2413 631 2496 μαγείας
648 2404 712 2476 τόν
732 2401 937 2489 ’ίαλδαβαῶθ
958 2411 1013 2476 καί
1035 2405 1099 2476 τόν
1121 2401 1323 2491 Ἀσταφαιδν
1337 2411 1392 2474 καὶ
1408 2404 1472 2476 τόν
1485 2401 1627 2493 Ὡραίαν,

266 2517 301 2572 20
317 2497 386 2572 ἀπὸ
410 2508 445 2573 δὲ
467 2511 541 2575 τῶν
561 2499 742 2591 Ἑβραϊκῶν
764 2511 908 2592 γραφῶν
929 2502 993 2575 τόν
1012 2500 1122 2575 Ἰαωία
1144 2499 1223 2593 παρ>
1242 2499 1404 2592 Ἑβραίοις
1426 2499 1628 2594 ὀνομαζόμε-

317 2627 380 2670 νον
404 2607 460 2670 καὶ
487 2601 550 2674 τόν
572 2603 725 2690 Σαβαῶθ
750 2609 805 2672 καὶ
832 2602 896 2674 τὸν
920 2599 1101 2675 Ἀδωναῑον
1128 2611 1184 2674 καὶ
1215 2605 1278 2690 τὸν
1305 2599 1479 2676 Ἑλωαῑον.
1523 2603 1566 2674 τὰ
1593 2607 1628 2674 δὲ

317 2695 386 2770 ἀπὸ
409 2709 483 2772 τῶν
505 2711 648 2790 γραφῶν
670 2708 874 2790 ληφθέντα]
897 2698 1048 2793 ὀνόματα
1070 2701 1231 2793 ἐπῶνυμό
1258 2707 1328 2773 ἐστι
1355 2710 1418 2775 τοῦ
1444 2699 1552 2774 αύτοῦ
1573 2708 1628 2773 καὶ
1644 2716 1694 2770 657

317 2797 393 2881 ἑνός
414 2807 512 2870 θεοῦ·
534 2795 617 2889 ὅπερ
638 2800 683 2891 μὴ
706 2807 861 2884 συνέντες
884 2806 916 2873 οί
938 2807 1056 2892 ἐχθροί
1077 2811 1160 2893 θεῷ,
1183 2801 1232 2884 ῶς
1252 2809 1308 2873 καὶ
1331 2801 1428 2874 αύτοὶ
1444 2797 1627 2891 δμολογοθ

317 2922 379 2982 σιν,
408 2897 575 2989 φ’ῆθησαν
600 2898 707 2972 ἄλλον
733 2905 794 2989 μὲν
823 2903 908 2972 εῖναι
935 2901 997 2973 τόν
1018 2899 1090 2973 Ἰαῶ
1113 2902 1231 2990 ἕτερον
1253 2908 1288 2973 δὲ
1310 2902 1374 2974 τὸν
1396 2903 1551 2985 Σαβαώθ
1572 2907 1628 2970 καὶ

265 3020 299 3074 25
317 3004 437 3085 τρίτον
458 2998 550 3088 παρὰ
573 3008 700 3071 τοῦτον
721 2999 785 3072 τόν
806 2995 996 3086 Ἀδωναῐον,
1025 2997 1065 3073 δν
1092 3007 1247 3090 λέγουσιν
1274 3004 1308 3071 αἱ
1330 3009 1455 3090 γραφαί
1477 2997 1627 3084 Ἀδωναῒ,

316 3104 371 3168 καὶ
387 3094 492 3170 ἄλλον
507 3098 571 3171 τόν
586 3095 794 3184 Ἑλωατον,
781 3129 822 3171 ον
837 3101 869 3171 σί
884 3107 1059 3189 προφῆται
1079 3095 1304 3191 όνομόζουσιν
1316 3096 1481 3189 Ἐβραϊστὶ
1499 3095 1627 3170 Ἑλωαί.

398 3219 518 3285 XXXII
487 3220 542 3287 III
565 3217 633 3285 Εῖθ
634 3211 643 3237 '
595 3217 741 3304 ίθὲξῆς
763 3211 886 3298 ἄλλους
907 3210 1216 3305 μύθουςόΚέλσος
1234 3213 1463 3302 ἐκτίθεται,ῐ
1440 3247 1489 3301 ως
1504 3243 1627 3288 τινων

317 3320 371 3396 είς
393 3343 463 3398 τας
485 3311 728 3405 ύρχοντικδις
748 3315 904 3405 μορφὰς
925 3318 1267 3404 ἐπανερχομένων,
1298 3310 1399 3387 ὥστε
1422 3316 1535 3398 τινὰς
1556 3323 1626 3404 μὲν

316 3421 502 3503 γίνεσθαι
524 3422 694 3496 λέοντας
716 3409 863 3498 ἄλλους
878 3421 917 3486 δὲ
932 3413 1103 3502 ταύρους
1124 3423 1187 3485 καί
1203 3411 1348 3498 ἄλλους
1365 3409 1617 3505 δρακοντας
1605 3442 1625 3501 η

401 3601 442 3658 26
464 3602 527 3670 Vgl.
546 3602 713 3664 Theodoret,
731 3601 812 3656 Ηοοτ.
832 3601 887 3656 fab.
905 3616 991 3670 comp.
1009 3601 1022 3654 I
1040 3602 1056 3656 9
1075 3618 1098 3654 a„
1116 3600 1147 3656 A.
1166 3631 1199 3641 -
1217 3603 1279 3672 Vgl.
1298 3602 1412 3658 Ioannis
1430 3601 1503 3656 Croii
1520 3601 1625 3668 ,Obser-

317 3685 447 3740 vationes‘
477 3685 533 3753 (bei
555 3685 660 3740 Lomm.
683 3689 749 3741 tom.
768 3685 819 3739 XX
842 3685 979 3754 θέλημα).
1014 3685 1192 3740 Οαοωαείίσα
1217 3704 1308 3750 sacra,
1334 3687 1377 3741 ed,
1396 3685 1426 3739 P.
1442 3686 1476 3739 de
1494 3685 1625 3755 lagarda,

316 3771 375 3834 204,
393 3771 528 3838 51-206,
545 3771 586 3825 81.

401 3921 420 3977 2
446 3918 617 3990 καταλυθέν]
641 3919 846 3992 καταγλυφθὲν
868 3921 943 3975 lesen
970 3921 1029 3975 Oro.
1056 3920 1110 3990 [bei
1128 3920 1188 3975 Del.
1208 3921 1219 3974 1
1241 3923 1292 3976 656
1309 3924 1389 3976 Anm.
1409 3921 1434 3989 d,
1457 3921 1503 3974 bei
1520 3921 1625 3976 Lomm.

317 4005 367 4060 XX
385 4005 446 4074 339)
468 4023 495 4059 u.
512 4006 561 4060 Bo.
580 4005 677 4074 (Notae
694 4025 720 4077 p.
738 4007 798 4074 395)
814 4008 818 4074 Ι
837 4009 851 4062 7
871 4005 979 4078 γραφῇ]
1003 4005 1090 4076 ρειαί
1104 4005 1191 4059 Rasur
1208 4007 1252 4069 A!
1269 4006 1306 4061 11
1326 4009 1427 4061 πλεῖον
1448 4009 1473 4060 A
1490 4003 1580 4061 πλέον
1597 4006 1626 4058 Μ

319 4090 497 4160 Ausgg.118
515 4091 606 4144 hinter
624 4081 670 4146 δτι
687 4091 733 4145 ein
748 4091 859 4146 Buehsh
878 4089 1029 4144 auaradiert
1046 4093 1071 4144 A
1086 4091 1090 4157 Ι
1107 4089 1146 4146 14
1165 4083 1350 4162 ἀπατεώνων]
1370 4090 1506 4145 zwisohen
1526 4108 1540 4146 ε
1557 4108 1583 4144 u.
1602 4085 1626 4144 ιύ

317 4175 407 4230 Βαααι
434 4175 478 4228 fiir
503 4174 584 4228 einen
603 4175 714 4229 Buohst.
733 4175 797 4242 frei,
819 4174 885 4229 aber
908 4174 988 4228 lmine
1005 4173 1093 4228 Raeur
1111 4176 1135 4226 A
1158 4175 1163 4244 Ι
1189 4174 1226 4230 18
1254 4170 1419 4246 νοήσαντες]
1438 4196 1455 4246 η
1473 4175 1524 4230 auf
1539 4175 1627 4229 Rasur

316 4260 340 4314 A
361 4262 365 4329 Ι
386 4260 425 4316 19
448 4275 616 4327 ασταφαιον
634 4259 681 4328 [ιο]
702 4261 725 4313 A
745 4260 749 4327 Ι
770 4259 810 4314 26
832 4253 935 4328 Ἰαωία]
954 4249 1015 4312 Ἰαώ
1033 4251 1049 4327 ἢ
1067 4252 1104 4312 Ἰδι
1126 4257 1443 4320 1ὶεε66τοθ,Απαοίε6.
1466 4259 1503 4314 ad
1521 4259 1625 4328 Evang.

316 4359 369 4398 seo.
387 4343 487 4397 Ματθία.
506 4342 571 4412 Gap.
590 4342 666 4396 XXII
690 4343 746 4411 (bei
763 4343 822 4398 Del.
841 4345 853 4397 I
870 4345 920 4398 656
939 4343 1020 4397 Anm.
1038 4343 1066 4412 g)
1090 4342 1230 4398 vielleicht
1251 4343 1371 4414 richtig!
1391 4345 1431 4400 26
1454 4343 1584 4410 συνέντες
1601 4346 1625 4398 A

317 4429 368 4483 HA
388 4426 530 4493 συνιέντες
547 4426 656 4498 Sp.Del.
672 4427 732 4496 126
751 4423 844 4482 ἐλωαΐ
856 4428 880 4480 A
893 4423 980 4482 Ἐλωί·
991 4430 1094 4496 Ausgg.
1122 4429 1126 4495 Ι
1150 4428 1190 4483 26
1217 4429 1350 4499 γίνεσθαι
1367 4429 1490 4484 schreibe
1508 4430 1561 4495 ioh,
1580 4447 1624 4500 γε·

316 4509 419 4568 νέοθαι
445 4512 505 4566 Cro.
524 4511 578 4580 (bei
595 4511 654 4566 Del.
672 4513 683 4564 1
702 4513 751 4567 657
775 4516 855 4566 Anm.
874 4512 897 4580 ο)
923 4513 1076 4568 καλεῖσθαι
1098 4511 1189 4568 PDel.
1212 4512 1350 4568 πνέεσθαι
1372 4513 1423 4567 Η6.
1433 4512 1479 4584 Sp.
1500 4517 1625 4569 πνεσθαι

316 4596 365 4666 [so]
385 4598 417 4651 A.
