3772 5526
367 497 408 559 52
573 459 577 467 ’
914 487 1134 543 ammom

367 658 423 722 καί
450 646 536 740 άλλη
562 656 623 740 μὲν
648 645 669 739 ἡ
692 646 889 737 Ἑπικούρου
910 646 1055 738 ἀνδρεία,
1081 647 1315 738 ὑπομένοντος
1335 646 1464 730 πόνους
1486 645 1541 717 διὰ
1563 645 1675 736 φυγὴν

367 750 490 824 πόνων
518 747 703 834 πλειόνων,
735 745 820 838 άλλη
850 745 883 819 δ’
905 745 926 839 ἦ
952 757 1016 821 τοῦ
1037 746 1105 821 ἀπὸ
1128 755 1189 838 τῆς
1210 753 1339 830 Στοᾶς,
1366 743 1407 818 δι’
1429 743 1539 836 αύτὴν
1561 750 1674 834 αίρου·

368 855 472 939 μένου
493 856 607 922 πᾶσαν
628 845 762 938 ἀρετὴν,
786 846 870 938 ἄλλη
893 846 926 919 δ’
950 846 971 938 ἡ
992 845 1061 921 ἀπὸ
1084 845 1279 932 Πλάτωνος,
1303 852 1366 918 τοῦ
1388 853 1534 936 θυμικοῦ
1554 853 1675 936 μέρους

369 955 429 1040 τῆς
460 955 569 1039 ψυχῆς
595 945 789 1037 φάσκοντος
820 945 929 1038 αὐτὴν
958 948 1044 1019 είναι
1075 944 1200 1037 ἀρετὴν
1225 952 1281 1018 καὶ
1308 941 1566 1027 ἀποτάσοοντος
1588 940 1675 1034 αὐτῇ

332 1047 481 1122 5τόπον
510 1047 574 1121 τόν
605 1054 681 1136 περὶ
711 1045 776 1119 τὸν
805 1047 958 1136 θώρακα.
1001 1041 1115 1129 οὕτως
1146 1043 1178 1120 δ’
1201 1051 1249 1135 εἴη
1280 1040 1323 1116 ἀν
1348 1043 1436 1116 κατὰ
1462 1043 1505 1116 τὰ
1528 1041 1675 1131 διάφορα

368 1157 442 1220 τῶν
472 1153 824 1235 περιτεμνομένων
855 1143 1007 1236 δόγματα
1036 1143 1201 1234 διάφορος
1228 1141 1450 1235 ἦπεριτομὴ,
1476 1151 1554 1232 περὶ
1575 1134 1615 1233 ἧς
1637 1148 1675 1216 ἐν

367 1245 518 1337 τοιούτῳ
549 1243 779 1336 συγγράμματι
814 1241 876 1316 ούκ
913 1241 1097 1335 ἀναγκαίου
1129 1252 1191 1316 νῦν
1222 1250 1343 1334 λέγειν·
1373 1237 1444 1333 ότῳ
1476 1242 1539 1332 γὰρ
1569 1251 1674 1330 φίλον

366 1351 449 1419 ἰδεῖν
479 1345 523 1418 τὰ
558 1343 744 1434 κινήσαντα
780 1340 864 1434 ἡμᾶς
899 1349 945 1427 είς
980 1343 1043 1416 τόν
1075 1340 1199 1419 τόπον,
1236 1338 1426 1432 ἀναγνοότω
1461 1349 1538 1432 περὶ
1567 1338 1674 1414 αύτοῦ

367 1449 404 1519 ἐν
434 1463 507 1527 τοῖς
538 1447 584 1526 είς
614 1444 680 1534 τὴν
709 1442 795 1532 πρὸς
820 1439 1002 1532 Ῥωμαίους
1032 1442 1216 1532 ἐπιστολὴν
1242 1440 1381 1514 Παύλου
1410 1453 1674 1531 πραγματευθεί-

315 1557 350 1613 10
367 1570 420 1618 σιν
443 1542 530 1635 ἡμῖν.

450 1664 591 1730 XLVIII.
634 1653 708 1730 Κάν
743 1656 1020 1747 σεμνύνωνται
1056 1666 1175 1730 τοίνυν
1204 1655 1385 1728 Ἰουδαῖοι
1420 1665 1463 1746 τῇ
1497 1663 1673 1746 περιτομῇ.

368 1769 572 1850 χωρίσουσιν
598 1755 705 1848 αύτὴν
732 1754 773 1830 ου’
799 1754 908 1848 μόνον
930 1765 991 1848 τῆς
1015 1755 1182 1846 Κόλχων
1203 1763 1259 1827 καί
1281 1761 1518 1847 Αἰγυπτίων
1539 1784 1674 1844 περιτο-

367 1866 431 1950 μῆς
461 1855 548 1931 ἀλλὰ
578 1865 633 1928 καὶ
664 1863 725 1946 τῆς
746 1855 963 1947 Ἰσμαηλιτῶν
983 1853 1141 1945 Ἀράβων,
1171 1863 1282 1926 καίτοι
1309 1881 1345 1944 γε
1367 1852 1435 1927 ἀπό
1458 1861 1522 1926 τοῦ
1542 1852 1674 1944 προπά-

368 1987 471 2047 τορος
502 1955 619 2028 αὐτῶν
640 1951 782 2045 Ἀβραὰμ
814 1964 877 2028 τοῦ
897 1953 1027 2046 ἸσμαιΙλ
1059 1961 1279 2046 γεγενημένου
1303 1962 1359 2026 καί
1385 1954 1447 2026 σύν
1468 1959 1587 2044 ἐκείνῳ
1608 1981 1675 2024 πε-

317 2074 350 2128 15
369 2061 669 2147 ριτεμνομένου.
713 2061 846 2145 λέγουσι
873 2062 909 2128 δὲ
930 2052 1113 2127 Ἰουδαῖοι
1139 2054 1204 2144 τιΙν
1224 2060 1286 2142 μὲν
1307 2048 1520 2144 όιιταήμερον
1540 2081 1674 2142 περιτο

367 2157 434 2247 μὴν
463 2159 548 2228 εἶναι
577 2155 643 2245 τὴν
670 2161 939 2246 προηγουμένην,
971 2155 1037 2245 τὴν
1063 2160 1098 2226 δὲ
1125 2153 1170 2243 μὴ
1193 2151 1356 2243 τοιαύτην
1377 2159 1415 2226 ἐκ
1435 2150 1675 2242 περιστάσεως·

367 2263 422 2328 καὶ
450 2253 536 2346 τάχα
564 2251 618 2326 διά
640 2283 717 2326 τινα
739 2259 903 2342 πολέμιον
925 2261 976 2343 τῷ
998 2250 1200 2325 Ἰουδαίων
1221 2253 1313 2325 ἔθνει
1335 2249 1479 2342 ἄγγελον
1501 2249 1586 2342 αύτὴ
1609 2258 1676 2324 ίτε·

369 2367 471 2438 λείτσ,
499 2351 685 2442 δυνάμενον
714 2359 775 2442 μὲν
801 2361 952 2424 σίνεσθαι
982 2353 1063 2435 τούς
1084 2353 1128 2443 μὴ
1156 2359 1522 2441 περιτεμνομένους
1549 2349 1675 2433 αύτών,

370 2450 563 2524 ἀτονοῦντα
585 2456 621 2521 δὲ
643 2453 679 2522 έν
701 2469 772 2532 τοῖς
794 2458 1158 2541 περιτεμνομένοις.
1195 2445 1278 2540 ὅπερ
1301 2450 1398 2541 φήσει
1421 2481 1471 2534 τις
1489 2459 1677 2542 δηλοῦσθαι

317 2568 353 2624 26
370 2557 407 2622 ἐκ
437 2559 511 2622 τῶν
541 2555 579 2622 ἐν
606 2558 648 2638 τῇ
674 2546 798 2640 Ἑξόδῳ
825 2557 1073 2640 γεγραμμένων,
1104 2557 1141 2622 έν
1167 2551 1218 2633 οἷς
1245 2547 1264 2621 ό
1287 2548 1426 2639 ἄγγελος
1447 2549 1514 2640 πρὸ
1536 2557 1597 2640 μἐν
1615 2557 1677 2640 τῆς

371 2656 554 2740 ιπερτομῆς
569 2657 634 2720 τοῦ
647 2645 798 2736 Ἐλιάζαρ
817 2658 962 2739 ένεργείν
983 2649 1126 2722 ἐδύνατο
1147 2650 1234 2722 κατὰ
1250 2657 1464 2735 Μωῦσέως,
1487 2679 1677 2740 περιτμη-

370 2756 518 2831 θέντος
549 2745 581 2820 δ’
605 2744 710 2820 αύτοῦ
741 2744 839 2820 ούδὲν
869 2754 985 2838 ἴσχυσε.
1027 2756 1082 2820 καί
1109 2746 1253 2820 τοιαῦτά
1280 2777 1316 2838 γε
1341 2757 1497 2838 μαθοῦσα
1525 2747 1545 2840 ἦ
1569 2759 1677 2834 ,Σεπ-

372 2848 473 2938 ῳοόρα
496 2854 642 2936 λαβοῦσα
663 2854 783 2938 ψῆφον
804 2856 1035 2939 περιέτεμε“
1059 2847 1100 2920 τό
1126 2854 1263 2920 παιδίον
1289 2848 1420 2938 ἑαυτῆς,
1441 2848 1529 2920 κατὰ
1551 2855 1612 2938 μέν
1634 2847 1677 2920 τὰ

371 2947 470 3022 κοινὰ
492 2955 566 3020 τῶν
586 2944 810 3037 ἀντιγράφων
832 2953 940 3038 λέγειν
960 2945 1232 3038 ἀναγεγραμμένα]
1254 2944 1307 3018 τό·
1332 2953 1433 3040 ,ἔστη
1455 2947 1496 3020 τό
1518 2948 1598 3038 αἷμα
1615 2954 1676 3038 τῆς

321 3063 355 3118 25
371 3053 556 3138 περιτομῆς
578 3053 642 3120 τοῦ
664 3053 801 3120 παιδίου
822 3058 916 3136 μου,“
938 3047 1026 3120 κατὰ
1048 3052 1083 3118 δὲ
1106 3046 1147 3119 τὸ
1168 3043 1340 3136 Ἑβραϊκόν
1358 3059 1363 3132 Ι
1383 3045 1479 3120 αύτό·
1512 3057 1677 3138 ,νυμφίος
1693 3065 1744 3120 615

287 3157 355 3213 133r
372 3145 525 3238 αἱμάτων
553 3145 593 3218 σύ
622 3157 707 3236 μοι.“
751 3145 823 3234 ᾔδει
853 3147 916 3236 γάρ
946 3146 1010 3219 τόν
1030 3155 1107 3236 περὶ
1129 3151 1135 3237 Ι
1158 3153 1221 3218 τοῦ
1248 3153 1377 3219 τοιουδί
1398 3144 1542 3238 ἀγγέλου
1563 3145 1677 3238 λόγον,

456 3344 472 3398 1
496 3339 610 3411 23111.
628 3341 743 3404 Usener,
762 3339 895 3412 Epicurea
912 3359 937 3412 p.
955 3343 1013 3406 317,
1032 3343 1048 3396 3
1066 3339 1111 3396 Nr.
1130 3343 1188 3396 516.
1215 3370 1248 3380 -
1274 3340 1293 3396 2
1316 3339 1378 3410 vgl.
1397 3341 1503 3409 Cicero,
1522 3340 1562 3397 De
1579 3341 1678 3396 finibus

371 3427 455 3492 027,
476 3428 517 3482 19.
555 3425 670 3494 Seneca,
696 3425 736 3481 De
758 3425 817 3481 vita
837 3424 921 3479 beata
943 3425 1007 3496 Cap.
1026 3425 1072 3480 IX.
1110 3424 1244 3494 Diogenes
1266 3425 1354 3480 Ιιοίίεὶ.
1377 3425 1474 3488 VIII,
1493 3426 1550 3482 101.
1569 3428 1625 3483 102.
1645 3457 1678 3466 -

372 3511 391 3568 3
409 3511 474 3580 vgl.
487 3509 575 3574 Plato,
592 3509 660 3564 Tim.
674 3510 737 3582 Cap.
748 3509 837 3564 XXXI
850 3527 874 3580 p.
887 3511 920 3566 69
930 3508 1031 3565 Ε-ΤΟ
1040 3514 1072 3564 A.
1090 3509 1191 3570 Cicero,
1202 3507 1310 3563 TuscuL
1323 3508 1391 3580 disp.
1405 3509 1418 3563 I
1431 3512 1471 3574 10,
1483 3511 1525 3565 20.
1537 3541 1571 3551 -
1582 3511 1602 3566 θ
1615 3509 1677 3582 vgl.

371 3595 516 3666 Origenes,
544 3593 646 3649 Comm.
666 3595 695 3648 in
717 3611 758 3666 ep.
777 3593 813 3648 ad
834 3593 912 3649 Rom.
931 3595 956 3648 ΙΙ
975 3593 1015 3648 12.
1035 3595 1067 3648 13
1090 3592 1223 3663 (1051111
1245 3612 1271 3666 p.
1290 3595 1425 3650 116-143
1441 3593 1484 3652 ed.
1502 3595 1626 3660 Lomm.).
1644 3627 1677 3635 -

373 3681 410 3735 13
434 3679 497 3748 Vgl.
520 3677 665 3750 Josephus‚
688 3677 964 3748 Antiquitat.Jud.1
988 3679 1067 3745 12,2
1090 3680 1158 3746 (213.
1176 3678 1244 3746 214).
1271 3708 1304 3718 -
1331 3678 1395 3748 vgl.
1417 3677 1485 3734 Gen.
1507 3681 1547 3742 17,
1568 3681 1677 3736 23-27.

372 3795 404 3803 -
425 3763 462 3819 15
485 3763 548 3832 Vgl.
565 3763 629 3818 Lev.
649 3765 689 3826 12,
707 3765 732 3818 3.
761 3764 830 3818 Luk.
849 3767 872 3830 1,
891 3765 932 3818 50.
956 3765 980 3828 2,
998 3765 1040 3818 21.
1063 3793 1094 3802 -
1118 3763 1159 3819 20
1181 3762 1244 3832 Vgl.
1262 3761 1348 3818 Exod.
1366 3767 1391 3828 4,
1409 3765 1519 3820 24-26.
1544 3765 1583 3830 18,
1602 3766 1627 3819 4.
1645 3795 1678 3804 —

372 3848 411 3904 22
431 3847 492 3918 vgl.
511 3845 597 3902 Exod.
615 3851 639 3910 4,
657 3849 698 3904 25.
717 3872 750 3888 «-
768 3848 808 3904 24
826 3847 912 3902 Exod.
930 3851 954 3912 4,
972 3849 1013 3904 25.
1031 3849 1072 3904 26.

457 4025 472 4078 1
496 4015 577 4092 ἄλλη]
596 4015 680 4093 ἄλλη,
699 4022 770 4077 doeh
787 4023 850 4078 sehr
868 4023 952 4076 leieht
968 4021 998 4076 in
1017 4016 1088 4078 ἀλλο
1108 4039 1141 4076 zu
1159 4021 1288 4088 vetlem,
1306 4025 1331 4076 A
1347 4024 1351 4091 Ι
1367 4023 1385 4078 2
1409 4016 1444 4078 δι’
1462 4016 1558 4094 αύτιΙνΙ
1577 4018 1612 4080 δι’
1630 4015 1678 4080 αύ-

372 4100 424 4176 τὴν
442 4109 577 4161 υετωυίοί.
594 4107 642 4162 Bo.
661 4106 760 4176 (Notae
778 4125 803 4178 p.
821 4109 881 4174 302)
901 4102 934 4162 δι’
954 4099 1040 4176 αὐτῆς
1058 4107 1140 4161 Guiet
1158 4107 1212 4176 [bei
1230 4105 1289 4160 Del.
1307 4107 1320 4160 I
1338 4110 1389 4163 614
1406 4109 1486 4162 Anm.
1507 4109 1532 4177 e)
1553 4113 1557 4175 Ι
1577 4110 1596 4166 3
1615 4103 1643 4164 δ’
1654 4113 1679 4164 Α

373 4189 402 4246 δε
420 4191 557 4261 MAusgg.
573 4193 577 4260 Ι
593 4189 613 4246 4
631 4185 719 4259 αι’τιΙν
737 4191 860 4246 schreibe
878 4192 922 4245 ich
939 4191 991 4246 mit
1008 4191 1056 4246 Bo.
1069 4189 1168 4258 (Notae
1185 4210 1210 4262 p.
1224 4191 1291 4256 302).
1309 4191 1366 4261 vgl.
1384 4191 1433 4246 das
1451 4191 1579 4262 folgende
1597 4187 1678 4264 αότῇ,

373 4275 431 4330 scil.
449 4269 573 4350 ἀνδρείῳ,
591 4293 616 4330 u.
636 4270 761 4348 ἀνδρεία,
779 4275 851 4330 oben
869 4275 894 4328 Z.
914 4263 942 4339 ΙΙ
961 4268 1031 4330 αύτό
1050 4278 1181 4346 AAusgg.
1206 4277 1211 4346 Ι
1235 4277 1252 4332 5
1270 4267 1363 4342 οἷ’τιος
1379 4277 1405 4332 A
1423 4267 1500 4333 οότιο
1518 4277 1653 4348 MAusgg.
1674 4304 1676 4344 Ι

375 4376 413 4432 12
436 4377 528 4430 ίτίαίει
545 4382 595 4446 τῆς
612 4385 645 4443 -Ι-
662 4383 721 4433 τῶν
744 4379 879 4445 MAusgg.
900 4379 904 4444 Ι
926 4374 964 4432 14
985 4375 1184 4446 γεγενημένου]
1207 4358 1400 4448 γεγεύημὲνου
1418 4378 1465 4448 [so]
1483 4382 1521 4434 A¹
1541 4382 1545 4449 Ι
1567 4379 1603 4436 l?
1626 4397 1679 4436 τιο-

374 4457 482 4529 λέμιονΙ
504 4459 591 4514 Ηοευε
612 4461 681 4516 δίνου
698 4479 745 4524 τιο,
769 4479 795 4516 u.
813 4467 825 4516 ἰ’
840 4461 1013 4530 Abergesehr.
1031 4463 1065 4515 ΑΙ
1093 4464 1096 4528 Ι
1121 4456 1206 4530 ἔθνει]
1225 4479 1239 4517 ε
1257 4463 1287 4518 in
1304 4463 1447 4518 correctur
1464 4467 1489 4518 A
1513 4466 1517 4533 Ι
1542 4459 1612 4533 αιἰτῆ
1629 4467 1655 4518 A
1673 4465 1677 4534 Ι

374 4543 412 4598 21
432 4541 565 4611 μιουσέος
581 4547 605 4598 Α
620 4549 624 4611 Ι
640 4545 680 4602 26
699 4540 791 4614 αι’τόΙ
811 4533 847 4600 αό
865 4541 899 4600 τό
919 4549 1054 4600 τεεωοίεΙ
1071 4545 1130 4602 Del.
1149 4548 1171 4616 (1
1189 4549 1239 4604 615
1257 4551 1338 4603 Anm.
1353 4550 1379 4616 οΙ
1398 4549 1469 4604 ohne
1482 4548 1577 4603 Grund
1593 4552 1597 4616 Ι
1613 4567 1680 4617 νυμ-

373 4628 448 4697 ῳιός]
467 4629 554 4682 Rasur
571 4629 638 4683 uber
655 4648 672 4684 v
688 4632 722 4684 A.
