3780 5538
525 501 619 556 ΠΕΡΙ
640 500 776 556 ΙιῪΧΗΣ
803 502 848 576 17,
866 502 890 556 2.
919 501 969 574 18,
988 503 1010 556 1.
1029 503 1053 557 2.
1071 502 1096 556 3.
1125 500 1173 572 111,
1191 501 1214 553 1.
1232 497 1258 555 2.
1479 503 1537 568 341

239 691 296 734 ναι
316 662 597 752 ,,προσεύχεσθαι,
624 661 673 747 ῶς
698 671 753 734 καὶ
774 661 931 754 Ἰωάννης
953 669 1102 736 ἐδίδασκε
1124 661 1205 744 τούς
1225 658 1384 751 μαθητὰς
1405 655 1541 730 αύτού.“

238 769 315 844 πῶς
340 761 403 852 γὰρ
429 766 598 852 ἐνδέχεται
625 763 707 848 τούς
733 760 858 848 αύτούς
884 762 1007 855 λόγους
1032 771 1137 851 χωρὶς
1161 757 1271 850 πάσης
1292 765 1542 850 προγενομένης

238 860 388 946 πεύσεως
421 858 664 947 άποτακτιιιῶς
694 867 849 954 εἰρῆσθαι
878 871 934 936 καὶ
961 861 1048 951 πρὸς
1078 858 1218 948 άξίωσιν
1247 865 1406 950 μαθητοῦ
1437 855 1541 948 άιιαγ-

238 969 436 1052 γέλλεσθαι,·
467 959 540 1035 ἀλλ’
568 968 649 1046 ἴσως
680 993 732 1048 τις
763 969 852 1037 είποι
879 957 923 1036 όν
947 961 1035 1052 πρὸς
1066 967 1172 1034 τοῦτο
1201 955 1257 1032 ότι
1283 963 1542 1048 ίσοδυναμοῦσαί

204 1068 323 1134 below
345 1067 379 1134 αἱ
401 1059 491 1152 εύχαὶ
514 1065 685 1153 εἰρημέναι
706 1060 755 1147 ῶς
775 1073 843 1153 μία,
866 1058 924 1135 ότὲ
944 1069 1006 1150 μὲν
1027 1065 1064 1133 έν
1085 1057 1287 1150 άποτατικῶ
1310 1055 1402 1179 λόγῳ
1425 1053 1484 1178 ῆτὲ
1506 1062 1542 1130 δὲ

238 1160 326 1251 πρὸς
353 1165 470 1252 ἕτερον
496 1169 570 1235 τῶν
596 1171 776 1285 μαθητῶν
785 1161 848 1234 τόν
869 1159 1075 1249 άξιῶσαντα,
1102 1159 1191 1233 κατὰ
1217 1157 1258 1232 τὸ
1285 1156 1374 1242 εἰκὸς
1395 1153 1476 1230 τότε
1497 1155 1542 1247 μὴ

238 1258 406 1352 παρόντα,
436 1255 495 1335 ὅτε
517 1266 607 1352 ἔλεγε
629 1261 672 1335 τὸ
694 1261 782 1335 κατὰ
803 1261 868 1334 τὸν
888 1271 1082 1346 Ματθαιον,
1104 1253 1125 1350 6
1147 1258 1192 1350 μὴ
1212 1255 1449 1347 κεκρατηκότα
1469 1263 1543 1378 τῶν

240 1366 426 1482 εἰρημένην
455 1359 572 1434 πάλαι·
602 1361 756 1453 μήποτε
785 1370 821 1435 δὲ
842 1351 1021 1448 βέλτιονῆ
1049 1356 1231 1448 διαφόρους
1261 1363 1454 1446 νομίζεσθαι
1480 1355 1541 1440 τὰς

237 1459 438 1549 προσευχάς,
465 1459 564 1534 κοινά
590 1492 668 1535 τινα
694 1460 831 1550 ἐχούσας
857 1467 949 1551 μέρη.
992 1460 1198 1550 ζητήσαντες
1227 1464 1263 1529 δὲ
1288 1465 1345 1529 καὶ
1369 1455 1462 1547 παρά
1488 1464 1540 1548 τῷ

187 1565 220 1620 10
238 1557 380 1650 Μάρκῳ,
401 1557 446 1648 μή
468 1590 556 1634 ποτε
578 1558 776 1650 λανθάνη“
756 1568 841 1652 ημᾶς
863 1557 884 1651 6
906 1558 1049 1651 τοιαύτη
1068 1553 1356 1647 ίσοδυναμοῦσα’
1334 1584 1541 1648 αναγεγραμ-

238 1665 331 1748 μένη,
354 1655 429 1729 ούδ
451 1663 544 1749 ἴχνος
565 1666 757 1750 ἐγκείμενον
777 1666 964 1782 προσευχῆς
986 1653 1134 1749 εύρομεν.
1224 1738 1225 1741 ¹

320 1763 445 1830 XIIII.
479 1757 568 1833 Ἐπεί
595 1767 645 1846 δὲ,
668 1759 779 1843 ῶςέν
805 1778 878 1839 τοις
904 1756 1090 1848 άνωτέροις
1117 1755 1307 1878 είρῆκαμεν,
1329 1761 1472 1844 πρῶτον
1493 1760 1545 1826 δεῖ

237 1864 448 1948 καταστῆναί
482 1889 557 1942 πως
596 1869 652 1931 καὶ
685 1865 884 1949 διατεθῆναι
921 1856 984 1930 τὸν
1022 1853 1294 1946 προσευχόμενον
1328 1851 1393 1927 εἶθ’
1428 1848 1542 1937 οὕτως

239 1952 417 2043 εὔξασθαι,
443 1964 568 2050 ἴδωμεν
576 1957 656 2085 πρὸ
679 1965 740 2079 τῆς
766 1963 956 2080 ἐγκειμένης
977 1963 1164 2048 προσευχῆς
1183 1955 1275 2044 παρὰ
1296 1961 1349 2044 τῶ
1370 1962 1541 2044 Ματθαίῳ

188 2069 220 2124 15
238 2057 320 2140 τούς
340 2069 418 2180 περὶ
439 2057 543 2150 αύτῆς
564 2058 632 2133 ύπὸ
655 2066 718 2131 τοῦ
739 2065 893 2149 σωτῆρος
914 2053 1012 2146 ῆμῶν
1033 2053 1302 2146 άπηγγελμένους
1317 2052 1479 2145 (λόγους),
1495 2025 1542 2127 οί·

238 2183 329 2240 τινες
364 2151 478 2244 ούτως
513 2161 700 2250 ἔχουσιν,
703 2152 799 2244 όταν
831 2155 1076 2246 προσεύχησθε,
1112 2153 1174 2228 ούκ
1210 2157 1327 2228 ἔσεσθε
1362 2149 1476 2244 ῶσπερ
1507 2159 1539 2226 οί

237 2251 434 2345 ύιιοκριταί·
464 2289 519 2332 οτι
557 2265 716 2347 φιλοῦσιν
746 2262 783 2330 ἐν
813 2276 887 2340 ταις
917 2273 1125 2346 συναγωγαῖς
1153 2263 1208 2327 καὶ
1236 2259 1273 2326 έν
1302 2273 1376 2338 ταις
1402 2261 1540 2344 γωνίαις

238 2359 313 2427 τῶν
341 2365 518 2430 πλατειῶν
549 2361 695 2442 ἑστῶτες
724 2355 983 2447 προσεύχεσθαι,
1012 2349 1107 2437 όπως
1136 2360 1270 2443 φανῶσι
1301 2371 1373 2436 τοῖς
1403 2350 1540 2445 άνθρῶ·

237 2481 324 2538 ποις.
359 2451 451 2547 ’άμην
473 2464 562 2547 λέγω
584 2454 661 2546 ύμῖν
684 2451 739 2529 ότι
761 2453 921 2545 ἀπέχουσι
943 2456 1007 2528 τὸν
1027 2455 1154 2544 μισθὸν
1176 2450 1300 2526 αύτῶν.
1336 2453 1376 2524 σύ
1398 2460 1433 2526 δὲ
1456 2448 1541 2527 όταν

185 2565 220 2622 20
236 2555 418 2645 προσεύχη,
450 2562 580 2632 εἴσελθε
610 2563 656 2642 είς
685 2557 726 2630 τὸ
754 2553 893 2646 ταμεῖόν
918 2577 980 2627 σου
1010 2562 1066 2626 καὶ
1091 2561 1224 2638 κλείσας
1251 2553 1316 2644 τὴν
1340 2553 1454 2645 θύραν
1478 2575 1541 2626 σου

236 2651 419 2742 πρόσευξαι
446 2663 496 2747 τῶ
524 2665 629 2749 πατρί
655 2681 717 2729 σου
743 2661 795 2745 τῶ
824 2660 861 2727 έν
886 2661 939 2744 τῶ
964 2659 1117 2744 κρυπτῷ,
1147 2661 1204 2725 καί
1226 2648 1246 2726 6
1268 2663 1273 2741 1
1296 2652 1410 2744 πατήρ
1437 2675 1499 2726 σου
1521 2648 1540 2726 6
1562 2673 1614 2728 228

237 2759 374 2837 βλέπων
400 2779 436 2826 σε
462 2761 499 2827 έν
521 2762 572 2845 τῶ
594 2763 738 2847 κρυπτῷ
759 2727 931 2829 άποδῶσει
951 2775 1013 2826 σοι.
1055 2750 1375 2844 προσευχόμενοιδὲ
1396 2751 1441 2843 μὴ
1463 2762 1541 2837 θατ-

237 2855 449 2976 τολογῆσητε
480 2850 594 2941 ῶσπερ
627 2860 659 2928 οί
692 2861 840 2928 ἐθνικοί·
874 2859 1013 2925 δοκοῦσι
1041 2852 1106 2942 γάρ
1138 2847 1193 2926 ότι
1223 2857 1261 2925 ἐν
1287 2859 1330 2942 τῆ
1355 2860 1542 2944 πολυλογίᾳ

238 2950 357 3026 αύτῶν
388 2953 720 3078 εἰσακουσθήσονται.
767 2954 812 3044 μὴ
848 2945 912 3025 οὖν
942 2947 1140 3042 ὁμοιωθῆτε
1167 2949 1298 3035 αύτοίς·
1328 2950 1464 3023 οίδε
1429 2980 1492 3040 γαρ
1523 2947 1543 3024 ό

186 3071 219 3126 25
236 3054 351 3143 πατὴρ
376 3052 474 3175 ὑμῶν
501 3046 553 3126 ῶν
579 3058 737 3144 χρείαν’
721 3083 812 3144 εχετε
832 3053 899 3144 πρὸ
921 3058 985 3124 τοῦ
1007 3050 1092 3141 ύμᾶς
1113 3057 1247 3142 αἰτῆσαι
1268 3047 1384 3122 αύτόν.
1429 3044 1543 3133 οὕτως

237 3144 301 3225 σύν
322 3151 547 3242 προσεύχεσθε
567 3151 687 3244 ύμείςί(

320 3263 347 3324 2.
383 3259 559 3341 πολλαχοῦ
593 3262 711 3326 τοίνυν
743 3247 952 3341 φαίνεται“
933 3282 952 3324 ο
984 3249 1099 3340 σωτὴρ
1130 3246 1228 3340 ἡμῶν
1254 3247 1470 3340 ἐνιστάμενος
1496 3245 1545 3333 ῶς

236 3353 325 3442 πρὸς
352 3348 514 3440 ὀλέθριον
540 3350 655 3438 πάθος
682 3351 746 3443 τῆν
772 3357 987 3440 φιλοδοξίαν·
1017 3343 1101 3440 ὅπερ
1128 3356 1183 3420 καὶ
1205 3347 1328 3422 ἐνθάδε
1349 3357 1543 3438 πεποίηκεν,

238 3450 448 3542 ἀποτρέπων
472 3451 560 3524 κατά
587 3453 651 3526 τὸν
677 3451 798 3542 καιρὸν
820 3456 881 3541 τῆς
903 3449 1002 3541 εύχῆς
1023 3447 1222 3541 ὑποκριτῶν
1244 3451 1344 3540 ἔργον
1367 3453 1545 3522 ἐπιτελεῖν·

186 3565 220 3622 30
237 3549 436 3642 ύιιοιιριτῶν
470 3552 552 3642 γάρ
570 3555 670 3642 ἔργον
702 3557 773 3624 ἐστὶ
807 3553 849 3625 τὸ
871 3569 953 3671 ’τοῖς
985 3548 1187 3639 άνθρῶποις
1215 3550 1534 3640 έναβρύνεσθαιπ
1492 3543 1543 3619 ἐπ’

239 3647 383 3744 εὐσεβείᾳ
412 3647 579 3724 θέλειν”
559 3682 579 3743 η
611 3659 662 3741 τῶ
693 3657 896 3742 κοινωνικῷ.
941 3657 1019 3722 δέον
1045 3655 1080 3722 δὲ
1105 3655 1332 3741 μεμνημένους
1358 3655 1421 3720 τοῦ
1448 3653 1545 3734 ,πῶς

324 3813 361 3870 12
380 3813 444 3883 Vgl.
462 3814 534 3869 oben
552 3813 615 3884 Cap.
635 3813 708 3868 VIII.
726 3813 773 3869 IX.
792 3843 824 3852 -
844 3814 882 3870 16
900 3812 1001 3866 Matth.
1020 3813 1044 3880 6,
1063 3811 1137 3866 5-9.
1156 3841 1189 3850 -
1207 3811 1245 3867 81
1265 3810 1327 3865 Joh.
1344 3812 1368 3879 5,
1386 3811 1428 3866 44.

324 3949 340 4005 1
360 3943 457 4020 αὐτοῦ]
476 3939 566 4004 αίιιαῦ
584 3949 669 4003 Lond.
685 3949 690 4018 l
705 3949 723 4004 2
742 3945 886 4019 ἐνδέχηται
898 3948 983 4003 Lond.
998 3949 1003 4017 Ι
1018 3948 1035 4002 θ
1057 3940 1256 4011 διιοτακτικῶς
1268 3946 1332 4016 [von
1344 3939 1498 4002 άποτάττω

238 4033 389 4104 ιιιιοιδιιειι]
408 4033 547 4104 fluam..
567 4027 749 4098 άαατατικῶς
767 4033 830 4103 [von
848 4027 999 4102 άπατείνω]
1018 4032 1094 4087 lesen
1112 4032 1190 4086 Βευι.
1208 4049 1234 4088 u.
1252 4030 1310 4086 Del.
1327 4033 1414 4100 (1227
1428 4035 1507 4087 Anm.
1518 4033 1544 4100 α)

238 4119 312 4174 wohl
330 4135 427 4188 wegen
445 4119 492 4174 des
511 4118 658 4188 folgenden
676 4116 708 4174 έν
729 4111 896 4192 οἷποτατικῷ
913 4112 992 4192 λόγῳ
1009 4117 1046 4188 (Ζ.
1059 4119 1099 4185 5);
1117 4111 1306 4181 ἐπιτακτικῶς
1321 4117 1404 4186 Angl.
1418 4116 1474 4185 (bei
1486 4113 1545 4172 Del.

238 4203 350 4273 191912)
377 4205 448 4258 ohne
472 4203 567 4258 Grund
591 4205 595 4272 Ι
619 4203 637 4258 5
664 4197 841 4277 αἰιοτατικῷ]
869 4196 1053 4277 άιιοτακιικῷ
1084 4202 1133 4256 Ox.
1145 4202 1240 4266 hond„
1267 4197 1438 4274 έπιτακτιιιῷ
1463 4199 1545 4270 Angl.
1610 4241 1616 4254 .

238 4290 273 4358 (ιι
286 4305 310 4341 α.
324 4287 365 4356 Ο.)
389 4289 393 4356 Ι
416 4289 431 4343 7
448 4282 492 4358 τό]
511 4282 547 4344 τά
565 4287 628 4342 lieet
650 4288 732 4358 Angl.
751 4289 784 4356 (ε.
797 4305 822 4342 ε..
835 4287 877 4354 0.)
895 4303 990 4356 wegen
1007 4287 1055 4342 des
1072 4287 1220 4356 folgenden
1242 4291 1302 4342 τῶν
1319 4283 1479 4356 εἰρημένων
1495 4279 1546 4340 ιιά·

238 4401 286 4454 λαι
301 4400 305 4467 Ι
320 4404 421 4458 τῶν<
431 4397 516 4453 Lond.
532 4399 536 4462 Ι
553 4397 592 4454 10
609 4391 722 4468 μήποτε
735 4393 866 4467 λανθάνῃ
878 4397 938 4452 Del.
950 4393 1063 4466 μήποτε
1081 4392 1222 4454 λανθάνοι
1239 4396 1379 4452 OzLond.
1391 4379 1453 4468 μη”’
1465 4361 1547 4452 my,

239 4483 287 4554 [ευ]
312 4483 408 4548 ’1115
428 4477 563 4553 (λόγους)
582 4482 647 4552 stige
663 4483 706 4536 ioh
725 4483 778 4538 mIt
795 4483 848 4537 den
866 4485 967 4550 Ausgg.
985 4481 1028 4536 ein
1044 4485 1048 4551 Ι
1066 4482 1104 4537 19
1116 4500 1142 4538 u.
1156 4483 1196 4538 24
1214 4479 1316 4552 αὐτῶν]
1335 4476 1430 4539 αἰτῶν
1441 4481 1544 4550 ΙοαδΙ

238 4567 276 4623 81
300 4567 350 4641 τῷ]
377 4569 440 4639 θεῷ
465 4568 532 4622 oder
553 4569 593 4641 τῷ
615 4570 677 4640 θεῷ
698 4568 738 4638 [ιο
756 4567 829 4622 weh
847 4567 885 4620 im
903 4567 984 4630 Text,
1008 4566 1155 4638 κοιίαιεε)
1177 4560 1213 4623 τό
1236 4585 1281 4621 am
1298 4567 1387 4637 Rand]
1411 4570 1548 4623 vermutet

239 4651 321 4720 Angl.
339 4651 393 4717 (bei
406 4651 492 4706 Del.1
508 4653 589 4722 920⁸)
614 4655 618 4720 Ι
641 4655 801 4726 κοινωνικῷ
819 4651 980 4721 [abgekflrzt
999 4651 1186 4723 gesehfioben]
1204 4650 1226 4705 T
1244 4659 1394 4708 κοινωνεῖν
1410 4655 1513 4722 Ausgg.
