3790 5526
642 474 743 529 ΚΑΤΑ
770 473 927 529 ΚΕΔΣΟΥ
949 472 1006 530 VII
1032 472 1190 528 12.13.14.
1502 475 1559 538 165

259 635 305 707 τὸ
326 632 545 724 προβάτων
566 633 713 723 σάρκας
735 641 887 708 ἐσθίειν
909 639 972 704 καί
999 635 1123 725 χολήν
1144 629 1165 724 ἢ
1187 630 1277 720 ὄξος
1300 640 1434 704 πίνειν
1455 629 1559 720 πλὴν

258 753 545 824 σκατοφαχε1ν;
566 733 662 818 θεὸς
684 739 720 806 δὲ
734 730 812 806 καθ’
829 729 914 823 ἡμᾶς
927 732 1144 824 προβάτων
1164 733 1310 822 σάρκας
1328 730 1389 804 ούκ
1407 740 1568 820 ησθιεν.Δ

258 837 312 904 ἵνα
340 833 401 924 γάρ
422 840 477 906 καί
500 830 580 921 δόξῃ
603 828 659 906 ὅτι
689 831 842 922 ήσθιεν,
872 831 920 916 ῶς
946 843 1042 924 σῶμα
1068 843 1190 924 φορῶν
1216 828 1235 905 ὁ
1262 830 1380 922 Ἰησοῦς
1409 825 1558 920 ἤσθιεν.

258 928 343 1004 ἀλλὰ
372 940 429 1004 καὶ
456 939 620 1023 περὶτῆς
645 939 764 1022 χολῆς
789 939 930 1005 καὶτοῦ
957 928 1087 1020 ὄξους,
1114 937 1429 1023 προφήτευθέντων
1450 935 1487 1002 έν
1508 937 1558 1019 τῷ

223 1051 240 1104 5
258 1033 412 1116 ,ἔδωκαν
434 1039 479 1116 είς
500 1031 541 1105 τὸ
563 1031 681 1122 βρῶμά
702 1061 767 1122 μου
791 1032 928 1123 χολήν,
955 1043 1011 1104 καί
1033 1039 1079 1117 είς
1101 1031 1165 1123 τήν
1187 1039 1290 1120 δίψαν
1311 1059 1377 1122 μου
1396 1026 1558 1102 ἐπύτισάν

257 1160 296 1220 με
320 1128 447 1220 ὄξος,“
469 1137 506 1204 έν
539 1151 611 1216 τοῖς
641 1129 805 1222 ἀνωτέρω
837 1127 1079 1221 προειρηκότες
1115 1127 1372 1220 ἀναγκαζόμεθα
1400 1127 1467 1201 ύπὸ
1497 1136 1560 1201 τοῦ

259 1237 391 1302 Κέλσου
419 1241 645 1320 παλιλλοχεῐν.
688 1227 738 1303 ἀεὶ
766 1229 828 1321 γάρ
859 1233 891 1302 οἱ
924 1237 976 1322 τῶ
1007 1238 1068 1322 τής
1097 1228 1258 1322 ἀληθείας
1283 1228 1560 1316 ἐπιβουλεύοντες

257 1327 350 1420 λόγῳ
378 1331 504 1421 χολήν
533 1331 599 1419 τήν
629 1328 696 1404 ἀπὸ
727 1337 789 1420 τῆς
818 1331 951 1402 ἑαυτῶν
980 1339 1098 1416 κακίας
1125 1339 1181 1402 καὶ
1212 1326 1304 1418 ὄξος
1335 1328 1376 1402 τὸ
1403 1325 1472 1402 ἀπὸ
1500 1335 1560 1420 τῆς

257 1434 342 1513 ίδίας
372 1435 427 1501 ἐπὶ
459 1430 502 1502 τὰ
533 1437 644 1518 φαῦλα
671 1437 800 1520 τροπῆς
825 1429 1032 1520 προσάγουσι
1058 1437 1110 1520 τῶ
1134 1436 1294 1521 Χριστῷ
1322 1436 1385 1502 τοῦ
1407 1435 1500 1515 θεοῦ,
1524 1423 1560 1514 ῦς

206 1547 240 1600 10
256 1527 477 1619 ,γευσάμενος
499 1527 539 1602 οῦ
556 1535 650 1601 θέλει
671 1539 806 1602 πιεῑν.“

339 1650 422 1716 XIV.
458 1647 543 1716 Εἶτα
565 1645 648 1736 μετὰ
670 1653 793 1732 ταῦτα,
815 1643 1021 1736 βουλόμενος
1042 1643 1243 1736 ἀνατρέπειν
1265 1647 1329 1736 τήν
1350 1654 1466 1718 πίστιν
1488 1654 1561 1718 τῶν

258 1743 311 1816 διὰ
341 1743 383 1816 τὸ
405 1751 710 1835 πεπροφητεῦσθαι
731 1751 1016 1834 παραδεξαμένων
1045 1747 1088 1818 τά
1115 1753 1177 1818 τοῦ
1198 1741 1313 1837 Ἰησοῦ,
1341 1753 1436 1835 φησί·
1467 1751 1559 1834 φέρε

257 1843 328 1916 έάν
358 1851 612 1932 προείπωσιν
644 1848 680 1916 οί
711 1849 919 1934 προφῆται
950 1844 1022 1918 τὸν
1052 1850 1175 1966 μέχαν
1205 1845 1318 1932 θεὸν,
1349 1850 1413 1918 ἵνα
1438 1851 1559 1935 μηδὲν

258 1940 357 2014 ἀλλο
389 1943 699 2032 φορτικώτερον
729 1948 845 2029 είπω,
867 1939 1129 2064 ⁸”dompeuff
1109 1975 1130 2034 η
1157 1943 1344 2035 νοσήσειν
1364 1940 1385 2034 ἢ
1407 1941 1559 2017 ἀποθα-

207 2057 239 2110 15
258 2060 355 2126 νεῑν,
382 2040 653 2132 τεθνήξεσθαι
680 2041 808 2133 δεήσει
835 2042 907 2114 τὸν
928 2039 1071 2116 papst
1049 2073 1069 2134 η
1092 2038 1343 2116 δουλεύειν”
1323 2073 1344 2134 η
1366 2043 1559 2163 νοσήσειν,

258 2143 392 2231 έπειδή
425 2149 662 2232 προείρητο,
691 2146 754 2214 ἵνα
787 2151 985 2232 πιστευθῇ
1017 2140 1238 2216 ἀποθανῶν
1269 2138 1333 2218 ὅτι
1367 2146 1464 2226 θεὸς
1498 2134 1559 2230 ήν,·

258 2237 340 2314 ἀλλ’
364 2238 436 2313 ούκ
459 2236 764 2330 ῦνπροείποιεν
790 2248 913 2314 τοῦτο
936 2247 973 2313 οί
994 2249 1211 2334 προφῆται·
1239 2243 1362 2314 κακὸν
1384 2243 1453 2333 γάρ
1475 2247 1559 2314 ἐστι

257 2337 365 2412 κάλ’
345 2337 519 2414 ανόσιον.
563 2337 709 2413 οῦκοῦν
735 2337 808 2412 οῦτ
808 2337 872 2410 ἐἰ
897 2361 1095 2431 προεῖπον
1120 2338 1202 2415 οὔτ’
1226 2348 1259 2415 εί
1282 2343 1331 2434 μή
1352 2361 1558 2464 προεῖπον,

257 2447 464 2526 σκεπτέον,
496 2436 578 2512 ἀλλ’
601 2443 634 2512 εί
664 2440 709 2513 τὸ
738 2443 854 2529 ερχον
879 2433 995 2526 ἄξιόν
1017 2447 1100 2513 ἐστι
1121 2449 1219 2516 θεοῦ
1239 2451 1305 2515 καὶ
1325 2440 1460 2516 καλόν.
1503 2447 1558 2530 τῶ

205 2536 290 2611 2οδ’
313 2547 465 2631 αίσχρῶ
487 2547 551 2612 καί
572 2547 691 2630 κακῶ,
712 2569 786 2611 καν
805 2567 953 2624 παντες
975 2536 1189 2632 ἄνθρωποι
1209 2541 1444 2634 μαινόμενοι
1465 2569 1558 2631 προ-

257 2647 389 2730 λέγειν
417 2646 601 2727 δοκῶσιν,
631 2636 885 2730 ἀπιστητέον.
933 2647 1018 2725 πῶς
1048 2633 1121 2713 οῦν
1146 2642 1192 2714 τὰ
1219 2649 1308 2732 περὶ
1335 2649 1482 2715 τοῦτον
1509 2639 1560 2724 ῶς

256 2746 345 2829 περὶ
368 2739 466 2813 θεὸν
488 2745 721 2831 πραχθέντα
742 2731 891 2811 έστίν“
874 2762 975 2824 οσια;

340 2865 498 2945 φαίνεται
524 2855 565 2946 δὴ
592 2855 646 2927 διὰ
673 2853 810 2926 τούτων
831 2854 967 2945 ἰσχυρὸν
988 2863 1049 2947 μέν
1070 2885 1105 2928 τι
1125 2857 1211 2946 πρὸς
1231 2860 1345 2930 πειθῶ
1367 2867 1440 2931 τῶν
1463 2854 1559 2930 ἀκου-

257 2953 373 3028 όντων
399 2954 663 3046 ῦπονενοηκέναι
689 2953 730 3027 τὸ
760 2961 922 3044 περὶτοῦ
950 2963 1253 3046 πεπροφητεῦσθαι
1275 2955 1338 3029 τὸν
1358 2953 1484 3048 Ἰησοῦν
1506 2987 1558 3028 κε-

205 3076 239 3131 25
258 3054 414 3143 φάλαιον,
438 3053 531 3144 ἄλλῳ
555 3061 590 3126 δέ
611 3061 750 3144 πιθανῷ
772 3060 954 3143 πειρᾶσθαι
976 3052 1180 3144 ἀνατρέπειν
1199 3055 1263 3128 τὸν
1285 3053 1390 3146 λόχον
1405 3054 1559 3144 φάσκων·

258 3153 405 3227 ούκοῦν
442 3151 524 3226 οὔτ’
547 3157 579 3224 εί
614 3171 811 3242 προεῖπον
846 3149 928 3225 οὔτ’
956 3158 988 3224 εί
1023 3155 1071 3245 μή
1107 3175 1315 3245 προεῖπον,
1352 3162 1560 3228 σκεπτέον.

258 3261 357 3345 έχρήν
386 3253 426 3340 δ’,
454 3260 545 3342 εἴπερ
574 3251 618 3343 μὴ
647 3259 940 3342 παραλογιστικῶς
966 3249 1041 3325 ἀλλ’
1062 3251 1308 3338 ἀποδεικτικῶς
1330 3255 1488 3340 ἐβούλετο
1510 3259 1558 3326 έν-

258 3362 378 3446 στήναι
409 3362 460 3445 τῷ
492 3357 677 3442 λεγομένῳ,
704 3356 820 3422 εἰπεῖν·
849 3349 997 3425 οῦκοῦν
1029 3349 1251 3426 ἀποδεικτέον
1280 3349 1335 3428 ὅτι
1361 3351 1402 3426 ού
1427 3373 1559 3443 προετ-

257 3449 375 3545 πουή
398 3451 447 3540 οῦ,
469 3455 588 3536 καθῶς
608 3471 820 3541 προεῖπον,
844 3450 886 3522 τὰ
908 3460 986 3542 περὶ
1007 3459 1186 3541 Χριστοῦ
1195 3453 1428 3578 πεπλήρωται
1449 3460 1486 3526 έν
1508 3461 1558 3544 τῶ

207 3573 241 3628 30
257 3551 362 3676 Ἰησοῦ
383 3561 556 3644 λεχθέντα,
579 3560 635 3624 καὶ
657 3557 828 3640 ἐπιφέρειν
851 3550 914 3641 τήν
936 3551 1160 3624 δοκοῦσαν’
1117 3583 1212 3646 αυτῳ
1195 3551 1408 3640 ’ἀπόδειξιν
1446 3546 1560 3637 οῦτως

175 3653 320 3744 171va
351 3648 560 3741 ἐφαίνετο”
540 3681 591 3738 αν,
613 3659 692 3724 τίνα
720 3653 856 3740 μὲνΙαί
878 3671 1081 3742 προφητεῖαι
1108 3627 1306 3742 λέχοῦσιν“
1285 3649 1343 3743 υφ’
1366 3650 1463 3744 ἡμῶν
1484 3650 1560 3726 ἀνα-

259 3750 428 3844 φερόμενα
459 3757 514 3824 ἐπί
546 3751 609 3825 τὸν
638 3747 778 3842 Ἰησοῦν,
800 3758 876 3834 πῶς
907 3756 943 3822 δὲ
972 3743 1075 3836 οῦτος
1105 3760 1304 3842 ψευδοποιεί
1328 3753 1392 3844 τὴν
1419 3752 1559 3842 ἐκδοχὴν

344 3993 360 4048 1
385 3990 448 4062 Vgl.
466 3992 537 4048 oben
555 3993 567 4046 Ι
586 3995 626 4049 70.
650 3992 734 4045 1137.
752 4017 785 4028 -
803 3989 820 4044 3
837 3987 899 4059 Vgl.
918 3990 1014 4060 Ignat„
1032 3991 1118 4062 Epist.
1136 3993 1172 4048 εδ
1195 3991 1300 4064 Smyrn.
1319 3991 1383 4064 Cap.
1402 3991 1428 4046 V
1446 3992 1470 4049 2.
1500 3991 1558 4046 Cle·

258 4093 334 4132 mens
351 4077 438 4145 Alex„
462 4077 560 4133 Strom.
579 4076 604 4132 V
622 4077 647 4145 6,
664 4077 698 4131 34
715 4093 740 4146 p.
758 4075 809 4131 665
828 4075 870 4130 ed.
889 4073 991 4131 Potter.
1019 4075 1183 4146 Tertullian,
1202 4077 1243 4132 De
1261 4093 1343 4133 earne
1362 4077 1423 4132 Chr.
1442 4076 1506 4147 Cap.
1527 4075 1560 4130 V.

257 4191 290 4202 -
309 4161 326 4218 ὅ
345 4161 415 4216 Ρεεί.
434 4161 475 4228 68,
494 4164 534 4218 22.
553 4192 586 4202 -
604 4163 623 4218 δ
641 4161 705 4231 Vgl.
724 4159 794 4215 oben
811 4159 837 4214 ΙΙ
854 4161 895 4216 37.
914 4189 948 4200 -
967 4161 1006 4218 10
1023 4161 1085 4232 Vgl.
1103 4161 1201 4218 Matth.
1220 4164 1261 4230 27,
1279 4164 1321 4218 34.

343 4375 432 4450 8τήν
449 4381 502 4449 Jol,
521 4381 571 4436 Ηδ
577 4381 621 4452 Sp
639 4397 685 4434 am
701 4379 790 4446 Βευδ,
807 4377 893 4435 Del.
884 4397 924 4433 ιω
934 4379 1016 4444 Tem
1035 4371 1225 4464 ήνΑΙθτῷ
1240 4387 1349 4456 χριστῷ
1366 4381 1445 4436 ΡΒο.
1464 4380 1560 4449 (Notae

258 4483 283 4536 p.
296 4466 356 4534 399)
375 4484 414 4540 τῳ
402 4466 546 4540 Χριστῷ
563 4466 613 4521 καί
631 4461 684 4539 υλῷ
701 4463 760 4520 Del.
778 4467 820 4538 τῷ
837 4463 926 4538 κυρίῳ
942 4465 994 4520 Hp.
999 4466 1043 4536 Sp.
1055 4471 1098 4521 τῶ
1116 4471 1159 4522 κῶ
1177 4465 1225 4536 [so]
1248 4469 1274 4521 A
1288 4468 1292 4534 Ι
1313 4466 1353 4524 14
1376 4460 1519 4522 δουλεύειν
1536 4466 1559 4518 Α

259 4545 422 4606 δουλεύσειν
439 4552 541 4621 Ausgg.
566 4552 570 4620 Ι
595 4551 633 4608 15
654 4544 795 4606 δουλεύειν
811 4549 835 4602 A
854 4545 1016 4606 δουλεύσειν
1032 4552 1134 4622 Ausgg.
1150 4551 1154 4621 Ι
1178 4551 1217 4608 26
1241 4544 1293 4608 οδε
1294 4543 1395 4608 ἐί
1360 4570 1399 4620 μη
1417 4551 1502 4606 Ano.
1512 4549 1558 4622 Sp.

260 4627 326 4690 οὔτε
344 4629 422 4691 εί
387 4655 427 4706 μη
443 4636 504 4691 Del.
519 4639 523 4705 Ι
539 4636 580 4692 29
597 4635 688 4692 hinter
705 4635 771 4706 περί
789 4641 821 4698 -Ι-
839 4639 892 4690 τοῦ
909 4635 1044 4704 MAusgg.
1060 4637 1064 4704 Ι
1081 4625 1169 4692 80‘
1139 4627 1232 4700 ούτως
1248 4639 1273 4690 Α
1292 4653 1368 4692 ουτω
1385 4639 1487 4707 Ausgg.
