3758 5564
373 459 433 522 364
920 452 1142 508 ανινευονε
1182 524 1186 534 β

375 613 502 686 τοῦτον
523 609 648 700 ἀξιοῦν,
671 609 816 700 οῦσπερελ
837 610 912 685 κατ’
935 610 1059 698 αῦτοῦς
1084 611 1334 703 ἐπιλαθόμενος
1359 604 1411 684 ιῦν
1432 617 1559 696 ἐδίδαξε
1579 637 1680 702 προσ-

374 710 492 786 τάττει
513 718 590 801 περλ
611 716 761 800 ἐπιγείου
780 719 837 783 καὶ
858 719 979 802 μικροῦ
1000 715 1150 800 ἔντευξιν
1171 709 1354 800 ἀναφέρειν
1375 719 1426 803 τῷ
1448 720 1569 802 πατρί,·

456 825 485 886 2.
520 807 612 901 ἡμεῖς
628 817 663 882 δὲ
679 808 836 901 ἑπόμενοι
852 808 945 902 αὐτῷ
961 809 1162 902 διδασκάλῳ,
1178 809 1372 884 διδάσκοντι
1387 809 1430 882 ’τά
1445 818 1521 898 περὶ
1535 817 1599 884 τοῦ
1613 807 1679 902 άρ-

374 940 456 997 του,
472 910 525 985 διὰ
539 907 713 983 πλειόνων
728 919 836 983 ταῦτα
856 908 1134 1000 παραθησόμεθα.
1166 918 1268 1000 φησὶν
1286 914 1323 982 ἐν
1341 917 1392 1000 τῷ
1413 909 1500 982 κατὰ
1519 906 1680 1000 Ἰωάννην

339 1025 356 1078 5
373 1010 459 1102 πρὸς
473 1007 686 1100 ἐληλυθότας
700 1017 747 1094 εἰς
757 1010 990 1100 Καφαρναοῦμ
1005 1021 1117 1101 ζητεῖν
1133 1008 1252 1082 αῦτῦν·
1267 1007 1376 1100 ,άμὴν
1388 1007 1475 1100 άμὴν
1491 1015 1578 1098 λέγω
1591 1007 1679 1100 ῦμῖν,

374 1116 506 1202 ζητεῖτέ
526 1114 597 1199 <με>
620 1105 680 1198 οῦχ
703 1103 757 1182 ὅτι
778 1113 881 1182 εἴδετε
903 1129 1031 1200 σημεῖα,
1053 1107 1127 1182 ἀλλ’
1151 1105 1206 1182 ὅτι
1225 1107 1369 1200 ἐφάγετε
1389 1112 1426 1181 ἐκ
1448 1117 1521 1181 τῶν
1543 1105 1681 1200 άρτων

373 1218 429 1283 καὶ
451 1205 712 1298 ἐχορτάσθητε.“
748 1205 768 1280 6
789 1208 852 1299 γάρ
871 1211 994 1298 φαγὼν
1011 1214 1070 1294 ,ἐκ
1089 1217 1183 1282 τῶνίί
1204 1207 1272 1282 ῦπδ
1293 1205 1398 1299 Ἰησοῦ
1419 1205 1680 1298 εὐλογηθέντων

373 1307 549 1400 ,,άρτων“
564 1313 620 1379 καὶ
634 1314 832 1396 πληρωθεὶς
843 1305 960 1380 αῦτῶν
973 1316 1104 1400 μᾶλλον
1119 1321 1215 1399 ζητεῖ
1226 1317 1428 1395 καταλαβεῖν
1444 1304 1681 1398 ἀκριβέστερον

373 1410 438 1483 τὸν
457 1409 533 1481 υίὸν
554 1413 618 1480 τοῦ
630 1413 716 1478 θεοῦ
735 1416 792 1478 καὶ
813 1406 947 1480 σπεύδει
967 1406 1054 1498 πρὸς
1079 1406 1193 1480 αῦτόν.
1236 1404 1354 1498 διόπερ
1375 1413 1490 1492 καλῶς
1511 1405 1680 1496 προστάτ-

323 1528 356 1582 10
373 1539 424 1582 τει
451 1516 572 1599 λέγων·
606 1505 806 1596 ,ἐργάζεσθε
827 1506 872 1596 μὴ
904 1507 969 1598 τὴν
1002 1515 1129 1598 βρῶσιν
1156 1507 1220 1598 τὴν
1246 1503 1485 1596 ἀπολλυμένην
1507 1503 1593 1580 άλλά
1615 1505 1680 1596 τὴν

373 1615 502 1699 βροῦσιν
524 1605 589 1697 τὴν
615 1611 782 1694 μένουσαν
808 1611 855 1689 εἰς
882 1607 974 1696 ζωὴν
999 1607 1149 1692 αἰώνιον,
1171 1603 1214 1680 έν
1245 1601 1265 1678 ῦ
1294 1605 1367 1690 υίὸς
1396 1613 1460 1678 τοῦ
1490 1603 1681 1696 άνθράπου

373 1706 452 1799 ῦμῖν
473 1706 622 1778 διέσει.“
657 1703 743 1794 πρὸς
765 1712 873 1778 ταῦτα
892 1711 929 1777 δὲ
942 1714 1152 1797 πυθομένων
1167 1713 1241 1780 τῶν
1255 1703 1481 1778 ἀκουσάντων
1495 1713 1551 1776 καλ
1567 1703 1681 1796 λεγόν-

374 1832 461 1881 των·
482 1813 538 1892 ,,τί
564 1810 732 1894 ποιῶμεν,
759 1803 814 1876 ἵνα
840 1806 1058 1894 ἐργαζώμεθα
1085 1804 1127 1877 τά
1154 1809 1233 1896 ἔργα
1259 1813 1322 1878 τοῦ
1347 1813 1448 1890 θεοῦ;
1473 1801 1679 1896 άπεκρίθηδ

374 1903 503 1996 Ἰησοῦς
528 1912 585 1976 καὶ
615 1904 708 1975 είπεν
740 1900 868 1988 σῦτοῖς·
895 1900 1000 1976 τοῦτό
1027 1909 1098 1975 ἐστι
1124 1905 1166 1978 τὸ
1193 1907 1293 1994 ἔργον
1318 1911 1381 1976 τοῦ
1405 1911 1499 1992 θεοῦ,
1527 1909 1581 1977 ἵνα
1606 1929 1680 1976 πισ-

324 2025 356 2078 15
374 2005 494 2094 τεῦητε
514 1997 598 2086 είς“
580 2031 620 2074 ον
635 1998 830 2074 ἀπέστειλεν
845 2007 1004 2087 ἐκεῖνος.“
1025 2000 1244 2089 ,άπέοτειλέί
1266 2001 1343 2076 δὲ’
1324 2035 1343 2076 ο
1365 2005 1487 2089 θεὸς,
1491 2006 1555 2076 τὸν
1575 2000 1680 2095 λόγον

376 2103 483 2178 αῦτου
467 2111 506 2192 Ι
524 2109 580 2174 καὶ
609 2100 729 2174 ἰάσατο
764 2098 918 2186 αῦτοῦς,“
955 2101 1003 2186 οῦς
1038 2108 1075 2174 ἐν
1109 2117 1256 2192 ψαλμοῖς
1281 2110 1489 2224 γέγραπται,
1519 2099 1680 2194 δηλονότι
1699 2117 1754 2172 244

377 2205 458 2287 τοῦς
485 2197 723 2291 νενοσηκότας
750 2192 779 2290 ᾧ
802 2197 894 2292 λόγῳ
918 2206 951 2273 ολ
972 2201 1188 2284 πιστεύοντες
1210 2199 1438 2292 ἐργάζονται,
1441 2202 1495 2286 ,τά
1517 2206 1596 2293 ἔργα
1617 2207 1681 2273 τοῦ

372 2310 488 2388 θεοῦ,“
511 2297 597 2374 ὄντα
618 2305 766 2389 ,βριῦσιν
786 2307 952 2390 μένουσαν
970 2308 1016 2385 είς
1036 2301 1129 2391 ζωὴν
1144 2301 1312 2374 αίωνιον.“
1344 2309 1400 2373 καὶ
1422 2297 1612 2392 ,ῦπατὴρί
1614 2305 1683 2372 δέ

372 2431 446 2491 μου,
469 2409 561 2491 φησὶ,
583 2405 769 2484 ,δίδωσιν
789 2397 868 2486 ῦμῖν
888 2400 961 2473 τὸν
982 2398 1106 2491 ἄρτον
1127 2405 1164 2472 ἐκ
1179 2408 1242 2472 τοῦ
1259 2398 1406 2490 οῦρανοῦ
1421 2401 1484 2474 τόν
1499 2397 1680 2490 άληθινάν·

320 2517 355 2574 20
373 2498 392 2574 ὁ
414 2500 477 2592 γάρ
499 2496 621 2590 άρτος
643 2505 707 2571 τοῦ
727 2505 813 2570 θεοῦ
833 2504 925 2572 ἐστιν
946 2495 966 2572 6
987 2507 1204 2586 καταβαίνων
1217 2505 1255 2572 ἐκ
1270 2507 1333 2571 τοῦ
1348 2498 1496 2590 οῦρανοῦ
1518 2511 1575 2572 καὶ
1589 2499 1680 2590 ζωὴν

373 2601 508 2684 διδοῦς
529 2605 582 2688 τῷ
603 2595 748 2688 κῦσμφ.“
777 2595 943 2686 ,,άρτος“
958 2607 995 2672 δέ
1016 2597 1182 2690 άληθινῦς
1201 2605 1294 2671 ἐστιν
1316 2595 1455 2684 ῦ,,τὸν“
1470 2597 1677 2689 ,,άληθινὸν“

373 2706 512 2790 τρέφων
531 2693 773 2786 ,,άνθρωπον,“
793 2696 856 2770 τὸν
877 2695 972 2784 ,κατ’
994 2696 1109 2772 είκῦνα
1131 2705 1195 2771 τοῦ
1217 2706 1324 2772 θεοῦ(
1345 2706 1586 2790 πεποιημένον,
1609 2690 1638 2790 ᾧ
1660 2695 1680 2770 6

303 2811 353 2866 24ν
374 2807 377 2888 1
400 2804 538 2888 τραφεὶς
552 2803 608 2868 καὶ
623 2794 723 2882 ,καθ’
740 2793 922 2887 ῦμοίωσινίί
932 2804 1017 2884 ,τοῦ
1033 2806 1235 2882 κτίσοντοςί(
1250 2807 1385 2888 γίνεται.
1416 2805 1450 2872 τί
1469 2805 1504 2870 δὲ
1519 2796 1624 2890 λόγου
1637 2806 1680 2888 τῇ

371 2905 462 2986 φυγῇ
478 2898 747 2988 τροφιμώτερον,
769 2891 791 2986 ἢ
814 2903 848 2968 τί
862 2904 924 2988 τῆς
938 2906 1059 2987 σοφίας
1075 2905 1138 2970 τοῦ
1161 2904 1246 2970 θεοῦ
1270 2905 1321 2988 τῷ
1336 2905 1388 2990 νῷ
1404 2905 1468 2970 τοῦ
1482 2905 1681 2990 χωροῦντος

320 3011 354 3067 25
372 2994 480 3088 αῦτὴν
501 2997 720 3086 τιμιωτέρους
746 3002 781 3068 τί
802 3003 838 3068 δέ
860 2993 1021 3087 άληθείας
1043 3005 1085 3087 τῇ
1108 3005 1225 3087 λογικῇ
1249 2997 1345 3085 φύσει
1365 2997 1680 3089 καταλληλότερον,·

262 3095 264 3102 ⁴
454 3109 482 3172 3.
517 3096 576 3170 ἐὰν
600 3103 637 3169 δέ
657 3126 709 3180 τις
729 3098 817 3188 πρὸς
836 3103 946 3168 ταῦτα
963 3093 1189 3186 άνθυποφέρη
1210 3103 1320 3186 λέγων
1339 3097 1383 3188 μὴ
1404 3093 1445 3171 ῦν
1464 3095 1570 3172 οῦτὸν
1591 3095 1679 3170 διδά-

370 3223 461 3270 σκειν
482 3195 531 3280 οῦς
551 3203 628 3286 περὶ
650 3198 768 3286 ἑτέρου
789 3191 891 3280 ὄντος
913 3191 1039 3286 ἄρτου
1059 3203 1134 3270 τοῦ
1156 3202 1365 3270 ἐπιουσίου
1386 3203 1502 3283 αἰτεῖν,
1524 3194 1678 3270 άκουέτω

371 3291 427 3371 ὅτι
452 3305 509 3369 καὶ
530 3301 567 3368 ἐν
594 3300 645 3384 τηῦ
672 3295 759 3366 κατὰ
786 3291 945 3386 Ἰωάννην
972 3291 1062 3370 ὅπου
1087 3303 1149 3386 μέν
1175 3293 1224 3380 οῦς
1244 3304 1321 3387 περὶ
1344 3300 1461 3385 ἑτέρου
1482 3295 1578 3380 τινὸς
1598 3291 1679 3386 παρ’

371 3395 478 3469 οῦτὸν
500 3401 696 3484 διαλέγεται,
718 3389 807 3468 ῦπου
821 3402 857 3466 δέ
879 3393 927 3478 οῦς
941 3392 1078 3480 αῦτδςῦ
1101 3393 1224 3486 ἄρτος
1247 3393 1311 3468 οῦν·
1333 3395 1381 3479 οῦς
1395 3403 1456 3486 μέν
1470 3403 1546 3485 περὶ
1562 3398 1679 3485 ἑτέρου

320 3509 353 3564 30
371 3495 425 3568 διά
441 3493 768 3584 τοῦτων·,,Μωῦσῆς
784 3499 958 3566 δέδωκεν
972 3493 1049 3585 ῦμῖν
1063 3495 1136 3568 τὸν
1150 3493 1274 3587 άρτον
1288 3499 1325 3568 ἐκ
1340 3503 1403 3568 τοῦ
1417 3492 1678 3586 σῦρανσῦ,“,,οῦ“

370 3593 455 3680 ,τὸν
469 3589 770 3684 άληθινὸν,“,,άλλ’
787 3589 806 3664 6
821 3591 935 3685 πατήρ
949 3623 1014 3685 μου
1036 3601 1203 3667 δίδωσιν
1223 3593 1301 3686 ῦμῖν
1323 3595 1394 3668 τὸν
1416 3591 1541 3686 άρτον
1563 3599 1600 3666 ἐκ
1614 3603 1677 3667 τοῦ

455 3817 474 3872 3
492 3813 555 3883 vgl.
573 3814 672 3870 Matth.
690 3817 731 3882 23,
749 3815 774 3870 8.
792 3845 826 3855 -
843 3817 862 3872 6
882 3815 943 3872 Joh.
961 3819 985 3881 6,
1005 3818 1046 3872 26.
1065 3847 1098 3856 -
1115 3817 1154 3872 10
1171 3817 1231 3872 Joh.
1250 3819 1274 3880 6,
1293 3818 1334 3872 27.
1346 3847 1379 3856 -
1397 3817 1434 3872 13
1453 3815 1514 3871 Joh.
1532 3817 1557 3885 6,
1575 3818 1616 3874 28.
1634 3818 1675 3873 29.

369 3931 402 3941 -
421 3899 459 3957 15
483 3899 555 3954 Psal.
573 3899 630 3966 106,
649 3901 689 3956 20.
708 3931 740 3940 -
760 3901 797 3957 11
823 3899 885 3970 vgl.
904 3901 965 3956 Joh.
982 3903 1012 3966 6,
1029 3901 1070 3955 28.
1088 3903 1129 3958 27.
1152 3931 1185 3940 -
1204 3901 1242 3958 18
1264 3899 1326 3954 Joh.
1345 3903 1369 3962 6,
1387 3902 1428 3956 32.
1446 3901 1488 3956 33.
1505 3931 1538 3940 -
1555 3901 1595 3958 22
1613 3901 1675 3972 vgl.

370 3987 437 4040 Gen.
451 3989 473 4048 1,
486 3985 527 4040 26.
545 3986 586 4040 27.
610 3984 671 4039 Kol.
684 3986 709 4050 3,
721 3986 746 4040 9.
764 3985 805 4039 10.
823 4015 857 4024 -
874 3985 914 4041 23
938 3985 1000 4055 VgL
1019 3984 1080 4040 Joh.
1099 3989 1122 4052 1,
1142 3989 1165 4041 1.
1189 3988 1230 4041 14.
1253 3989 1293 4049 14,
1312 3987 1335 4040 6.
1363 3987 1403 4050 17,
1422 3988 1462 4040 17.
1489 3986 1557 4042 Luk.
1577 3989 1618 4054 11,
1634 3987 1675 4042 49.

369 4071 381 4122 1
400 4069 463 4124 Κατ.
482 4072 510 4132 1,
528 4069 570 4124 24.
587 4071 629 4126 30.
646 4099 681 4109 -
698 4069 736 4126 20
756 4068 819 4138 vgl.
837 4069 936 4124 Matth.
954 4071 979 4136 6,
999 4072 1039 4125 11.
1062 4069 1130 4126 Luk.
1149 4073 1189 4138 11,
1208 4071 1232 4126 3.
1252 4101 1284 4110 -
1302 4071 1343 4126 30
1360 4070 1421 4126 Joh.
1440 4071 1464 4134 6,
1482 4071 1524 4128 32.

454 4273 473 4328 ο
498 4269 565 4344 (με)
585 4269 1217 4342 fflgeichmi101.,Angl.(b0iDel.1923b)
1235 4289 1262 4326 u.
1280 4271 1340 4326 σε.
1358 4289 1406 4326 ιε.
1425 4272 1450 4328 d.
1468 4271 1501 4327 N.
1513 4271 1543 4326 υ.
1556 4271 1601 4327 εει
1616 4274 1620 4341 ι
1636 4273 1676 4330 ιο

371 4350 528 4428 ἐργάζεσθε
546 4355 632 4410 Lond.
646 4354 741 4425 Del.(I
758 4356 901 4411 243111112.
914 4358 939 4422 ε)
958 4351 1133 4428 ἐργάζεσθαι
1150 4355 1233 4411 TOx.
1243 4355 1302 4410 Del.
1314 4355 1353 4410 im
1365 4355 1436 4411 Text
1450 4357 1454 4426 Ι
1471 4356 1511 4414 14
1528 4353 1677 4426 πιστεύητε

370 4439 455 4494 Lond.
464 4438 524 4494 Del.
551 4441 573 4506 (Ι
591 4441 738 4497 2431nm.
758 4441 784 4508 f)
815 4436 980 4510 πιοτέῦηται
1007 4440 1088 4498 1²0¹.
1098 4441 1158 4497 DeL
1181 4440 1220 4494 im
1241 4439 1312 4496 Text
1335 4442 1339 4509 1
1372 4441 1410 4496 22
1437 4435 1510 4512 κατ’]
1533 4435 1608 4498 κατά
1626 4441 1677 4497 Ox.

370 4525 455 4580 Lond.
471 4525 529 4594 122
549 4525 641 4580 ίιίιιθετ
658 4521 760 4597 ἐτέρου
772 4533 804 4592 «ῖ-
816 4519 886 4598 παρ’
904 4517 994 4582 αῦτδν
1010 4526 1093 4595 Angl.
1112 4528 1147 4594 (a.
1159 4543 1183 4580 ε.
1198 4523 1240 4594 O.)
1258 4525 1344 4580 durch
1363 4525 1527 4596 Conjooturl
1548 4527 1587 4584 28
1607 4520 1677 4596 παρ’

370 4601 467 4678 αῦτδν]
486 4603 555 4682 παρ’
572 4601 661 4665 αῦτδν
678 4609 763 4664 Lond.
779 4611 838 4677 130
855 4602 932 4680 {mcv}
952 4604 1022 4678 ἡμῖν
1039 4609 1069 4665 Τ.
