3780 5532
621 524 719 579 ΚΑΤΑ
743 525 902 581 ΚΕΛΣΟΥ
924 527 999 584 vm
1023 529 1065 582 45.
1083 527 1124 582 46.
1143 529 1184 580 47.
1494 533 1554 595 261

336 691 445 756 XLVI.
486 682 527 756 ‘H
550 693 612 776 μὲν
646 696 778 759 Πυθία
812 685 990 778 ἱστόρηται
1023 683 1077 761 ὅτι
1111 695 1167 760 καί
1202 699 1406 760 νοθευθεῑσα
1442 691 1558 776 ἔχρησέ

253 811 350 857 ποτε·
381 790 413 856 οἱ
442 791 478 856 δέ
509 783 589 876 παρ’
613 783 691 877 ήμῑν
716 795 925 879 προφῆται
952 787 992 860 ού
1019 785 1128 878 μόνον
1149 787 1217 860 ύπὸ
1240 795 1315 860 τών
1335 784 1410 860 κατ’
1433 786 1557 870 αύτούς

253 883 519 975 ἐθαυμάσθησαν
548 885 604 958 διὰ
635 887 699 977 τήν
728 886 904 978 ἐνάργειαν
936 896 1010 961 τών
1035 895 1227 979 λεγομένων
1252 883 1309 958 ἀπ’
1332 884 1449 959 αύτών
1470 884 1557 958 ἀλλὰ

251 992 307 1057 καί
338 990 376 1058 ἐν
405 1005 479 1068 τοῖς
512 987 587 1075 ἑξῆς
615 984 758 1076 χρόνοις.
800 993 838 1060 ἐκ
866 988 930 1078 γάρ
961 980 1013 1059 ών
1041 990 1185 1078 ἔχρησαν
1215 991 1247 1059 οἱ
1274 993 1481 1078 προφῆται
1503 994 1558 1058 καὶ

218 1081 391 1167 οπόλεις
421 1083 678 1175 ώρθώθησαν
707 1095 763 1159 καλ
793 1084 978 1179 ἄνθρωποι
1006 1086 1216 1178 ύγιάσθησαν
1242 1095 1297 1158 καὶ
1324 1095 1433 1176 λιμοί
1459 1085 1559 1158 ἐπαύ-

253 1208 369 1271 σαντο,
398 1182 566 1258 ἀλλὰκαὶ
596 1189 651 1271 είς
680 1185 872 1260 ἀποικίαν
902 1197 1021 1276 σαφῶς
1051 1188 1115 1280 τήν
1142 1182 1201 1259 ἀπ’
1223 1185 1400 1275 Αἰγύπτου
1427 1192 1473 1269 είς
1495 1185 1559 1276 τήν

253 1292 487 1375 Παλαιστίνην
521 1285 609 1357 κατὰ
644 1287 810 1377 χρησμούς
846 1286 1013 1378 ἐλήλυθεν
1049 1283 1132 1360 όλον
1168 1285 1209 1358 τὸ
1246 1283 1416 1358 Ἰουδαίων
1445 1287 1559 1368 ἔθνος·

255 1378 339 1472 όπερ
374 1384 577 1474 μετελθὸν
609 1391 669 1475 μὲν
700 1386 747 1458 τά
779 1395 1090 1477 προσταχθέντα
1120 1384 1187 1458 ύπδ
1219 1393 1281 1457 τοῦ
1311 1392 1397 1457 θεοῦ
1430 1380 1560 1456 εύδαι·

255 1481 399 1574 μόνησε
429 1491 558 1572 σφαλέν
588 1493 623 1558 δέ
652 1493 811 1576 μετέγνω.
855 1495 889 1558 τί
919 1494 954 1558 δέ
982 1494 1033 1560 δεῖ
1057 1493 1165 1577 λέγειν
1192 1480 1267 1559 όσοι
1290 1482 1484 1557 δυνάσται
1504 1492 1560 1556 καὶ

205 1597 238 1650 10
257 1578 330 1655 ὅσοι
360 1587 522 1655 ἰδιῶται
553 1585 641 1656 κατά
673 1586 734 1670 τὰς
763 1588 912 1675 ἱστορίας
945 1593 1007 1676 τῆς
1037 1594 1169 1678 γραφῆς
1196 1582 1360 1674 ἄμεινον
1382 1579 1402 1675 ή
1423 1603 1561 1675 χεῖρον

256 1689 481 1773 προσέχοντες
502 1703 576 1766 ταῖς
598 1691 821 1775 προφητείαις
843 1681 865 1776 ή
886 1683 1160 1776 ἀμελήσαντες
1182 1681 1435 1774 ἀπήλλαξαν,·

342 1789 370 1854 εί
392 1788 428 1854 δέ
449 1790 504 1853 καὶ
525 1790 601 1872 περί
623 1780 811 1868 ἀπαιδίας
832 1791 883 1856 δεῖ
896 1793 1014 1875 λέγειν,
1038 1777 1126 1873 ἔφ’ήγ
1150 1790 1450 1873 δυσφορούντές
1472 1812 1561 1867 τινες

257 1877 412 1971 γεγόνασι
441 1889 583 1970 πατέρες
614 1878 634 1972 ἢ
663 1889 816 1974 μητέρες,
850 1883 911 1968 τὰς
937 1893 1014 1974 περὶ
1036 1884 1164 1956 τούτου
1185 1880 1281 1972 εύχδις
1303 1878 1562 1972 ἀναπέμψαντες

258 1989 308 2070 τῷ
338 1989 412 2052 τών
441 1977 535 2055 όλων
564 1990 768 2075 δημιουργῷ,
798 1979 988 2073 ἀναγνώτω
1017 2014 1069 2067 τις
1096 1984 1139 2056 τά
1160 1991 1237 2073 περὶ
1259 1989 1323 2054 τοῦ
1340 1981 1486 2070 Ἀβραάμ
1506 1987 1562 2051 καί

206 2097 239 2149 15
257 2087 319 2171 τής
340 2079 485 2171 Σάρρας,
516 2086 552 2169 ἐξ
582 2075 634 2152 ών
665 2089 801 2172 γέγονεν
822 2081 926 2155 Ἰσαὰκ
952 2080 1015 2173 ήδη
1037 2080 1286 2174 γεγηρακότων,
1310 2077 1328 2153 δ
1350 2079 1482 2164 παντὸς
1501 2087 1563 2152 τοῦ

257 2176 426 2252 Ἰουδαίων
455 2185 579 2266 ἔθνους
610 2183 724 2272 πατὴρ
756 2190 811 2254 καὶ
845 2185 973 2272 ἑτέρων
1003 2183 1094 2270 παρὰ
1125 2183 1284 2266 τούτους,
1313 2178 1504 2270 ἀναγνώτω
1527 2184 1563 2251 δὲ

256 2288 311 2350 καί
344 2281 387 2352 τά
417 2288 492 2370 περὶ
514 2279 671 2369 Ἰεζεκίου,
705 2279 746 2354 ού
768 2280 877 2370 μόνον
907 2280 1106 2373 ἀπαλλαγήν
1136 2280 1262 2354 νόσου
1288 2278 1454 2370 λαβόντος
1475 2278 1562 2350 κατά

258 2379 318 2464 τὰς
339 2375 472 2452 Ἡσαΐου
498 2390 708 2472 προφητείας
738 2378 825 2454 ἀλλὰ
852 2390 907 2453 καὶ
930 2379 1195 2472 τεθαρρηκότως
1217 2377 1375 2462 εἰπόντος
1397 2375 1451 2450 τό·
1473 2375 1562 2462 ,ἀπὸ

259 2480 346 2569 ]γὰρ
376 2486 442 2552 τοῦ
472 2488 534 2552 νύν
566 2487 683 2554 παιδία
716 2479 859 2572 ποιήσω,
893 2476 913 2553 ά
940 2478 1115 2571 ἀναγγελεῖ
1140 2481 1204 2571 τὴν
1231 2478 1447 2568 δικαιοσύνην
1473 2487 1563 2550 σου.“
1585 2499 1635 2554 776

207 2595 241 2648 20
257 2591 314 2652 καὶ
335 2585 372 2653 ἔν
394 2588 437 2669 τῇ
459 2579 605 2670 τετάρτη
629 2587 664 2652 δὲ
686 2590 760 2654 τών
783 2589 974 2652 Βασιλειών
997 2579 1017 2672 ή
1039 2579 1269 2671 ἀποδεξαμένη
1293 2577 1357 2652 τόν
1370 2575 1561 2662 Ἐλισσαῖον,

256 2679 370 2771 χάριτι
399 2687 485 2752 θεοῦ
512 2680 798 2771 προφητεύσαντα
824 2691 901 2770 περὶ
926 2688 1086 2772 γενέσεως
1105 2679 1239 2766 παιδὸς,
1267 2678 1355 2751 κατὰ
1382 2678 1443 2762 τὰς
1468 2676 1564 2767 εύχάς

259 2787 322 2853 τοῦ
343 2777 526 2852 Ἐλισσαίου
548 2787 664 2870 γέγονε
685 2778 805 2872 μήτηρ.
843 2778 931 2853 ἀλλὰ
952 2791 1008 2852 καὶ
1035 2782 1236 2870 πηρώσεις
1257 2778 1431 2868 ἱάθησαν
1452 2784 1565 2868 μυρίαι

258 2877 326 2952 ύπδ
348 2887 412 2953 τού
433 2874 547 2968 Ἰησοῦ.
589 2889 646 2951 καί
671 2879 769 2952 ἄλλοι
794 2879 895 2968 πρὸς
922 2887 978 2971 τῷ
1006 2887 1043 2953 ἔν
1063 2878 1303 2970 Ἱεροσολύμοις
1326 2885 1420 2969 ἱερῷ
1442 2876 1564 2968 τολμή-

259 3005 380 3064 σαντες
405 2977 561 3068 ύβρίσαι
584 2980 649 3070 τήν
671 2978 852 3070 Ἰουδαϊκήν
873 2988 1057 3070 θρησκείαν
1078 2977 1275 3052 πεπόνθασι
1296 2978 1338 3051 τὰ
1361 2976 1565 3068 ἀναγεγραμ-

208 3092 241 3146 25
258 3085 342 3170 μένα
364 3085 401 3151 έν
422 3097 494 3163 τοϊς
515 3089 771 3165 Μακκαβαϊκοῑς.

342 3201 466 3268 XLVII.
502 3192 586 3266 Ἀλλ’
609 3201 744 3284 ἐροῦσιν
767 3191 927 3285 Ἕλληνες
956 3203 1065 3269 ταῦτα
1091 3196 1259 3285 μύθους,
1291 3203 1403 3266 καίτοι
1430 3222 1465 3282 γε
1486 3219 1566 3282 μαρ

260 3294 450 3385 τυρούμενα
478 3292 526 3378 ώς
555 3291 668 3386 ἀληθῆ
696 3292 763 3366 ύπδ
793 3290 887 3367 όλων
914 3295 974 3369 δύο
997 3302 1121 3368 ἔθνών.
1165 3304 1199 3368 τί
1221 3301 1255 3366 δε
1277 3292 1351 3384 ούχί
1372 3299 1502 3382 μᾶλλον
1524 3290 1566 3362 τά

346 3502 361 3557 l
382 3501 444 3570 Vgl.
463 3500 533 3554 oben
552 3500 604 3554 VII
621 3502 646 3564 3,
663 3500 688 3554 8.
708 3503 757 3556 154
775 3500 801 3553 Ζ.
821 3501 860 3555 18.
882 3531 916 3539 -
937 3502 956 3556 δ
974 3501 1037 3570 vgl.
1056 3501 1142 3555 Exod.
1161 3502 1184 3565 3,
1201 3501 1226 3554 8.
1245 3530 1276 3539 -
1302 3499 1341 3554 14
1357 3498 1422 3567 Vgl.
1441 3496 1508 3552 Gen.
1527 3497 1568 3563 17,

260 3587 369 3642 16-19.
387 3589 429 3641 21.
456 3617 489 3624 -
518 3587 553 3641 17
579 3585 866 3654 vgl.Jes.38,1-8.
894 3615 926 3624 -
953 3585 992 3642 18
1011 3584 1065 3639 ἱεε.
1083 3587 1124 3650 38,
1144 3588 1184 3641 19.
1211 3615 1244 3624 -
1271 3583 1436 3653 20113111
1457 3581 1566 3644 Κδα.4,

259 3672 351 3727 8-17.
371 3701 403 3710 -
423 3670 461 3726 22
481 3671 543 3739 Vgl.
562 3669 660 3724 Matth.
679 3671 719 3731 15,
738 3671 779 3726 30.
797 3700 830 3709 —
848 3669 888 3724 24
906 3670 970 3739 vgl.
988 3671 1001 3724 I
1019 3670 1113 3724 Makk.
1131 3670 1155 3732 2,
1173 3669 1282 3724 23-25.
1308 3670 1331 3734 7,
1349 3671 1391 3722 47.
1415 3669 1439 3730 9,
1458 3666 1566 3722 54-56.

260 3755 396 3810 11Makk.
414 3757 439 3820 3,
457 3755 567 3812 24-30.
590 3758 615 3824 4,
634 3757 725 3810 7-17.
749 3757 774 3820 9,
792 3755 884 3810 5-12.
902 3785 935 3794 -
954 3755 994 3810 28
1013 3755 1076 3824 Vgl.
1091 3754 1162 3808 oben
1180 3753 1245 3807 VIII
1262 3756 1304 3816 45,
1323 3753 1348 3808 S.
1365 3754 1417 3808 200
1435 3752 1461 3805 Z.
1482 3753 1521 3806 13.

346 3923 362 3979 1
382 3917 533 3994 ἱστόρηται
545 3924 646 3992 Ausgg.
658 3919 814 3996 ἱστόρησεν
825 3926 850 3977 A
865 3925 869 3991 Ι
884 3922 902 3977 4
913 3922 1005 3976 hinter
1016 3925 1258 3992 προφῆται-Ι-καὶ
1270 3917 1567 3992 πο.]εο]ττα1ιτεο1εἰα-

260 4009 317 4062 lich
342 4008 430 4062 durch
454 4007 647 4078 Dittographie
673 4009 721 4062 des
746 4007 895 4077 folgenden
921 4008 972 4062 καί
997 4003 1095 4072 πόλεις
1121 4005 1286 4062 εαωίισυδειι
1309 4005 1451 4061 11.th
1469 4021 1496 4057 u.
1514 4003 1568 4057 den

260 4097 361 4174 Ausgg.
380 4110 414 4146 zu
430 4093 518 4161 tilgen
537 4093 542 4161 l
562 4093 580 4150 ὅ
603 4087 792 4164 ύγιάσθησαν]
811 4085 829 4148 ἱ)
845 4109 894 4147 aus
911 4085 928 4162 ἢ
946 4107 1013 4148 corr.
1032 4095 1056 4146 A
1077 4093 1081 4161 Ι
1103 4092 1122 4148 8
1145 4109 1197 4162 την
1215 4091 1317 4160 (hinber
1334 4087 1383 4158 εἰς)
1402 4089 1451 4160 [εο]
1469 4086 1567 4156 A112

261 4173 305 4246 ἐφ’
323 4175 341 4248 ή
357 4177 444 4232 PDel.
463 4171 517 4248 ἔφη
534 4181 560 4232 A
577 4171 616 4243 ὡς
634 4172 688 4248 ἔφη
705 4177 803 4232 111Ηὸ.
811 4177 854 4248 Sp.
874 4171 914 4242 ὡς
932 4171 1005 4247 [ἔφη]
1025 4179 1072 4232 Bo.
1087 4177 1183 4246 (Notae
1195 4195 1220 4247 p.
1230 4177 1290 4244 406)
1306 4177 1310 4243 Ι
1327 4175 1366 4230 13
1387 4171 1520 4246 πατέρες]
1539 4189 1569 4235 ες

260 4262 289 4315 in
308 4263 451 4317 Conantur
468 4266 492 4316 A
508 4265 512 4330 Ι
526 4261 655 4334 μητέρες]
674 4281 704 4328 ες
720 4263 749 4316 in
768 4261 912 4316 Correctur
929 4265 974 4330 A!
991 4263 1030 4317 14
1048 4253 1166 4333 ἀβραάμ
1184 4263 1228 4328 Α]
1245 4261 1282 4316 15
1301 4251 1388 4315 ίσαάκ
1406 4277 1455 4314 aus
1472 4251 1569 4327 ήσαδικ

261 4363 328 4401 corr.
347 4349 371 4400 A
395 4349 399 4416 Ι
424 4347 460 4403 11
487 4341 530 4417 οὗ]
549 4339 585 4403 ού
603 4365 629 4401 u.
648 4347 716 4401 fiber
732 4337 750 4402 ύ
768 4347 814 4401 ein
833 4345 993 4400 circumflex
1011 4345 1164 4400 austadiert
1180 4348 1205 4399 A
1224 4349 1228 4414 ]
1247 4339 1342 4414 μόνον
1359 4343 1383 4396 V
1400 4338 1495 4412 μόνην
1512 4341 1567 4395 ΡΜ

261 4435 376 4502 Ασεςς.,
403 4420 460 4500 μα”ν
487 4432 548 4502 [80],
576 4431 662 4486 Βοευε
688 4449 733 4485 am
759 4431 860 4486 oberen
882 4428 960 4485 Ande
987 4431 1034 4484 δεε
1055 4421 1145 4484 τεσὶιὶε
1168 4448 1222 4485 von
1244 4431 1307 4486 dem
1324 4432 1397 4484 Acut
1418 4425 1568 4482 steheuden

261 4518 388 4583 strichen,
407 4517 433 4571 d.
446 4517 473 4571 h.
491 4512 585 4586 μόνον
602 4515 832 4571 wahrscheinlich
849 4533 898 4570 ευε
914 4511 1007 4586 μόνην
1024 4531 1101 4579 σοις,
1120 4519 1143 4570 A
1158 4517 1162 4584 Ι
1177 4515 1218 4571 20
1235 4511 1385 4570 ἑλισσαῖον
1402 4515 1427 4566 A
1441 4513 1447 4582 Ι
1462 4511 1500 4568 21
1517 4529 1568 4581 χα·

263 4619 320 4674 ριτι
338 4603 387 4672 [ιο]
405 4603 450 4672 Α]
468 4596 711 4676 προφητεύσαντα
729 4602 893 4671 PMAusgg.
912 4595 1146 4671 προφητεύσαντι
1164 4599 1262 4668 4122
1286 4593 1432 4654 έλισσαίου
1451 4595 1500 4665 [ευ]
1518 4598 1544 4650 A
1563 4597 1566 4662 ]

262 4704 302 4760 25
320 4687 516 4776 μαύαβαῒκοῖς
532 4705 580 4775 [ιο]
599 4707 645 4760 A¹.
