3790 5526
369 479 428 540 106
908 468 1133 524 ΩΡΙΡΕΝΟΥΣ

286 645 349 699 150v
367 630 422 702 διὰ
441 637 545 702 τοῦτο
568 627 651 702 αύτδ
674 628 1005 719 παραλαμβάνεσθαι,
1032 628 1109 719 ῆτοι
1135 635 1206 701 ἐπεὶ
1234 637 1391 720 σταυρῷ
1415 640 1420 715 Ι
1444 631 1630 720 νηλωθη
1653 660 1672 702 ο

366 727 645 812 διδάσκαλος(
623 738 723 848 ημῶν
740 725 761 818 ἢ
784 735 855 800 ἐπεὶ
877 735 1035 802 τέκτων
1057 721 1106 817 ῆν
1128 728 1201 819 τὴν
1228 735 1388 819 τέχνην,
1415 728 1476 817 ούχ
1502 725 1597 819 δρῶν
1618 724 1674 802 ότι

366 827 412 901 τό
443 828 566 916 ξύλον
593 836 662 919 τῆς
694 834 838 919 ζωῆς’
825 857 862 899 εν
892 848 964 911 τοῖς
991 833 1165 909 Μωύσέως
1193 824 1444 917 ἀναγέγραπται
1474 825 1671 918 γράμμασιν,

365 925 451 999 ἀλλά
473 935 527 998 καί
549 925 591 999 σύ
611 925 788 1012 βλέπων’
769 921 824 1000 ότι
846 923 994 1014 οὐδαμοῦ
1016 935 1089 999 τῶν
1109 932 1149 998 ἐν
1171 946 1245 1010 ταῖς
1266 932 1455 1016 ἐκκλησίαις
1474 933 1672 1017 φερομένων

330 1024 567 1118 σεύαγγελίων
588 1031 783 1112 ,,τε’κτων“
805 1024 909 1110 αύτός
931 1022 950 1098 ό
970 1023 1094 1116 Ἰησοῦς
1116 1023 1373 1115 ἀναγέγραπται.

449 1147 608 1214 XXXVII.
647 1147 760 1212 Οίεται
783 1147 819 1212 δὲ
846 1149 902 1212 καὶ
929 1149 1228 1231 τροπσλσγοῦντας
1254 1137 1339 1229 ἡμᾶς
1364 1148 1439 1228 περὶ
1467 1147 1530 1212 τοῦ
1555 1165 1672 1212 σταυ-

365 1248 436 1330 ροῦ
457 1238 731 1313 άναπεπλακέναι
753 1239 799 1312 τό
821 1241 944 1324 ξύλον
967 1247 1035 1330 τῆς
1058 1248 1158 1330 ζωῆς
1179 1247 1235 1311 καὶ
1256 1236 1461 1324 ἀκολούθως
1483 1241 1605 1313 ἑαυτοῦ
1620 1249 1670 1332 τῷ

364 1347 440 1429 περὶ
472 1341 601 1412 τούτου
631 1337 803 1428 σωάλματί
835 1363 938 1428 φησιν
974 1333 1041 1424 ότι,
1069 1345 1180 1428 είπερ
1212 1343 1350 1427 ἔτυχεν
1385 1345 1538 1423 ἐκεῖνος
1571 1339 1671 1410 κατὰ

364 1446 542 1529 κρημνοῦ
572 1433 853 1528 ἐρριμμένος”
833 1467 854 1526 η
884 1443 971 1528 <είς>
1010 1436 1262 1528 βάραθρσνέ
1269 1443 1443 1526 ωσμένσς
1473 1433 1493 1526 ἢ
1524 1435 1671 1528 ἀγχόνη

316 1558 348 1610 16
364 1546 648 1628 πεπνιγμένσς,
672 1529 719 1627 ἦν
741 1531 788 1607 ἀν
807 1535 905 1625 ύπὲρ
923 1538 1017 1620 τούς
1032 1535 1227 1628 σύρανούς
1242 1533 1540 1658 ἀναπεπλασμένος
1553 1565 1671 1627 κρημ·

365 1640 435 1721 νὸς
467 1645 569 1727 ζωῆς
600 1631 621 1726 ἢ
651 1634 862 1726 βάραθρον
892 1633 1144 1720 ἀναστάσεως
1173 1632 1193 1725 ῆ
1225 1644 1406 1758 σχοινίον
1437 1633 1669 1718 ἀθανασίας.

365 1735 469 1808 πάλιν
485 1765 522 1806 τε
542 1729 583 1807 αὖ
608 1761 712 1826 φησιν
736 1730 799 1820 ότι,
823 1740 914 1826 εἴπερ
937 1735 991 1806 διὰ
1014 1737 1056 1808 τὸ
1078 1742 1251 1806 τέκτονα
1273 1733 1379 1807 αύτὸν
1401 1741 1572 1824 γεγονέναι
1593 1732 1671 1807 ἀνα-

365 1843 555 1906 πέπλασται
571 1837 616 1906 τὸ
631 1835 754 1921 ξύλον
770 1841 839 1924 τῆς
855 1840 969 1923 ζωῆς,
986 1830 1221 1924 ἠκολούθησεν
1238 1829 1290 1919 ἀν,
1306 1839 1381 1905 εί
1347 1864 1408 1924 μεν
1423 1831 1672 1922 σκυτοτόμος

364 1927 416 2024 ῆν,
432 1942 588 2024 λέγεσθαί
602 1964 679 2006 τινα
694 1941 769 2022 περὶ
785 1933 956 2017 σκύτους
976 1943 979 2022 ί
999 1931 1121 2024 άγίσυ,
1138 1939 1166 2004 εί
1181 1940 1217 2005 δὲ
1232 1930 1438 2020 λιθοξόος,
1460 1940 1538 2024 περὶ
1553 1941 1673 2005 λίθου
1691 1946 1742 2000 660

316 2042 574 2125 ιδμακαρίου,
600 2040 633 2104 εί
664 2038 699 2104 δὲ
728 2035 924 2124 σιδηρεύς,
954 2029 1404 2162 περὶσιδῆρουάγάπης.
1446 2040 1498 2116 τις
1519 2062 1583 2105 συν
1611 2030 1671 2123 σύχ

364 2129 427 2226 δρᾷ
450 2132 599 2206 αύτόθεν
621 2135 662 2204 τὸ
688 2129 817 2215 εύτελὲς
840 2131 945 2204 αὐτοῦ
966 2139 1027 2222 τῆς
1048 2140 1260 2222 κατηγορίας,
1284 2130 1636 2222 διαλοιδσρσυμένσο’
1615 2162 1671 2205 αν-

364 2234 540 2322 θρωπσυς,
569 2228 630 2315 ούς
651 2237 874 2320 ἐπηγγείλατο
897 2231 1159 2320 ἐπιστρέφειν
1133 2264 1181 2315 ως
1202 2228 1461 2319 ἀπατωμένους;

448 2333 523 2423 ἑξῆς
547 2339 582 2402 δὲ
611 2329 752 2414 τούτοις
779 2338 866 2419 λέγει
892 2328 1085 2422 ἁρμόζοντα
1109 2337 1170 2421 μὲν
1197 2349 1270 2413 τοῖς
1296 2325 1506 2402 ἀναπλάσασι
1528 2330 1611 2414 τούς
1633 2362 1671 2404 τε

364 2438 582 2514 λεσντοειδεῑς
607 2439 663 2502 καὶ
692 2427 923 2518 όνοκεφάλσυς
947 2438 1003 2500 καὶ
1029 2435 1295 2519 δρακοντοειδεῑς
1321 2425 1534 2517 ἄρχοντας,
1560 2441 1615 2502 καί
1643 2436 1672 2502 εί

312 2548 346 2604 20
364 2560 416 2613 τις
438 2535 578 2613 ἐκείνοις
599 2538 844 2621 παραπλησίως
870 2525 1131 2618 έμυθολόγηοεν,
1155 2526 1196 2600 ού
1226 2528 1293 2618 μὴν
1321 2537 1377 2598 καὶ
1407 2549 1479 2612 τοῖς
1510 2527 1579 2602 ἀπὸ
1610 2538 1670 2621 τῆς

364 2635 548 2718 ἐκκλησίας.
584 2626 725 2718 ἀληθῶς
748 2629 887 2718 γάρκαὶ
913 2635 1033 2718 γραῦς
1059 2633 1122 2698 ἐπὶ
1150 2635 1206 2718 τῷ
1233 2635 1480 2717 βαυκαλῆσαι
1505 2634 1670 2701 παιδίον

362 2727 536 2815 μεθύουσα
556 2735 687 2816 μῦθον
714 2728 876 2821 ἐπᾴδειν
903 2734 1094 2799 τοιοῦτον
1119 2734 1175 2796 καὶ
1203 2736 1435 2815 ψιθυρίζειν
1462 2736 1512 2818 τῷ
1543 2735 1668 2819 παιδίῳ

362 2827 609 2917 ἐπησχύνθη,
640 2823 764 2900 δποῑον
794 2832 827 2899 σί
858 2828 938 2911 τούς
971 2823 1205 2913 ύνοκεφάλους
1235 2823 1492 2911 ἀναπλάσαντες
1521 2836 1577 2900 καὶ
1608 2827 1670 2912 τάς

361 2923 440 2998 καθ’
472 2925 618 3018 ἑκάστην
638 2926 771 3017 πύλην
797 2925 940 3016 ιδσπερεὶ
967 2931 1179 3016 δημηγορίας.
1221 2925 1264 2995 τά
1292 2933 1328 2996 δὲ
1350 2934 1424 2997 τῶν
1445 2923 1514 2998 ἀπό
1537 2934 1598 3017 τῆς
1620 2932 1669 2998 ἐκ·

310 3043 343 3098 25
360 3033 497 3117 κλησίας
520 3022 538 3097 δ
563 3032 690 3110 Κέλσος
712 3025 775 3098 ούκ
789 3032 977 3110 ἐπίσταται,
999 3019 1085 3113 άπερ
1106 3021 1197 3095 πάνυ
1211 3019 1321 3113 όλίγσι
1336 3021 1498 3115 ῆσκῆκασι
1513 3033 1668 3113 συνιέναι,

361 3131 394 3200 σί
415 3124 530 3198 πάντα
557 3125 620 3198 τὸν
648 3134 723 3210 βίον
749 3128 883 3198 ἑαυτῶν
905 3123 1092 3207 ἀναθέντες
1117 3123 1204 3196 κατὰ
1233 3123 1297 3213 τῆν
1318 3121 1423 3213 Ἰησσῦ
1448 3125 1595 3216 ἐντολὴν
1617 3135 1668 3218 τῷ

360 3229 500 3315 ἐρευνᾶν
526 3225 610 3312 ,τὰς
637 3225 787 3315 γραφάςί(
818 3233 874 3296 καί
904 3232 1034 3314 μᾶλλον
1065 3231 1139 3295 τῶν
1166 3223 1475 3314 φιλοσοφησάντων
1501 3219 1670 3315 Ἑλλήνων

358 3331 435 3413 περί
468 3354 562 3408 τινος
592 3332 810 3415 νομιζομένης
845 3322 1028 3413 ἐπιστήμης
1058 3319 1228 3412 ἀνάληψιν
1262 3321 1465 3413 κεκμηκότες
1497 3333 1573 3412 περὶ
1605 3324 1669 3416 τῆν

359 3428 509 3510 ἐξέτασιν
531 3431 594 3496 τοῦ
615 3423 828 3514 βουλήματος
849 3432 923 3494 τῶν
944 3427 1046 3512 ίερων
1068 3421 1283 3512 γραμμάτων.

307 3567 341 3620 30
441 3546 619 3612 XXXVIII.
658 3537 726 3612 Ούκ
748 3537 924 3630 ἀρκεσθεὶς
946 3535 974 3608 δ
997 3535 1016 3610 ό
1038 3537 1199 3628 γεννάδας
1221 3557 1294 3622 τοῖς
1315 3536 1384 3610 ἀπὸ
1401 3549 1464 3611 τοῦ
1479 3538 1666 3631 διαγράμ-

357 3668 483 3730 ματος
506 3639 675 3730 ἐβουλήθη
698 3637 783 3728 ύπὲρ
806 3647 868 3710 τοῦ
889 3636 1028 3728 αύξῆσαι
1051 3637 1112 3722 τὰς
1138 3634 1217 3708 καθ’
1241 3635 1338 3728 ἡμῶν
1359 3647 1570 3728 κατηγορίας,
1593 3647 1668 3712 τῶν

442 3812 460 3867 ε
479 3811 542 3879 Vgl.
561 3811 629 3866 Gen.
650 3811 675 3876 2,
693 3785 717 3866 ε’.
742 3813 766 3873 3,
784 3811 825 3864 ει.
843 3809 885 3863 ει.
903 3839 936 3848 -
955 3809 973 3864 ι
993 3807 1055 3877 vgl.
1075 3809 1162 3862 σοι.
1176 3810 1229 3873 σε
1247 3809 1356 3878 (σιω.
1370 3812 1411 3876 13,
1423 3811 1473 3878 τι).
1492 3839 1525 3848 -
1544 3809 1665 3879 19ng

357 3896 430 3950 oben
449 3895 486 3949 VI
505 3897 547 3962 30,
565 3895 590 3949 S.
609 3895 643 3950 99
661 3895 687 3948 Z.
706 3895 775 3949 31ff.
794 3924 826 3933 —
845 3893 883 3951 27
904 3893 967 3962 Vgl.
985 3893 1046 3948 Joh.
1065 3897 1089 3959 5,
1107 3895 1148 3948 39.

443 4047 459 4102 1
485 4037 549 4114 ῆτοι
572 4042 634 4099 ἐπεὶ
655 4043 677 4097 Ρ
701 4037 764 4113 ἤτοι
783 4039 829 4099 ἐπί
847 4047 872 4097 A
890 4039 907 4112 ἢ
927 4035 971 4099 ότι
989 4041 1036 4099 ἐπὶ
1053 4044 1189 4112 MAusgg.
1214 4046 1218 4112 1
1242 4045 1261 4099 θ
1281 4041 1352 4112 (εἰς)
1371 4043 1436 4113 stigo
1457 4043 1503 4097 ich
1521 4044 1574 4098 mit
1591 4045 1620 4098 M
1638 4062 1664 4098 u.

356 4130 409 4185 den
429 4134 531 4198 Ausgg.
549 4129 595 4182 ein
618 4131 622 4197 Ι
647 4129 685 4184 12
702 4147 734 4184 τε
751 4132 777 4182 A
793 4122 819 4183 τ’
837 4131 940 4198 Ausgg.
961 4131 965 4196 Ι
987 4129 1025 4184 16
1044 4145 1092 4182 vor
1110 4123 1197 4194 ξύλον
1215 4135 1247 4192 -γ-
1265 4131 1318 4195 ζω,
1337 4128 1409 4182 doeh
1425 4129 1595 4199 expungiert,
1614 4133 1639 4184 A
1659 4132 1661 4198 ί
1680 4175 1684 4184 .

356 4215 396 4271 18
416 4208 601 4270 ἀναπλάσασι
624 4213 749 4268 εσ1ιτε11ιε
770 4212 815 4266 ich
839 4213 890 4268 mit
908 4214 956 4269 Bo.
976 4213 1073 4282 (Notae
1088 4231 1115 4283 p.
1133 4213 1194 4280 396)
1211 4230 1238 4268 u.
1257 4212 1428 4281 ὓε1.(1660
1444 4217 1526 4270 Anm.
1545 4215 1580 4284 ε),
1597 4209 1666 4269 σίνα-

355 4294 505 4368 πλάσμασι
524 4296 655 4368 ΑΗ6.8ρ.
671 4299 675 4365 Ι
690 4315 722 4352 τε
741 4297 790 4353 Η6.
809 4315 855 4352 σω
872 4297 960 4361 Βασὰ,
979 4297 1088 4368 θρ.1)ε1.
1106 4296 1145 4350 im
1157 4296 1238 4361 Text3
1262 4296 1408 4364 6111122
1426 4294 1588 4369 μεθύουσα]
1609 4299 1664 4368 ng

354 4385 425 4438 oben
443 4384 481 4438 VI
499 4385 540 4447 34,
558 4382 583 4436 S.
603 4385 653 4439 104
670 4383 697 4438 Z.
715 4384 744 4446 35
769 4385 906 4451 μαθοῦσα
929 4383 1064 4438 vermutet
1086 4379 1282 4436 Gundermann
1301 4385 1305 4452 1
1329 4379 1427 4450 μόθον
1446 4387 1472 4438 A
1496 4389 1500 4452 Ι
1525 4385 1564 4440 29
1582 4380 1664 4454 ἐπησ·

352 4464 444 4539 χύνθη
461 4469 597 4537 MAusgg.
621 4461 797 4536 ἐπαισχύνθη
815 4472 840 4522 A
859 4471 863 4534 Ι
884 4467 924 4523 24
942 4459 1068 4538 ὡσπερεί
1085 4464 1221 4535 MAusgg.
1240 4461 1284 4522 διο
1305 4470 1372 4539 περί
1390 4473 1415 4522 A
1434 4472 1438 4538 1
1459 4470 1498 4526 26
1523 4465 1664 4539 ῆσκῆκασι

354 4553 484 4622 ΑΗ6.8ρ.
504 4547 637 4622 ίσχύκασι
655 4551 677 4604 Ρ
699 4547 832 4608 ίσκύκασι
850 4553 910 4608 Del.
931 4555 933 4620 λ
954 4553 992 4608 21
1011 4543 1071 4619 τὰς]
1089 4543 1142 4613 τάς
1158 4545 1252 4616 τάςΑ
1276 4553 1280 4620 Ι
1304 4553 1344 4609 28
1362 4554 1429 4624 περί
1445 4557 1578 4624 σουπερὶ
1596 4571 1663 4608 corr.

353 4641 378 4691 A
402 4639 406 4704 1
430 4631 583 4706 ἀνάληψιν]
603 4651 637 4706 ιρι
655 4636 707 4690 auf
720 4636 807 4691 Rasur
824 4639 867 4706 AI
888 4637 926 4693 81
946 4633 1098 4708 ἐβουλήθη]
1117 4652 1132 4689 ε
1149 4635 1179 4690 in
1197 4637 1339 4691 Correctur
1356 4641 1387 4692 A.
