3780 5538
380 534 440 595 354
922 525 1143 582 ΩΡΙΓΕΝΟΥΣ

379 685 496 774 αύτοῦ,
511 685 590 760 καθ’
606 683 649 778 ἣν
664 684 799 760 τοιόνδε
814 693 892 760 ἐστί.
926 687 967 760 τό
990 695 1107 758 τοίνυν
1129 685 1265 759 τούτων
1280 696 1353 760 τῶν
1374 684 1575 778 ποιοτήτων
1597 691 1684 760 ίθιον

378 796 433 859 καί
455 785 728 878 ἀσυντρόχαστον
749 788 836 876 πρὸς
851 788 968 875 ἕτερον
989 782 1105 876 (ἄλλος
1124 783 1186 876 γάρ
1201 815 1254 872 τις
1273 785 1533 876 ἀπαράλλακτος
1547 783 1685 856 Παύλου

379 893 416 959 ἐν
436 893 517 972 τοις
531 880 629 984 ούσιν
650 883 712 958 οῦκ
735 890 817 976 ἔστι)
840 893 1005 977 δηλοῦται
1027 885 1081 957 διὰ
1104 892 1165 976 τῆς
1179 893 1356 970 ,,Παῦλος“
1379 882 1567 976 ὀνομασίας.
1610 881 1683 958 ἀλλ’

312 1001 363 1055 21¹
380 992 434 1058 ἐπὶ
453 994 458 1076 1
477 984 688 1076 ἀνθρώπων,
712 991 816 1057 οἱονεὶ
842 985 1105 1074 ἀλλασσομένων
1131 994 1204 1057 τῶν
1225 992 1323 1056 ἰδίων
1349 983 1560 1075 ποιοτήτων,
1582 983 1684 1074 ύγιῶς

346 1085 466 1157 5ιιατά
488 1085 553 1176 τήν
587 1085 723 1176 γραφήν
757 1083 959 1158 ἀλλάσσεται
993 1093 1050 1156 καὶ
1081 1084 1124 1156 τὰ
1155 1080 1319 1174 ὀνόματα·
1346 1084 1596 1175 μεταβαλούσης
1623 1083 1685 1174 γὰρ

379 1191 440 1275 τῆς
462 1191 526 1257 τοῦ
543 1181 704 1275 ,,Ἀβράμ“
719 1181 914 1276 ποιότητος,
937 1182 1066 1274 ἐκλήθη
1081 1180 1272 1272 ,,Ἀβραὰμ,“
1287 1193 1343 1255 καὶ
1362 1190 1424 1274 τῆς
1438 1191 1502 1256 τοῦ
1515 1192 1683 1274 Σίμωνος,

379 1280 398 1356 ό
421 1291 589 1374 ,,Πίτρος“
614 1281 811 1373 αόνομάσθη,
834 1291 889 1354 καὶ
918 1289 978 1373 τῆς
1000 1289 1063 1355 τοῦ
1086 1283 1275 1366 διώκοντος
1295 1284 1359 1356 τὸν
1373 1283 1501 1373 Ἰησοῦν
1516 1283 1682 1368 ,,Σαούλ,“

378 1381 636 1474 προσηγορεύθη
659 1379 878 1468 ό,,Παῦλος.“
908 1387 963 1454 ἐπὶ
985 1387 1020 1452 δὲ
1042 1389 1136 1466 θεοῦ,
1161 1377 1252 1464 ὅστις
1274 1379 1378 1466 αύτός
1399 1387 1493 1455 ἐστιν
1514 1378 1684 1471 ἄτρεπτος

378 1489 434 1554 καί
456 1479 691 1566 ἀναλλοίωτος
712 1479 763 1554 ἀεὶ
785 1479 972 1571 τυγχάνων,
997 1483 1033 1550 ίν
1054 1485 1145 1553 ἐστιν
1162 1479 1213 1554 ἀεὶ
1236 1483 1277 1555 τὸ
1299 1484 1403 1554 οίονεὶ
1424 1490 1479 1552 καὶ
1501 1479 1554 1553 ἐπ’
1576 1479 1683 1555 αύτοῦ

329 1595 363 1650 10
380 1578 496 1671 ὄνομα,
518 1582 560 1654 τὸ
582 1577 656 1671 ,,<ό>
678 1577 749 1653 ὢν(
771 1587 808 1653 ἐν
829 1589 872 1670 τῇ
886 1577 1010 1668 Ἑξύδφ
1031 1586 1205 1670 εἰρημένον
1227 1578 1247 1672 ή
1270 1611 1304 1652 τι
1326 1576 1439 1664 οὕτως
1460 1576 1503 1654 ἀν
1524 1577 1684 1670 λεχθησό-

378 1709 488 1770 μενον.
531 1686 603 1752 ἐπεὶ
631 1673 694 1754 οὖν
715 1689 791 1770 περί
805 1685 890 1752 θεοῦ
904 1677 1032 1764 πάντες
1046 1687 1107 1768 μὲν
1120 1677 1401 1770 ύπολαμβάνομίν
1420 1709 1463 1766 τι,
1486 1685 1685 1764 ἐννοοῦντες

380 1775 479 1854 ἅτινα
501 1780 542 1872 δή
564 1809 651 1852 ποτε
671 1789 748 1870 περὶ
762 1777 879 1864 αύτοῦ,
901 1777 943 1851 ού
962 1776 1089 1862 πάντες
1117 1785 1152 1850 δὲ
1175 1773 1194 1853 ὅ
1216 1786 1288 1852 ἐστι
1309 1777 1458 1869 (σπάνιοι
1486 1779 1635 1870 γὰρκαὶ,
1658 1784 1686 1852 εί

377 1871 441 1962 χρή
469 1883 592 1966 λέγειν,
626 1887 699 1951 τῶν
729 1887 884 1952 σπανίων
913 1878 1143 1966 σπανιώτεροι
1173 1882 1205 1950 οί
1236 1879 1300 1968 τὴν
1329 1883 1367 1950 ἐν
1392 1885 1496 1951 πᾶσιν
1521 1875 1685 1968 ἀγιότητα

379 1974 696 2066 καταλαμβάνοντες
717 1975 852 2064 αὐτοῦ),
880 1973 1030 2067 εὐλόγως
1051 1975 1277 2066 διδασκόμεθα
1300 1978 1365 2068 τὴν
1390 1983 1429 2050 ἐν
1450 1975 1528 2068 ἡμῖν
1550 1979 1685 2050 ἔννοιαν

329 2089 362 2144 15
379 2079 456 2161 περὶ
477 2082 563 2147 θεοῦ
581 2073 681 2166 ἁγίαν
701 2084 865 2167 γενέσθαι,
888 2073 932 2147 ἵν’
953 2081 1078 2164 ἴδωμεν
1099 2072 1208 2149 αύτοῦ
1235 2076 1300 2166 τὴν
1321 2072 1486 2167 ἀγιότητα
1506 2087 1685 2166 κτίζοντος

380 2179 435 2242 καὶ
456 2183 694 2262 προνοοῦντος
714 2181 769 2247 καὶ
790 2184 971 2265 κρίνοντος
992 2182 1046 2246 καὶ
1062 2180 1357 2266 ίκλεγομίνουκαί
1379 2181 1685 2266 ἐγκαταλείποντσς

379 2265 630 2363 ἀποδεχομένου
644 2283 750 2346 τεκαὶ
766 2271 1065 2363 ἀποστρεφομένου
1080 2283 1135 2346 καί
1145 2282 1252 2364 γέρως
1262 2271 1442 2362 ἀξιοῦντος
1456 2283 1511 2346 καί
1525 2274 1684 2364 ιιολάζσν-

381 2397 440 2452 τος
461 2371 605 2446 ἕιιαστον
626 2373 714 2445 κατὰ
736 2373 801 2463 τήν
821 2371 926 2462 ἀξίαν.

463 2483 491 2544 3.
516 2479 554 2544 ἐν
569 2473 706 2556 τούτοις
719 2473 782 2562 γὰρ
796 2482 852 2543 καὶ
867 2489 940 2555 τοῖς
953 2481 1210 2562 παραπλησίοις,
1224 2469 1266 2543 ἵν’
1282 2466 1394 2558 οὕτως
1410 2479 1505 2558 εἴπω,
1522 2503 1686 2566 χαρακτη-

330 2586 364 2642 20
381 2576 508 2658 ρίζεται
526 2578 594 2645 ἰδία
612 2569 757 2662 ποιότης
771 2577 834 2643 τοῦ
850 2577 945 2656 θεοῦ,
966 2564 1086 2660 ἥντινα
1100 2580 1226 2660 νομίζω
1245 2569 1390 2663 ,ὄνομα
1409 2580 1516 2644 θεοῦ(
1531 2581 1686 2663 λέγεσθαι

380 2671 467 2742 κατὰ
489 2671 551 2757 τὰς
565 2671 705 2762 γραφὰς,
727 2677 764 2744 ἐν
779 2678 839 2762 μὲν
861 2678 903 2759 τῇ
917 2665 1053 2760 Ἐξόδφ·
1075 2666 1137 2756 ,ού
1159 2669 1251 2762 λήφη
1271 2668 1462 2763 τὸόνομα
1483 2680 1600 2763 κυρίου
1621 2680 1686 2746 τοῦ

380 2778 466 2844 θεοῦ
486 2795 548 2844 σου
568 2776 624 2845 ἐπὶ
644 2780 797 2864 ματαίῳίί
813 2776 850 2842 ίν
873 2778 908 2842 δὲ
930 2778 981 2861 τῷ
1003 2777 1269 2861 Δευτερονομίῳ·
1291 2771 1562 2862 ,προσδοκάσθω
1581 2779 1586 2862 Ι
1605 2771 1685 2845 οόσεί
1706 2787 1758 2843 237

380 2868 479 2954 ῦετός
504 2871 546 2945 τό
574 2869 781 2962 ἀπόφθεγμά
811 2899 890 2960 μου,
920 2866 1103 2957 καταβήτω
1134 2867 1213 2940 ώσεί
1241 2867 1361 2960 δρόσος
1383 2872 1426 2944 τὰ
1452 2870 1585 2963 ῥήματά
1610 2901 1684 2963 μου,

381 2969 460 3044 ῦσεί
482 2967 607 3063 ὄμβρος
628 2969 680 3044 ἐπ’
702 2966 872 3060 ἄγρωστιν
891 2976 947 3040 καὶ
977 2964 1057 3038 ιόσεὶ
1083 2967 1220 3056 νιφετός
1245 2975 1301 3042 ἐπὶ
1321 2968 1460 3060 χόρτον·
1483 2966 1538 3046 ὅτι
1560 2968 1685 3064 ὄνομα

330 3087 363 3142 20
380 3080 499 3158 κυρίου
519 3070 691 3154 ἐκόλεσα,“
726 3076 763 3141 ἐν
779 3076 814 3141 δὲ
834 3077 992 3158 ψαλμοῖς·
1016 3065 1291 3157 ,μνησθήσονται
1310 3077 1372 3142 τοῦ
1394 3067 1593 3163 ὀνόματός
1613 3097 1684 3146 σου

381 3176 417 3242 ἐν
436 3168 526 3260 πάση
542 3177 638 3264 γενεᾷ
657 3177 712 3240 καὶ
727 3174 852 3262 γενεᾷ.“
889 3161 907 3239 ό
923 3195 962 3239 τε
976 3165 1039 3256 γὰρ
1059 3167 1109 3250 οίς
1123 3167 1168 3256 μή
1183 3172 1235 3239 δεῖ
1247 3167 1449 3258 ἐφαρμόξων
1463 3171 1527 3263 τήν
1549 3175 1685 3245 ἔννοιαν

380 3277 443 3342 τοῦ
463 3277 548 3342 θεοῦ
570 3267 728 3357 λαμβάνει
750 3267 817 3353 ,τό
840 3259 966 3357 ὄνομα
987 3274 1103 3354 κυρίου
1123 3273 1186 3337 τοῦ
1207 3275 1312 3340 θεοῦ“
1325 3273 1400 3354 ,ἐπὶ
1418 3279 1584 3362 ματαίῳ,“
1605 3265 1624 3346 ὅ
1647 3301 1685 3343 τε

381 3367 563 3460 δυνάμενος
600 3364 884 3458 ἀποφθέγξασθαι
920 3363 1036 3449 ύετὸν,
1077 3383 1149 3448 τοῖς
1184 3362 1344 3439 ἀκούουσι
1380 3377 1605 3460 συνεργοῦντα
1641 3379 1683 3458 τή

464 3540 564 3610 avgl.
583 3541 643 3598 Act.
662 3541 702 3600 13,
720 3539 745 3594 9.
767 3567 800 3603 -ς
822 3525 922 3605 ssv'gl.
940 3535 1007 3589 Gen.
1028 3537 1066 3596 17,
1084 3539 1109 3592 5.
1131 3567 1164 3576 -
1191 3539 1205 3594 7
1230 3537 1501 3607 Vgl.Mark.3,16.
1529 3539 1591 3597 Joh.
1609 3545 1634 3606 1,
1651 3543 1685 3596 42

379 3625 488 3694 (Matth.
506 3627 547 3690 10,
565 3625 589 3679 2.
617 3625 717 3688 16,18.
741 3621 808 3676 Luk.
827 3623 851 3683 6,
870 3620 921 3689 14).
938 3650 972 3660 -
989 3618 1052 3688 Vgl.
1070 3623 1130 3674 Act.
1148 3620 1173 3684 9,
1190 3625 1214 3675 4.
1232 3623 1257 3676 5.
1285 3623 1325 3686 13,
1343 3624 1367 3677 9.
1385 3623 1453 3679 -8
1474 3623 1537 3694 Vgl.
1555 3625 1686 3696 Origenes

380 3727 401 3764 ο.
421 3710 489 3765 Cels.
507 3711 520 3763 I
538 3711 584 3773 21,
607 3707 671 3763 172
689 3707 716 3762 Ζ.
734 3705 794 3761 107.
818 3703 1684 3782 11175,12ωι.3.-107ρ1.11ιοι.3,14.-15731.

379 3795 461 3852 Hebr.
474 3795 515 3859 12,
529 3795 569 3849 10.
587 3823 621 3834 -
640 3793 675 3849 17
695 3791 757 3860 ng
775 3789 875 3844 Matth.
887 3791 928 3854 20,
940 3791 981 3844 46.
999 3818 1032 3827 -
1051 3787 1088 3844 21
1108 3787 1193 3843 Exod.
1206 3790 1247 3857 20,
1266 3794 1289 3845 7.
1308 3821 1341 3832 -
1358 3791 1398 3848 22
1416 3793 1494 3850 θεοῦ
1507 3796 1548 3858 32,
1566 3795 1591 3850 2.
1609 3795 1633 3849 3,
1651 3825 1684 3835 -

379 3880 419 3936 20
437 3879 510 3934 PsaL
527 3875 734 3945 44,18.-27
754 3871 1411 3944 7311201120,ι.-εε1ιρ1.1)ιιιι.32,2.

463 4013 535 4070 4-7
562 4029 608 4066 ιω
626 4009 706 4063 Βειιά
724 4007 854 4077 fulgendo
876 4005 1092 4074 Inhaltsangabo
1109 4007 1135 4074 (3
1153 4005 1253 4076 Ζοίίεο)
1272 4025 1325 4063 von
1343 4009 1364 4063 1.
1376 4009 1409 4065 H.
1428 4015 1465 4080 σῆ
1483 4014 1529 4066 δια
1550 4013 1580 4068 τί
1599 4016 1685 4068 υπολ-

378 4098 555 4167 λα<α>ίσεται
587 4097 645 4152 τισί
674 4089 710 4150 τὰ
738 4088 909 4162 ον<ό>ίματα
935 4082 1011 4146 κατὰ
1036 4084 1089 4159 τήν
1114 4092 1254 4162 .ι..[οια
1277 4093 1318 4147 las
1345 4093 1429 4159 fluet,
1461 4095 1584 4152 Gankoin
1610 4097 1685 4152 kann

378 4199 430 4236 nur
452 4183 504 4236 den
528 4180 644 4236 zweiten
661 4178 780 4244 Βιιοὶιεῦ,
804 4175 925 4230 οθωῦοα
944 4195 966 4242 ι,
983 4175 1136 4240 erkennem
1161 4171 1279 4247 γραφήν
1300 4177 1407 4234 soheint
1427 4179 1506 4237 nicht
1523 4183 1683 4253 dazustehn]

378 4267 401 4320 Τ
424 4268 428 4336 l
452 4269 471 4323 θ
498 4259 678 4327 ἀναλοίωτος
698 4261 721 4314 Τ
744 4263 748 4329 Ι
772 4256 804 4317 ἓν
830 4257 917 4330 ἐστιν]
944 4254 1056 4315 ἔνεστιν
1077 4260 1162 4315 Lond.
1186 4265 1191 4327 Ι
1216 4261 1255 4317 10
1283 4255 1328 4331 (ό)
1352 4257 1393 4317 ιῦν
1415 4265 1539 4322 schreibe
1562 4268 1605 4324 ich
1633 4269 1685 4323 mit

378 4351 461 4421 Angl.
479 4349 534 4418 (bei
551 4347 609 4402 Del.
627 4348 736 4416 19222)
753 4345 824 4400 nach
842 4343 929 4399 Exod.
946 4345 971 4406 3,
989 4345 1022 4398 14
1046 4345 1051 4412 Ι
1076 4345 1115 4400 13
1137 4349 1208 4400 πᾶσι
1225 4345 1340 4402 TLond.
1362 4351 1366 4416 Ι
1391 4339 1539 4421 ἁγιότητι]
1558 4347 1684 4424 ἰδιότητα

378 4435 454 4490 lesen
472 4435 550 4488 Bent.
568 4451 593 4486 u.
612 4432 671 4487 Del.
690 4431 781 4500 (1230
798 4434 879 4486 Διιω.
899 4429 926 4496 d)
945 4427 1017 4482 ohne
1035 4427 1130 4483 Grund
1150 4435 1153 4492 Ι
1175 4429 1214 4486 15
1243 4423 1327 4502 ἁγίαν
1352 4432 1500 4503 γενέσθαι,
1525 4429 1563 4489 ἵν’
1581 4433 1685 4506 ἴδοιμεν

379 4514 470 4574 αὐτοῦ
487 4512 540 4588 τήν
557 4511 705 4588 ἁγιότητα]
724 4508 788 4586 ῦγιῆ
804 4512 949 4585 γενέσθαι,
973 4505 1010 4566 ἂν
1027 4505 1132 4580 ἴδωμεν
1149 4507 1238 4570 αύτοῦ
1255 4510 1307 4584 τήν
1325 4511 1451 4587 ἰδιότητα
1468 4519 1544 4574 lesen
1562 4519 1639 4575 Beni.
1658 4539 1683 4574 ιι.

378 4605 438 4660 Del.
457 4605 479 4673 (Ι
500 4604 551 4658 236
568 4603 648 4655 Αυω.
667 4603 691 4670 ε)
719 4617 752 4654 zu
779 4599 940 4670 gewaltsam
965 4596 1021 4650 und
1047 4597 1164 4666 unnotig
1186 4601 1191 4665 Ι
1215 4592 1362 4671 ἁγιότητος]
1389 4595 1534 4673 ἂγνότητα
1561 4604 1620 4660 Del,
1646 4605 1683 4660 im

378 4689 448 4743 Text
462 4691 466 4757 Ι
482 4687 521 4744 23
542 4680 718 4758 ἐφαρμόζου
737 4683 797 4740 Del.
817 4676 996 4752 α’φαρμόζοιν
1013 4679 1186 4737 '1¹01.Lond.
