3780 5532
369 443 429 510 222
908 443 1134 498 ΩΡΙΓΕΝΟΥΣ

370 605 538 687 θέλοντος
558 599 719 694 ἡμᾶςκαὶ
740 605 821 690 τούς
847 598 1039 693 δαίμονας
1064 602 1318 694 θεραπεύειν,
1346 599 1402 678 ότι
1427 602 1496 695 σύγ
1519 603 1673 679 οἷόντε

372 700 616 784 .,δουλεύειν“
638 700 710 774 τὸν
734 700 858 777 αύτὸν
879 712 1039 776 πλείοσι
1064 709 1268 790 ,,κυρίοις.“
1310 711 1435 777 τοῦτο
1463 701 1506 791 δ’,
1535 703 1583 789 οός
1609 712 1671 778 00-

370 828 434 886 ται,
458 798 636 885 στάσεως
656 803 759 874 εἶναι
782 801 921 894 φωνὴν
937 811 1029 889 τῶν,
1057 801 1105 886 ιύς
1128 799 1232 887 αύτὸς
1254 799 1440 894 ὠνόμασεν,
1467 799 1671 895 άποτειχι-

370 895 528 986 ςόντιυν
559 901 724 984 ἑαυτούς
753 912 818 974 καὶ
849 900 1197 994 άπσῤῥηγνύντων
1223 899 1301 975 άπὸ
1328 911 1411 975 τῶν
1432 911 1587 976 λοιπῶν
1608 902 1670 978 άν-

335 999 555 1086 5θρτόποον.
597 1009 723 1091 νομίζει
745 1007 782 1072 δὲ
809 1001 905 1087 Ιτούς
937 1009 1062 1075 τοῦτο
1093 1009 1288 1090 λέγοντας
1315 1001 1360 1074 τὸ
1387 997 1483 1077 ὅσον
1505 1001 1562 1092 ἐφ’
1586 1007 1669 1076 ἑαυ-

369 1117 455 1182 τοῖς
485 1095 794 1190 ἀπομάττεσθαι
824 1099 869 1173 τὸ
899 1109 1098 1191 σφέτερον
1126 1099 1260 1184 πάθος
1291 1109 1346 1188 είς
1373 1101 1445 1175 τὸν
1467 1101 1575 1176 θεόν.
1617 1104 1670 1177 διὸ

367 1205 433 1269 καί
463 1203 526 1270 ἐπὶ
555 1206 626 1289 μὲν
655 1198 888 1290 ἀνθρώπων
913 1202 1047 1291 χώραν
1073 1204 1178 1290 ἔχειν
1201 1205 1308 1273 οἴεται
1329 1199 1401 1273 τὸν
1422 1202 1670 1277 δουλεύοντά

367 1327 448 1370 τινι
483 1297 533 1390 μὴ
570 1293 616 1371 60
646 1295 824 1420 εὐλόγως
852 1307 916 1373 καὶ
946 1298 1091 1391 άλλῳ,
1093 1301 1340 1385 ,δουλεύειν“
1367 1297 1587 1391 άνθριύπῳ,
1617 1301 1670 1385 σός

367 1405 649 1488 βλαπτομένου
680 1406 753 1472 τοῦ
781 1396 967 1488 ἓτέρου’
946 1399 1022 1472 απὸ
1044 1407 1115 1490 τῆς
1137 1397 1335 1490 διαφόρου
1356 1405 1552 1486 δουλείας,
1573 1409 1669 1492 μηδὲ

318 1495 439 1569 λθτὸν
470 1494 687 1584 φθάσαντα
716 1505 1046 1588 ουνομοομοκέναι
1077 1507 1157 1571 τινὶ
1188 1496 1427 1589 συνομνύειν
1452 1506 1517 1570 καὶ
1544 1501 1668 1592 ἑτέρῳ

367 1593 421 1680 ὥς
446 1593 697 1685 βλάπτοντα,
721 1603 826 1688 (καὶ)
848 1595 970 1687 λόγον
995 1598 1162 1687 ἔχειν
1121 1629 1167 1672 το
1188 1597 1237 1690 μὴ
1259 1591 1511 1670 δουλεύειν”’
1490 1627 1566 1687 αμα
1587 1606 1668 1672 δια-

367 1694 514 1818 φόροις
541 1689 668 1786 ἥρωσι
698 1705 762 1768 καὶ
793 1717 878 1782 τοῖς
909 1700 1119 1782 τοιούτοις
1150 1703 1350 1819 δαίμρσιν·
1388 1702 1452 1768 ἐπὶ
1485 1705 1525 1771 δὲ
1554 1708 1667 1785 θεοῦ,

366 1794 464 1916 πρὸς
494 1791 541 1868 όν
571 1791 667 1868 ούτε
694 1795 816 1887 βλάβη
847 1827 908 1881 τις
937 1794 1032 1869 ούτε
1054 1796 1158 1888 λύπη
1182 1795 1343 1886 φθάνει,
1370 1792 1520 1886 άλογον
1542 1808 1668 1889 νομίζει

366 1893 412 1966 τὸ
447 1892 724 1983 φυλάττεσθαι
751 1892 898 1987 ὁμοίως
929 1915 1016 1980 τοῖς
1044 1904 1134 1985 περὶ
1168 1894 1401 1986 άνθριόπων
1428 1901 1493 1966 καί
1524 1891 1667 1986 ἡρώων

315 2011 348 2066 15
364 2002 429 2066 καὶ
456 2000 627 2116 τριῶνδε
652 1997 859 2085 δαιμόνων
885 1994 1129 2086 θεραπεύειν
1153 1997 1274 2080 θεούς
1295 2003 1493 2079 πλείονας.
1529 2005 1611 2088 φησὶ
1632 2004 1668 2070 δὲ

365 2102 420 2165 καὶ
453 2094 526 2166 τὸν
555 2095 840 2183 θεραπεύοντα
874 2095 994 2180 θεούς
1022 2103 1215 2180 πλείονας
1248 2103 1304 2186 τῷ
1336 2097 1376 2166 ἓν
1356 2123 1448 2166 ντι
1479 2101 1562 2168 τῶν
1597 2105 1668 2168 τοῦ

364 2191 538 2285 μεγάλου
568 2193 812 2318 θεραπεύειν
844 2203 964 2283 φίλον
988 2201 1053 2267 καλ
1076 2194 1275 2286 ἐντούτῳ
1298 2199 1437 2283 ἐκείνῳ
1459 2213 1591 2265 ποιεῖν
1611 2203 1667 2266 καὶ

363 2287 638 2384 προοτίθησιν”
619 2322 674 2364 οτι
703 2289 786 2366 066’
817 2297 945 2381 ἔξεστι
974 2300 1168 2384 τιμᾶσθαί
1196 2322 1277 2366 τινι
1307 2285 1336 2385 6
1365 2292 1413 2384 μὴ
1442 2296 1482 2380 ἐξ
1510 2295 1668 2367 ἐκείνου

365 2421 488 2465 τουτο
511 2397 681 2465 δέδοται.
723 2391 830 2466 διατι
852 2421 980 2483 τιμων
1004 2423 1063 2478 τις
1083 2401 1147 2465 καί
1169 2400 1307 2484 σέβων
1330 2399 1425 2481 φησὶ,
1453 2419 1548 2476 τους
1568 2397 1666 2466 ὲκεί-

312 2505 346 2562 20
364 2521 435 2566 νου
455 2490 610 2575 πάντας
632 2489 678 2564 06
698 2505 817 2565 λυπεῖ
836 2491 909 2564 τὸν
931 2485 1108 2578 θεὸν,οὖ
1130 2491 1280 2576 πάντες
1301 2498 1410 2564 εἰσίν.

445 2613 500 2679 ΙΠ.
530 2603 668 2698 Ἰδιομεν
696 2606 737 2698 δὴ
766 2609 833 2698 πρὸ
863 2615 937 2681 τῶν
963 2611 1038 2701 ἑξῆς
1058 2616 1088 2682 εί
1107 2609 1153 2702 μὴ
1174 2607 1324 2732 εύλόγορς
1345 2605 1640 2732 ἀποδεχόμεθα
1603 2639 1668 2701 την

364 2703 492 2794 ,ούδελς
513 2705 657 2780 δύναται
679 2712 752 2780 δυσί
773 2717 928 2799 κυρίοις
951 2708 1186 2831 δουλεύειν(
1209 2708 1342 2799 φωνὴν,
1364 2737 1384 2796 ρ
1371 2699 1660 2800 ἐπιφέρεται
1625 2741 1666 2783 το

362 2802 404 2899 „6
433 2805 510 2927 γάρ.
526 2807 590 2878 τὸν
618 2808 677 2879 ἕνα
698 2806 827 2899 μισήσει
848 2819 905 2881 καὶ
926 2808 990 2882 τόν
1012 2806 1170 2900 ἕτερον’
1150 2806 1326 2900 αγαπὴσει,
1347 2801 1369 2896 6
1391 2808 1466 2890 ἑνός
1487 2805 1667 2896 ἀνθέξεται

361 2915 417 2980 καὶ
446 2913 510 2979 τοῦ
537 2907 653 2996 ἑτέρου
673 2905 952 3000 καταφρονήσει,“
973 2917 1038 2980 καὶ·
1051 2909 1126 3000 ἑξῆς
1148 2905 1242 3000 αύτῷ
1265 2909 1307 2980 τὸ
1328 2935 1390 2993 „00
1382 2902 1562 2978 ’δύνασθε
1583 2915 1664 2998 θεῷ

362 3137 440 3180 τινα
462 3112 517 3178 καί
540 3101 739 3196 ἀπόρρητον
759 3117 836 3196 περὶ
861 3113 971 3179 θεῶν
997 3115 1052 3179 καὶ
1073 3113 1226 3198 κυρίων
1248 3105 1362 3197 λόγον.
1403 3110 1580 3178 ἐπίσταται
1602 3106 1664 3198 γάρ

361 3204 382 3298 6
404 3211 483 3278 θεία
504 3204 617 3296 γραφὴ
639 3204 703 3277 τὸν
724 3213 828 3296 μέγαν
849 3208 933 3278 εἶναι
953 3205 1096 3296 κύριον
1116 3205 1208 3296 παρά
1227 3203 1380 3292 ,πάντας
1401 3203 1484 3289 τούς
1505 3204 1664 3288 θεούςίί·

360 3311 397 3378 ἐν
427 3306 477 3388 οἷς
498 3305 658 3390 ,,θεούς“
680 3301 722 3377 06
750 3303 830 3388 τούς
857 3313 1172 3395 προσκυνουμένους
1198 3310 1235 3378 ἐν
1258 3324 1330 3389 τοις
1352 3307 1485 3376 ἔθνεσιν
1507 3303 1664 3390 ἐξακούο-

360 3435 429 3497 μεν,
466 3399 528 3477 άτε
556 3400 728 3492 μαθόντες
758 3397 812 3475 ότι
842 3402 989 3490 ,πάντες
1019 3409 1052 3477 ολ
1082 3413 1171 3478 θεοί
1202 3413 1274 3476 τῶν
1300 3409 1416 3476 ἐθνῶν
1443 3402 1663 3493 δαιμόνια,“

444 3641 461 3696 ε
484 3638 547 3709 vgl.
565 3639 665 3694 Matth.
683 3641 714 3704 6,
732 3639 774 3696 ιι.
807 3639 874 3694 σοι.
894 3643 938 3705 10,
957 3643 997 3698 13.
1015 3671 1050 3682 -
1068 3641 1107 3698 τε
1130 3641 1228 3696 αισα.
1246 3641 1275 3706 0,
1293 3641 1334 3696 24.
1366 3637 1435 3694 οισι.
1454 3639 1494 3704 10,
1512 3641 1552 3695 13.
1571 3669 1605 3680 -
1623 3641 1660 3697 ει

358 3725 422 3797 vgl.
440 3725 512 3782 1220.
530 3726 572 3789 00,
590 3726 614 3780 ε.
631 3753 665 3764 -
683 3724 723 3780 00
742 3723 815 3781 νεα.
833 3726 873 3790 95,
891 3727 916 3781 0.

444 3927 460 3982 1
486 3919 547 3994 οὐχ]
567 3917 620 3979 ούιι
636 3923 695 3979 Del.
712 3923 748 3992 18
766 3917 802 3978 ἂν
819 3917 946 3994 εὐλόγως
963 3925 1011 3980 Βο.
1031 3925 1128 3995 (Notae
1139 3943 1165 3996 p.
1176 3925 1237 3994 404)
1255 3924 1315 3980 Del.
1332 3916 1496 3992 όνευλόγυς
1511 3923 1659 3994 ΔΗό.8ρ.γ

360 4012 396 4069 11
418 4011 496 4080 (καλ)
515 4009 579 4079 fflge
601 4009 646 4062 ich
664 4007 718 4073 ein,
735 4024 782 4060 um
801 4007 846 4062 die
863 4007 1102 4080 SatzverbIndung
1120 4009 1256 4064 zwisehen
1278 4008 1326 4064 der
1343 4007 1512 4078 Erbrterung
1533 4008 1602 4063 fiber
1618 4009 1663 4064 δίε

358 4090 511 4167 ἄνθρωποι
533 4093 590 4148 und
613 4092 771 4162 derjenigen
793 4091 860 4147 fiber
877 4093 921 4148 die
939 4085 1031 4166 ἥρωες
1049 4093 1242 4158 herzustellen;
1269 4093 1323 4163 vg‘l.
1341 4096 1426 4147 unten
1443 4091 1508 4146 VIII
1527 4095 1550 4156 7,
1568 4093 1594 4147 S.
1611 4095 1662 4149 626

357 4181 384 4235 Ζ.
403 4183 420 4236 5
443 4179 448 4250 Ι
471 4173 510 4249 μῆ
528 4176 769 4246 <J011>01.118
787 4172 891 4248 φθάνει
908 4179 1031 4234 schreibe
1048 4178 1105 4244 ich,
1124 4173 1221 4248 φθάνῃ
1239 4179 1286 4232 Βο.
1305 4177 1402 4246 (Notae
1419 4195 1444 4248 p.
1456 4177 1518 4245 404)
1535 4195 1561 4232 ο.
1579 4177 1662 4233 Guiet

357 4265 411 4335 (bei
429 4263 489 4319 Del.
508 4265 521 4318 Ι
539 4265 589 4318 745
607 4267 688 4317 Anm.
706 4262 746 4328 δ);
770 4267 848 4331 φανῇ
865 4266 967 4332 Ausgg.
986 4269 1070 4334 φανῇ,
1089 4263 1159 4318 doch
1178 4283 1195 4333 ιγ
1212 4263 1240 4316 in
1258 4261 1407 4322 Correctur.
1425 4262 1524 4331 4115
1542 4264 1662 4318 τοιῶνδε

357 4345 510 4418 δαιμόνων]
535 4351 625 4404 τοιῶν
643 4343 788 4414 δαιμόνων
805 4347 829 4399 Δ
845 4349 849 4416 Ι
866 4347 905 4403 10
927 4352 968 4423 τῷ
991 4343 1022 4404 ἓν
1040 4367 1068 4403 τι
1086 4350 1180 4403 10011·
1190 4347 1307 4403 solm-
1320 4351 1422 4416 Ausgg.
1440 4353 1500 4402 τῶν
1517 4363 1549 4403 εν
1565 4365 1592 4400 τι
1612 4347 1659 4417 [00]

356 4437 381 4489 A
408 4437 411 4503 Ι
436 4437 475 4491 1θ
494 4430 613 4503 ἐκείνου]
631 4433 643 4486 ί
658 4450 706 4486 aus
724 4438 819 4485 toorr.
840 4433 864 4485 A
884 4433 888 4500 ί
908 4431 948 4488 28
965 4426 1090 4504 μισήσει]
1108 4434 1157 4488 das
1174 4436 1245 4488 ειείε
1264 4455 1273 4488 ι
1290 4437 1369 4487 unter
1386 4433 1475 4486 einem
1491 4431 1660 4486 ‘I'intenfleok

356 4517 574 4575 versohwunden
591 4521 615 4572 A
631 4517 635 4585 Ι
650 4510 702 4572 τόν
720 4517 779 4586 (vor
797 4510 915 4588 &5900ss
934 4535 967 4573 το
987 4519 1191 4588 ausgebroohen
1209 4517 1308 4587 4124
1327 4511 1404 4572 αύιαι
1423 4515 1470 4585 [ευ]
1489 4517 1587 4586 11125
1606 4535 1660 4584 μα·

355 4609 439 4672 μωνᾶ
456 4607 480 4658 A
499 4603 656 4678 Μαμμοννᾷ
673 4601 780 4672 Sp.1)el.
