3772 5526
636 494 737 548 ΚΑΤΑ
756 491 916 548 ΚΚΔΣΟΥ
939 493 964 550 V
985 493 1008 548 1.
1027 493 1051 548 2.
1069 493 1093 547 3.
1515 499 1533 560 3

228 655 349 740 εἰκὸς,
379 656 473 739 τοῦς
500 662 698 750 δαίμονας.
738 653 825 744 πρὸς
851 661 961 726 ταῦτα
987 659 1024 725 &A
1051 659 1318 742 παλιλλογοῦντι
1340 660 1392 744 τῷ
1415 659 1533 744 Κέλσῳ

229 751 405 844 (ἀνωτέρω
436 753 499 844 γάρ
532 749 595 844 ἤδη
624 751 790 837 πολλάκις
821 749 918 826 ταῦτ’
946 749 1043 843 αάτῷ
1069 758 1234 842 λέλεκται)
1264 749 1327 824 οάκ
1351 749 1536 842 ἀναγκαῖον

228 859 284 926 ἐπὶ
314 863 431 926 πλεῖον
463 859 692 943 διαλεχθῆναι·
719 850 850 942 ἀρκέσει
880 852 942 942 γὰρ
969 853 1012 924 τὰ
1038 855 1084 936 εἰς
1116 848 1217 924 τοῦθ’
1240 848 1318 942 ἡμῖν
1348 858 1536 942 λελεγμένα.

142 964 209 1021 116ν
228 949 324 1042 όλλγα
351 949 380 1024 ἀ
404 950 471 1024 ἀπό
494 953 677 1038 πλειόνων,
700 947 720 1023 ἀ
742 959 908 1040 δοκοῦμεν
930 954 1014 1022 εἶναι
1035 949 1225 1044 συνᾴδοντα
1248 959 1310 1039 μὲν
1331 959 1336 1038 Ι
1360 971 1433 1035 τοῖς
1453 980 1535 1040 προ·

195 1058 414 1142 σειρημένοις
435 1049 476 1124 οῦ
498 1052 560 1125 τόν
582 1051 689 1124 αὐτόν
711 1058 746 1124 δὲ
767 1049 882 1140 πάντη
904 1056 1043 1134 ἐκείνοις
1058 1053 1179 1139 ἔχοντα
1198 1058 1290 1137 νοῦν,
1305 1049 1536 1141 ἐκθησόμεθα·

229 1157 266 1224 έν
294 1151 344 1234 οἷς
374 1149 631 1242 παραστήσομεν
664 1145 720 1223 ότι
745 1159 941 1234 καθολικῶς
971 1147 1235 1240 ἀποφηνάμενος
1264 1149 1365 1222 θεὸν
1394 1148 1537 1224 ου’δένα

229 1249 315 1340 πρὸς
342 1247 551 1341 ἀνθρώπους
581 1256 901 1340 κατεληλυθέναι
932 1244 951 1317 ἀ
983 1255 1083 1321 θεοῦ
1111 1256 1232 1320 παῖδα
1258 1247 1389 1339 ἀναιρεῖ
1410 1260 1467 1324 καὶ
1493 1251 1536 1324 τά

230 1346 298 1422 ῦπό
329 1358 402 1422 τῶν
428 1358 570 1422 πολλῶν
596 1357 674 1440 περὶ
702 1356 786 1422 θεοῦ
815 1354 1011 1437 ἐπιφανείας
1038 1345 1243 1437 δοξαζόμενα
1269 1356 1325 1421 καὶ
1346 1347 1404 1421 ἀπ’
1433 1348 1538 1424 αὐτοῦ

230 1454 267 1521 ἐν
289 1467 362 1531 τοῖς
384 1445 547 1539 ἀνωτέρω
568 1455 802 1540 προειρημένα.
844 1452 871 1520 εἰ
892 1447 955 1537 γάρ
977 1445 1143 1519 καθόλου
1160 1455 1360 1538 λελεγμένον
1381 1449 1423 1522 τό
1444 1450 1538 1534 θεὸς

182 1558 215 1613 10
231 1556 294 1620 καὶ
325 1555 424 1618 θεοῦ
458 1567 551 1631 παῖς
587 1545 716 1632 οὐδεὶς
752 1554 958 1638 κατῆλθεν
989 1544 1066 1619 οὐδὲ
1096 1553 1291 1620 κατέλθοι
1318 1545 1460 1640 ἀληθῶς
1486 1558 1536 1640 τῷ

236 1654 354 1736 Κέλσῳ
378 1651 521 1735 εἴρηται,
544 1644 707 1737 δηλονότι
727 1643 891 1736 ἀνῄρηται
912 1644 954 1718 τό
982 1648 1067 1718 εἶναι
1089 1647 1210 1730 θεοὺς
1232 1651 1287 1718 ἐπὶ
1309 1655 1378 1738 γῆς,
1400 1659 1539 1721 κατελ-

232 1744 383 1828 θόντας
411 1751 447 1830 ἐξ
472 1742 632 1833 οῦρανοῦ,
661 1750 715 1816 ἵνα
740 1739 818 1836 ἤτοι
843 1744 1100 1834 μαντεόσωνται
1121 1765 1194 1829 τοῖς
1216 1743 1418 1836 ἀνθρώποις
1440 1743 1461 1836 ἢ
1484 1748 1539 1820 διὰ

232 1851 389 1934 χρησμῶν
411 1842 653 1931 θεραπεῦσωσι,
674 1849 731 1914 καὶ
753 1838 834 1914 οὔτε
856 1838 1021 1926 όΠῦθιος
1041 1839 1115 1914 οὔτ’
1135 1841 1333 1934 Ἀσκληπιός
1347 1841 1422 1918 οὔτ’
1437 1842 1540 1930 ἀλλος

234 1973 286 2026 τις
308 1950 381 2015 τῶν
402 1948 652 2032 νενομισμένων
674 1941 717 2012 τά
739 1947 880 2013 τοιαῦτα
901 1959 1013 2012 ποιεῖν
1033 1940 1128 2025 θεός
1158 1938 1200 2014 ἀν
1231 1947 1280 2033 εἴη
1307 1947 1480 2030 καταβὰς
1507 1951 1542 2032 ἐξ

184 2053 217 2106 15
236 2039 394 2133 οῦρανοῦ,
416 2037 438 2130 ἢ
460 2040 555 2124 θεὸς
580 2048 650 2130 μὲν
671 2046 721 2131 εἴη
744 2035 786 2112 ἀν
808 2037 916 2112 ἀεὶδὲ
938 2039 1053 2128 λαγῶν
1074 2045 1178 2112 οἰκεῖν
1200 2042 1265 2132 τὴν
1287 2049 1351 2132 γῆν
1365 2051 1421 2113 καὶ
1436 2041 1542 2114 ῶσπε-

235 2149 283 2231 ρεὶ
307 2141 414 2231 φυγὰς
437 2147 500 2212 τοῦ
521 2137 632 2212 τόπου
651 2145 655 2229 Ι
673 2149 748 2213 τῶν
773 2148 894 2225 θεῶν,
917 2134 937 2228 ἦ
964 2169 1016 2222 τις
1038 2147 1112 2212 τῶν
1137 2139 1181 2230 μὴ
1209 2144 1363 2228 ἐξουσίαν
1389 2139 1542 2231 ἐχόντων
1561 2156 1614 2211 579

234 2259 414 2313 κοινωνεῖν
439 2258 512 2324 τοῖς
538 2245 607 2311 ἐκεῖ
630 2247 738 2323 θείοις
765 2244 814 2329 εἴη
842 2234 898 2324 ἀν,
926 2235 948 2327 ἢ
972 2236 1013 2310 ου’
1037 2245 1127 2310 θεοὶ
1149 2242 1215 2311 εἷεν
1242 2235 1460 2312 όἈπόλλων
1487 2248 1542 2312 καὶ

236 2336 474 2429 όἈσκληπιός
504 2347 558 2410 καὶ
590 2333 664 2413 όσοι
695 2344 750 2410 ἐπὶ
780 2345 841 2428 γῆς
866 2368 901 2410 τι
926 2357 1038 2409 ποιεῖν
1062 2344 1320 2428 πεπιστευμένοι
1347 2347 1429 2413 εἰσὶν
1456 2338 1543 2414 ἀλλά

236 2468 325 2523 τινες
352 2445 551 2527 δαίμονες,
576 2447 649 2511 τῶν
675 2443 713 2510 ἐν
738 2434 938 2527 ἀνθρώποις
959 2445 1079 2525 σοφῶν
1104 2442 1160 2506 καὶ
1186 2441 1242 2508 ἐπὶ
1268 2437 1333 2527 τὴν
1355 2436 1459 2526 ἀφῖόα
1481 2447 1544 2512 τοῦ

185 2555 220 2610 20
236 2535 384 2628 οῦρανοῦ
406 2538 459 2609 διὰ
482 2537 546 2628 τὴν
567 2535 693 2628 ἀρετὴν
714 2533 973 2622 ἀναβαινόντων
993 2543 1114 2626 πολλῶ
1136 2542 1276 2625 χείρους.

319 2642 374 2709 ΠΙ.
385 2631 466 2727 Ὅρα
481 2637 521 2728 δὴ
538 2632 592 2710 ότι
602 2634 806 2724 βουλόμενος
821 2636 864 2708 τόι
874 2633 1020 2726 ἡμέτερα
1035 2633 1167 2708 ἀνελεῖν
1182 2631 1201 2708 ό
1215 2636 1260 2726 μὴ
1277 2631 1487 2728 ὁμολογήσας
1502 2635 1542 2710 δι’

239 2732 323 2810 όλου
346 2744 410 2809 τοῦ
431 2735 688 2828 συγγράμματος
701 2734 927 2825 Ἐπικούρειος
950 2737 1035 2808 εἶναι
1053 2735 1141 2827 πρὸς
1155 2733 1219 2806 τόν
1231 2731 1430 2828 Ἐπίκουρον
1444 2735 1544 2810 οῦτο-

237 2845 356 2927 μολῶν
383 2842 558 2927 ἐλέγχεται.
603 2832 676 2926 ῶρα
703 2833 743 2926 δή
767 2860 821 2908 σοι
847 2841 900 2925 τῷ
922 2833 1163 2924 ἐντυγχάνοντι
1185 2854 1257 2920 τοῖς
1279 2843 1410 2908 Κέλσου
1431 2835 1546 2928 λόγοις

238 2945 294 3008 καὶ
316 2943 634 3028 συγκατατιθεμένῳ
661 2953 734 3018 τοῖς
759 2940 993 3024 προκειμένοις
1018 2929 1099 3023 ἤτοι
1120 2932 1272 3026 ἀναιρεῖν
1294 2934 1335 3008 τὸ
1356 2935 1454 3010 θεὸν
1476 2942 1545 3009 ἐπι-

188 3055 221 3109 25
240 3043 363 3126 ὁημεῖν,
378 3036 638 3126 προνοούμενον
652 3032 853 3124 ἀνθρώπων
868 3041 941 3105 τῶν
959 3030 1038 3104 καθ’
1056 3036 1123 3119 ἐνα,
1139 3029 1159 3125 ἢ
1175 3041 1309 3107 τιθέντι
1324 3034 1365 3107 τό
1385 3043 1546 3109 τοιοῦτον

237 3142 457 3225 φευδοποιεῖν
472 3133 536 3206 τόν
551 3139 682 3206 Κέλσου
697 3131 810 3222 λόγον.
834 3136 862 3203 εἰ
882 3138 943 3224 μὲν
964 3124 1028 3203 οὖν
1041 3130 1155 3222 πάντη
1173 3131 1372 3225 πρόνοιαν
1392 3133 1546 3235 ἀναιρεῖς,

239 3233 498 3326 φευόοποιὴσεις
511 3231 618 3306 αῦτοῦ
632 3234 714 3317 τούς
728 3231 860 3322 λόγους,
882 3236 920 3302 ἐν
935 3231 987 3316 οἶς
1002 3241 1118 3324 τίθησι
1132 3234 1251 3318 θεοὺς
1265 3241 1321 3306 καὶ
1334 3234 1546 3324 πρόνοιαν,

241 3339 296 3405 ἵνα
318 3342 427 3407 ταῦτα
450 3332 558 3424 φήσης
580 3335 664 3405 εἶναι
690 3329 817 3423 ἀληθῆ·
843 3337 872 3404 εἰ
898 3337 934 3402 δέ
960 3340 1062 3422 τίθης
1084 3330 1183 3405 οῦδὲν
1204 3325 1313 3424 ἦττον
1333 3332 1547 3424 πρόνοιαν,

242 3431 290 3518 ῶς
320 3431 361 3507 οῦ
392 3439 720 3524 συγκατατιθέμενος
755 3439 870 3522 Κέλσῳ
901 3437 1036 3521 λέγοντι
1064 3430 1160 3522 μήτε
1189 3432 1290 3505 θεὸν
1321 3431 1419 3524 μήτε
1450 3443 1548 3507 θεοῦ

190 3547 224 3603 30
241 3538 364 3606 παῖδα
390 3538 711 3623 κατεληλυθέναι
737 3525 759 3622 ἢ
784 3537 1046 3621 κατέρχεσθαι
1071 3531 1157 3621 πρὸς
1183 3529 1407 3621 ἀνθρώπους,
1434 3535 1488 3606 διὰ
1515 3544 1549 3607 τί

244 3631 316 3723 οάχὶ
337 3637 504 3722 ἐπιμελῶς
525 3628 691 3716 ἐξετάσεις
711 3633 748 3701 ἐκ
769 3637 843 3702 τῶν
864 3637 942 3720 περὶ
962 3627 1067 3721 Ἰησοῦ
1084 3628 1162 3721 ἡμῖν
1177 3638 1385 3720 λελεγμένων
1404 3641 1459 3704 καὶ
1475 3642 1548 3707 τῶν

243 3741 318 3824 περὶ
343 3730 449 3804 αῦτοῦ
472 3736 795 3822 προφητευομένων,
825 3737 903 3802 τὶνα
932 3737 1062 3818 μᾶλλον
1088 3729 1151 3820 χρὴ
1182 3740 1328 3820 νομίζειν
1356 3732 1454 3806 θεὸν
1482 3740 1548 3806 καὶ

243 3839 339 3906 θεοῦ
360 3836 481 3903 παῖδα
509 3834 833 3920 κατεληλυθέναι
854 3827 940 3919 πρὸς
963 3827 1181 3920 ἀνθρώπους,
1206 3830 1269 3904 τόν
1292 3839 1442 3905 τοσαῦτα
1462 3841 1550 3907 οἰκο-

329 4044 347 4099 2
365 4042 428 4112 Vgl.
446 4041 518 4096 oben
535 4041 573 4095 IV
594 4043 617 4097 2.
635 4043 660 4096 3.
678 4044 702 4097 5.
720 4043 744 4098 6.
764 4044 786 4096 7.
807 4041 847 4096 10.
866 4043 906 4096 14.
925 4043 965 4098 18.
983 4043 1092 4098 20-23.
1109 4044 1195 4099 -11
1215 4042 1278 4112 Vgl.
1297 4043 1367 4098 oben
1385 4045 1551 4102 Π122-25.

245 4159 278 4170 -
297 4129 334 4185 27
355 4127 417 4197 Vgl.
432 4126 503 4182 oben
520 4125 583 4181 157
605 4144 631 4180 ε.
649 4128 681 4182 A.
699 4126 737 4180 lV
754 4129 771 4180 4
789 4143 813 4182 υ.
831 4127 863 4180 A.
880 4126 914 4181 99
932 4143 956 4180 ε.
973 4128 1015 4193 Α.,
1032 4128 1118 4181 unten
1136 4127 1279 4183 71168α.
1297 4129 1330 4181 A.

461 4265 462 4270 ’
817 4257 829 4299 λ

333 4314 350 4369 1
374 4313 596 4382 παλιλλογοῦιαι
620 4310 757 4380 ΜΑοεςς.
775 4313 980 4381 καλῖλογοῦντι
992 4310 1079 4380 [εο]Α
1102 4311 1107 4379 Ι
1133 4311 1168 4366 13
1188 4305 1392 4380 θεραπεύουσι
1411 4313 1551 4384 MAusgg.

247 4392 431 4470 θεραπεύωσι
448 4397 493 4464 Al
514 4396 552 4452 15
570 4392 624 4463 μέν
642 4389 684 4466 εἴη
702 4387 738 4450 ἀν
756 4400 780 4450 A
798 4394 852 4465 μὲν
869 4389 905 4450 ἀν
923 4389 966 4465 εἴη
983 4395 1012 4448 Μ
1031 4395 1132 4465 Ausgg.
1147 4397 1152 4462 Ι
1171 4397 1205 4452 17
1223 4389 1288 4464 εἷεν]
1306 4395 1342 4450 ob
1360 4389 1418 4452 εἶεν
1435 4393 1523 4468 <ἀν>7
1548 4404 1549 4413 ’

250 4483 287 4540 19
314 4477 402 4552 ἀτμίδα
420 4483 445 4535 A
468 4483 473 4550 l
497 4480 536 4536 28
555 4477 656 4552 φὴσρς]
680 4475 781 4550 φήσεις
798 4483 823 4533 A
846 4481 851 4544 1
875 4479 915 4534 29
932 4473 1004 4547 μήτε
1030 4480 1088 4549 (vor
1105 4473 1196 4549 θεόνλ]
1215 4497 1232 4550 η
1250 4480 1399 4548 erloechen,
1425 4485 1497 4538 Acut
1514 4502 1552 4538 er·

248 4567 373 4622 kennbar
392 4565 488 4634 1132
507 4563 629 4635 μᾶλλον]
648 4583 667 4620 α
685 4563 898 4633 ausgebroehen,
917 4562 1157 4618 dochciroumflex
1169 4565 1327 4620 erhaltenA
1347 4567 1351 4635 Ι
1369 4567 1554 4638 θθτοσαῦτιι]

249 4671 265 4706 ν
283 4649 455 4720 αοςεῶεῦεο,
474 4649 544 4704 doch
562 4649 723 4703 Circumflex
741 4647 865 4702 erhalten
882 4648 914 4700 A.

1321 4734 1352 4788 1*
