3758 5564
524 529 618 584 σενι
636 529 773 586 maz
796 527 847 600 οι,
864 529 889 584 ε.
907 531 931 585 ι.
959 527 1010 584 τε.
1036 526 1087 599 οι,
1106 529 1129 583 1.
1147 525 1173 582 2.
1428 531 1487 592 σοι

190 684 338 777 ούρανόν
369 685 452 779 ὅφιν
483 694 569 780 ἔχειν
594 720 628 762 τι
658 698 789 780 μᾶλλον
818 689 1097 781 προκαλούμενον
1122 684 1174 776 ἐφ’
1198 686 1322 778 ἑαυτὴν
1349 693 1410 776 τῆς
1435 691 1491 760 έπί

191 785 255 858 τόν
277 806 393 877 τοῖχον
413 793 626 879 έπιβλέφεως,
650 797 678 862 εί
699 791 833 880 τύχοιεν
852 789 898 880 μὴ
920 785 1128 880 διανεῳγότα
1149 795 1212 859 τοῦ
1231 790 1327 859 οίκου
1344 786 1387 859 τά
1404 786 1492 877 πρὸς

190 882 373 973 άνατολάς,
405 896 547 962 λεκτέον
572 889 659 980 πρός
688 886 795 962 αύτόν
826 884 882 962 ότι
907 895 1001 960 θέσει
1026 895 1100 961 τῶν
1126 883 1409 976 οἰκοδομημάτων
1435 882 1491 958 άν-

188 987 349 1076 θρεύπων
369 988 464 1061 κατά·
479 988 560 1062 τάδε
581 991 624 1062 τά
644 997 789 1080 κλίματα
810 984 831 1081 ἢ
853 986 933 1062 τάδε
953 994 1224 1078 διανοιγομένων,
1241 984 1337 1074 φύσει
1352 992 1388 1057 δὲ
1405 994 1409 1073 Ι
1430 991 1491 1076 τῆς
1509 999 1558 1053 271

155 1081 361 1178 θάνατολῆς
383 1095 458 1160 τῶν
480 1097 614 1162 λοιπῶν
634 1094 899 1180 προκεκριμένης
919 1085 1105 1179 κλιμάτων,
1132 1086 1174 1160 τό
1197 1084 1294 1176 φύσει
1315 1091 1378 1158 τοῦ
1399 1089 1492 1156 θέσει

189 1192 415 1274 προτακτέον.
458 1185 546 1261 άλλά
571 1195 625 1260 καί
655 1183 674 1260 ὁ
696 1193 733 1261 έν
753 1194 860 1278 πεδίῳ
884 1183 1047 1275 εύξασθαι
1067 1183 1285 1277 βουλόμενος,
1307 1193 1342 1257 τί
1361 1189 1493 1274 μᾶλλον

188 1285 277 1357 κατά
305 1293 433 1360 τοῦτον
459 1286 654 1377 τὸνλόγον
679 1285 924 1370 ἐπ’άνατολάς
953 1282 975 1377 ἢ
1002 1293 1057 1360 έπί
1084 1285 1177 1358 δύσιν
1198 1281 1433 1374 προσεύξεται;
1464 1289 1493 1354 εί

191 1391 227 1456 δέ
249 1389 320 1457 ἐκεῖ
343 1393 549 1477 προκριτέον
571 1387 633 1472 τάς
653 1385 822 1472 άνατολάς
843 1386 930 1459 κατά
952 1385 994 1458 τό
1017 1381 1170 1476 εύλογον,
1192 1383 1247 1456 διά
1269 1389 1303 1454 τί
1323 1389 1429 1456 τοῦτο
1452 1379 1493 1455 ού

189 1492 369 1575 πανταχοῦ
389 1492 569 1578 ποιητέον;
589 1493 643 1558 καί
666 1492 855 1577 ταῦταμὲν
877 1492 931 1559 έπί
953 1493 1130 1558 τοσοῦτον.

140 1612 173 1667 10
275 1606 412 1672 XXXIII
445 1615 471 1674 1.
508 1611 608 1676 Δοκεῖ
630 1609 668 1677 δέ
692 1632 749 1694 μοι
773 1605 825 1676 ἔτι
845 1609 921 1692 περὶ
944 1609 1018 1675 τιῦν
1040 1598 1161 1672 τόπων
1182 1607 1243 1692 τῆς
1264 1596 1361 1688 εύχῆς
1382 1603 1494 1670 διαλα-

188 1697 298 1789 βόντα
329 1730 425 1772 ουτω
455 1711 669 1775 καταπαῦσαι
695 1703 759 1775 τὸν
789 1699 901 1793 λόγον.
942 1707 1098 1790 τέσσαρες
1128 1697 1168 1790 δὴ
1198 1727 1255 1790 μοι
1281 1695 1384 1771 τόποι
1408 1695 1493 1770 ῦπο-

190 1804 356 1888 γραπτέοι
380 1808 572 1888 φαίνονται,
595 1797 655 1886 οῦς
678 1793 778 1892 εύρον
800 1805 1089 1890 διεσκεδασμένους
1110 1804 1147 1895 έν
1168 1818 1243 1882 ταῖς
1264 1817 1416 1889 γραφαῖς,
1438 1805 1494 1870 καί

191 1905 497 1990 σωματοποιητέον
524 1899 653 1991 ἑκάστῳ
681 1901 768 1974 κατὰ
794 1899 939 1984 τούτους
964 1896 1070 1989 εάχὴν.
1120 1905 1182 1971 είσί
1203 1905 1239 1970 δὲ
1260 1902 1292 1970 οί
1315 1893 1417 1970 τόποι
1438 1889 1495 1969 ού-

191 2021 262 2070 τοι·
296 1997 383 2070 κατά
415 1998 557 2090 δύναμιν
590 2006 786 2090 δοξολογίας
817 2005 854 2072 ἐν
884 2007 927 2088 τῇ
957 1995 1040 2088 άρχῄ
1071 2005 1127 2070 καί
1158 2005 1210 2090 τῷ
1240 2005 1408 2088 προοιμίῳ
1434 2002 1496 2086 τῆς

139 2119 173 2173 15
193 2095 291 2188 εύχης
327 2103 468 2170 λεκτέον
504 2105 567 2170 τοῦ
602 2107 688 2170 θεοῦ
725 2099 780 2171 διά
811 2105 963 2188 Χριστοῦ
996 2101 1346 2186 συνδοξολογουμένου
1375 2100 1412 2167 έν
1442 2103 1494 2187 τῷ

192 2194 277 2287 άγίῳ
304 2195 470 2287 πνεύματι
496 2204 768 2290 συνυμνουμένῳ·
796 2205 852 2270 καὶ
876 2196 961 2289 μετά
988 2205 1092 2271 τοῦτο
1119 2203 1265 2270 τακτέον
1292 2193 1422 2286 ἑκάστῳ
1445 2192 1495 2266 εύ-

191 2303 366 2386 χαριστίας
388 2325 425 2368 τε
447 2296 577 2382 κοινάς,
606 2297 699 2386 <τάς>
721 2297 808 2388 πρὸς
828 2297 978 2380 πολλούς
999 2294 1181 2386 εύεργεσίας
1202 2292 1419 2386 προσάγοντα
1440 2298 1495 2366 ἐπὶ

102 2467 106 2475 ,
194 2402 256 2486 τῆς
277 2392 498 2485 εὐχαριστίας,
526 2403 581 2468 καί
604 2388 655 2468 ὧν
676 2399 742 2488 ίδίρι
764 2401 919 2486 τέτευχεν
941 2394 1009 2469 άπὸ
1031 2402 1127 2468 θεοῦ·
1155 2394 1238 2485 μετά
1261 2401 1296 2466 δὲ
1318 2394 1382 2485 τὴν
1403 2391 1495 2484 εύχα-

194 2503 327 2585 ριστίαν
348 2503 505 2583 φαίνεταί
526 2525 583 2584 μοι
603 2491 726 2584 πικρόν
749 2524 826 2567 τινα
849 2503 918 2567 δεῖν
940 2492 1118 2586 γινόμενον
1139 2503 1213 2567 τῶν
1234 2501 1332 2566 ίδίων
1350 2490 1496 2584 άμαρτη-

142 2615 177 2670 20
194 2591 313 2685 μάτων
339 2593 532 2686 κατήγορον
555 2601 609 2666 ἐπὶ
630 2601 716 2667 θεοῦ
737 2601 843 2667 αίτεῖν
863 2603 1007 2685 πρῶτον
1027 2602 1088 2684 μέν
1109 2600 1198 2666 ἰἀσιν
1218 2592 1305 2684 πρός
1327 2591 1368 2666 τό
1391 2590 1496 2666 άπαλ-

195 2701 338 2784 λαγῆναι
363 2701 425 2786 τῆς
451 2694 492 2767 τό
515 2691 720 2785 ἁμαρτάνειν
741 2694 963 2786 ἐπιφερούσης
984 2695 1085 2782 ἕξεως
1106 2693 1264 2783 δεύτερον
1285 2697 1353 2784 (δὲ)
1376 2689 1497 2782 άφεσιν

196 2801 270 2865 τῶν
300 2790 606 2884 παρεληλυθότων·
633 2794 717 2884 μετά
748 2801 783 2866 δὲ
805 2794 870 2886 τὴν
892 2791 1133 2884 ἐξομολόγησιν
1155 2789 1323 2884 τέταρτόν
1344 2821 1401 2884 μοι
1423 2816 1497 2864 ουν-

197 2891 319 2965 άπτειν
355 2900 510 2981 φαίνεται
540 2897 610 2964 δεῖν
641 2893 705 2983 τὴν
734 2903 812 2984 περί
842 2903 916 2967 τῶν
945 2892 1099 2985 μεγάλων
1129 2903 1186 2966 καί
1211 2898 1423 2983 ἐπουρανίων
1450 2897 1497 2964 α’ί·

197 3015 305 3081 τησιν,
331 2995 429 3063 ίδίων
455 3021 494 3064 τε
518 2999 574 3064 καί
599 3001 808 3080 καθολικοῦν,
834 3002 890 3066 καί
911 3002 988 3084 περί
1009 3023 1046 3065 τε
1069 2999 1205 3066 οίκείων
1225 2999 1282 3064 καὶ
1303 2990 1497 3080 φιλτάτων·

145 3113 180 3168 25
197 3099 254 3162 καὶ
279 3096 334 3163 έπὶ
360 3098 442 3162 πᾶσι
468 3091 532 3182 την
563 3089 662 3182 εύχιΙν
689 3099 735 3176 είς
761 3101 961 3185 δοξολογίαν
988 3099 1072 3166 θεοῦ
1098 3091 1152 3164 διά
1173 3098 1324 3182 Χριστοῦ
1350 3096 1387 3164 ἐν
1413 3088 1498 3183 άγίῳ

196 3188 364 3280 πνεύματι
385 3197 649 3264 καταπαυστέον.

280 3302 308 3362 2.
344 3288 491 3373 τούτους
512 3297 549 3362 δὲ
570 3290 650 3375 τούς
670 3288 807 3378 τόπους,
829 3291 878 3376 οάς
895 3301 1111 3384 προείπομεν,
1129 3296 1390 3382 διεσπαρμένους
1407 3284 1500 3380 εῦρυ-

127 3405 180 3460 38Γ
195 3417 257 3480 μεν
284 3394 321 3461 ἐν
346 3408 419 3472 ταῖς
445 3407 602 3480 γραφαῖς,
622 3397 627 3478 Ι
646 3389 710 3464 τὸν
735 3398 797 3482 μὲν
823 3399 884 3482 τῆς
912 3401 1108 3483 δοξολογίας
1134 3391 1189 3464 διά
1211 3390 1346 3464 τούτων
1368 3397 1404 3464 ἐν
1427 3393 1500 3462 ἔκα-

197 3497 311 3580 τοστῷ
339 3497 447 3579 τρίτῳ
474 3497 612 3581 ψαλμῷ·
642 3490 768 3581 ,,κύριε,
791 3486 810 3564 δ
831 3489 914 3578 θεός
935 3521 1012 3584 μου,
1035 3491 1084 3576 οῦς
1105 3489 1335 3582 ίμεγαλύνθης
1356 3487 1500 3581 σφόδρα·

281 3725 321 3781 28
343 3724 407 3794 vgl.
425 3725 496 3780 oben
513 3725 577 3796 Cap.
596 3727 622 3781 Π
640 3729 664 3795 2,
682 3728 708 3782 S.
726 3729 776 3784 299
794 3727 821 3782 Z.
840 3729 880 3784 19.
898 3757 931 3768 -
949 3727 985 3783 29
1003 3727 1073 3782 Ρετί.
1093 3729 1150 3794 103,
1169 3729 1243 3782 1-7.

283 3927 299 3982 1
318 3922 559 3998 προκαλούμενον
569 3925 737 3995 ΤΒειιίΙλιεὶ
746 3925 806 3982 Del.
816 3929 828 3981 I
840 3929 891 3984 270
903 3927 1013 3998 Amas)
1021 3928 1101 3998 Angl.
1109 3927 1164 3994 (boi
1175 3927 1234 3982 Del.
1244 3929 1257 3981 Ι
1269 3928 1357 3996 9291)),
1370 3945 1501 4000 προσιτά·

197 4005 341 4079 λσύμενον
357 4011 461 4082 Ausgg.
486 4013 490 4081 Ι
514 4013 533 4068 θ
559 4009 640 4067 θέσει
661 4016 722 4068 τῶν
739 4007 979 4082 οἰκοδομημάτων
996 4007 1169 4086 άνθριύπων]
1187 4009 1270 4068 θέσει
1287 4011 1369 4083 (μέν)
1388 4009 1501 4087 άνθρύ-

197 4114 260 4152 πων
281 4099 341 4152 τοῖν
363 4091 604 4165 οἰκοδομημάτων
624 4097 852 4167 Αο31.Ιε,.ο.0.Ι
876 4099 880 4166 Ι
907 4099 921 4154 λ
949 4092 1023 4153 κατά
1049 4103 1156 4152 τοῦτον
1176 4090 1228 4151 τόν
1248 4093 1348 4168 λόγον]
1370 4091 1445 4153 κατά
1467 4092 1501 4154 τά

197 4174 322 4252 εύλογον
339 4182 476 4236 vermutet
493 4181 573 4250 Angl.
593 4182 627 4250 (ο.
641 4199 665 4237 ο.
678 4182 719 4250 0.)
738 4183 809 4237 ohne
827 4183 922 4237 Grund
946 4184 950 4250 Ι
975 4183 1014 4238 10
1037 4180 1075 4252 δέ]
1099 4173 1132 4250 δή
1150 4181 1236 4236 hond.
1256 4183 1260 4250 Ι
1282 4183 1318 4239 11
1344 4177 1385 4252 δή]
1405 4180 1435 4240 δέ
1452 4183 1501 4238 Ox.

198 4266 283 4320 Lond.
299 4267 303 4334 Ι
320 4265 359 4321 15
383 4258 414 4320 ἓν
430 4269 473 4340 τῷ
491 4256 563 4340 άγίφ
581 4261 719 4336 πνεύματι
739 4265 968 4341 σννυμνονμένῳ]
988 4265 1068 4338 (καί)
1087 4263 1118 4322 ἐν
1134 4267 1175 4340 τῷ
1194 4257 1264 4341 άγίφ
1281 4263 1422 4336 πνεύματι
1441 4287 1501 4324 συν-

198 4347 379 4419 υμνουμένον
403 4350 485 4419 Angl.
509 4350 544 4419 (a.
566 4367 591 4406 a.
615 4351 656 4420 0.)
685 4353 689 4420 Ι
721 4352 757 4407 17
785 4370 816 4409 τε
843 4347 950 4423 κοινάς]
978 4347 1022 4408 διά
1048 4345 1147 4415 κοινάς
1177 4351 1260 4421 Angl.
1285 4352 1381 4422 (Lond.
1403 4371 1429 4424 p.
1452 4355 1502 4410 222

199 4438 279 4488 Anm.
293 4436 318 4502 3)
334 4434 339 4503 Ι
354 4426 434 4502 (τάς)
452 4433 516 4504 fflge
527 4435 572 4488 ioh
585 4434 629 4489 ein
644 4439 648 4502 Ι
668 4429 743 4507 πρδς
760 4429 886 4502 πολλούς
902 4430 1067 4509 εύεργεσίας
1082 4428 1270 4507 προσάγοντα
1287 4433 1503 4509 [προσάγοντας

199 4518 248 4572 Ox.
267 4513 448 4590 προσάγοντι
465 4519 548 4588 Angl.
566 4518 661 4587 ΙΙιοαά.
678 4537 705 4590 p.
722 4521 772 4575 222
790 4521 871 4574 Anm.
888 4524 915 4590 4)
932 4520 1080 4590 unrichh'g]
1099 4518 1145 4576 ἐπί
1161 4526 1212 4590 τῆς
1229 4515 1409 4590 εύχαριστίας
1425 4523 1501 4578 ΤΟι.

199 4601 284 4656 Lond.
305 4594 377 4674 ύπὲρ
403 4607 463 4658 τῶν
488 4601 528 4668 είς
553 4597 664 4668 πάντας
689 4598 861 4676 εὐεργεσιῶν
888 4606 937 4660 001
945 4605 1005 4661 Del.
1029 4606 1034 4674 Ι
1057 4605 1096 4660 21
1125 4603 1182 4673 (δέ)
1203 4603 1268 4672 fflge
1291 4603 1336 4659 ich
1353 4607 1406 4662 mih
1421 4606 1501 4677 Angl.

200 4685 235 4753 (a.
247 4684 325 4817 3¹0.)
343 4685 407 4814 eina}
422 4686 463 4742 ει
481 4685 559 4742 ιοιων
575 4706 607 4744 τε
624 4689 674 4744 κει
691 4689 865 4758 ποσιτιον]
886 4674 963 4754 λεῖος
979 4707 1011 4746 τε
1027 4691 1076 4744 κα
1093 4689 1338 4828 καειιεεοσῖροι.

292 4781 366 4825 gene·
405 4803 411 4816 .
