3790 5526
632 490 733 544 ma
755 491 915 546 ΚΕΛΣΟΥ
939 491 981 549 vl
1004 495 1045 547 55.
1063 491 1104 547 56.
1123 492 1163 544 57.
1493 496 1550 556 127

243 659 512 742 πεποιηκέναι
534 652 606 725 τόν
628 651 743 740 θεόν,
766 654 822 724 ἵνα
843 653 897 724 διὰ
920 651 1058 724 τούτων
1083 657 1267 741 ἐπιστρέψῃ
1293 648 1397 734 τινάς.
1440 656 1494 721 καὶ
1516 658 1551 722 τί

244 746 376 824 ἄτοπον
398 746 417 823 ό
439 747 540 839 λόγος
561 753 648 840 ἔχειν
671 751 825 836 δύναται;
847 747 961 842 ῶσπερ
985 752 1058 841 γάρ,
1075 757 1103 823 εί
1117 757 1395 840 καταχρηστικῶς
1410 747 1550 822 άκουόν-

245 881 320 924 των
340 848 437 941 ἡμῶν
459 851 560 922 κακά
582 851 663 935 τούς
684 859 960 942 προσαγομένους
981 848 1108 935 πόνους
1127 870 1200 934 τοῖς
1212 856 1467 940 παιδευομένοις
1482 846 1549 920 ύπό

244 957 406 1040 πατέρων
427 959 483 1021 καὶ
505 948 717 1022 διδασκάλων
738 960 794 1022 καὶ
815 945 1100 1041 παιδαγωγῶν,
1079 979 1099 1038 η
1123 947 1190 1021 υπὸ
1213 956 1342 1038 ἰατρῶν
1358 969 1429 1032 τοῖς
1450 959 1551 1076 θερα-

209 1059 339 1134 5πείας
361 1051 474 1122 ἕνεκεν
503 1046 768 1140 τεμνομένοις”
747 1080 767 1142 η
793 1057 1133 1174 καυτηριαζομένρις,
1149 1056 1289 1140 λέγομεν
1315 1047 1379 1121 τόν
1396 1058 1400 1136 Ι
1419 1054 1550 1136 πατέρα
1568 1062 1619 1118 676

243 1168 443 1222 κακοποιεῖν
474 1169 547 1232 τοῖς
576 1145 711 1232 υίοῖς”
692 1180 712 1240 η
743 1151 823 1234 τοὺς
856 1145 1133 1240 παιδαγωγοὺς
1122 1144 1142 1238 ἦ
1171 1150 1252 1234 τούς
1282 1146 1502 1231 διδασκάλους
1530 1141 1550 1236 ῆ

244 1247 323 1369 τρύς
344 1247 490 1336 ἰατρούς,
513 1244 654 1320 ούδέν“
634 1279 676 1321 αν
697 1269 947 1372 κατηχοροῖντο
974 1255 1006 1322 οἱ
1033 1249 1223 1332 τύπτοντες
1248 1244 1268 1338 ῆ
1296 1252 1329 1320 οἱ
1355 1254 1550 1338 τέμνοντες·

244 1342 366 1432 οῦτως,
389 1344 456 1420 είό
483 1346 579 1432 θεὸς
611 1355 743 1438 λέγεται
773 1350 816 1421 τὰ
842 1359 952 1422 τοιαδὶ
978 1347 1115 1437 ἐπάγειν
1141 1353 1348 1439 ἐπιστροφῆς
1374 1357 1429 1420 καὶ
1455 1357 1552 1434 θερα·

243 1455 338 1532 πείας
368 1449 481 1520 ἐνεκεν
510 1455 584 1520 τῶν
614 1453 783 1538 δεομένων
814 1449 985 1522 τοιούτων
1015 1445 1144 1533 πόνων,
1172 1445 1271 1519 ούδέν
1300 1443 1343 1519 liv
1369 1443 1504 1520 ἄτοπον
1532 1442 1551 1518 ό

193 1564 226 1618 10
244 1544 345 1637 λόγος
366 1549 449 1635 έχοι·
471 1543 545 1620 οὔτ’
567 1543 608 1618 ἐν
629 1557 816 1635 καταβαίνῃ
838 1551 959 1634 ,κακὰ
980 1549 1072 1638 παρὰ
1094 1556 1211 1636 κυρίου
1232 1553 1287 1619 ἐπὶ
1308 1546 1416 1631 πύλας
1436 1544 1551 1636 Ἰερου-

244 1646 384 1737 σαλῆμ,“
407 1647 471 1736 τῆν
492 1645 679 1719 ύπόστασιν
707 1651 827 1735 έχοντα
853 1654 890 1720 ἐν
916 1668 989 1734 τοῖς
1014 1645 1083 1720 άπὸ
1110 1656 1184 1719 τῶν
1213 1656 1387 1738 πολεμίων
1418 1644 1549 1732 πόνοις,

243 1752 509 1833 προσαγομένοις
545 1744 660 1830 αύτοῖς
693 1751 738 1829 είς
774 1748 995 1838 ἐπιστροφὴν,
1032 1743 1106 1819 οῦτ>
1143 1741 1186 1818 άν
1217 1751 1461 1836 ἐπισκέπτηται
1491 1750 1549 1832 ,ἐν

244 1842 357 1935 ῥάβδῳ
386 1845 447 1929 τὰς
480 1843 638 1936 άνομίαςίί
670 1855 742 1916 τῶν
776 1845 1080 1936 ἐγκαταλιπόντων
1107 1846 1191 1933 ,τὸν
1224 1843 1351 1934 νόμον(
1376 1852 1439 1916 τοῦ
1464 1852 1549 1918 θεοῦ

244 1952 321 2028 ,καὶ
343 1949 379 2015 ἐν
400 1941 535 2033 μάστιξι
557 1944 617 2027 τὰς
643 1941 805 2033 ἁμαρτίας
831 1943 979 2032 αύτῶν,“
1007 1943 1082 2018 οὔτ’
1104 1940 1146 2018 όν
1173 1952 1253 2035 λέγῃ
1280 1944 1334 2018 τό·
1366 1949 1470 2034 ,ἔχεις
1492 1941 1549 2017 άν-

192 2059 225 2112 15
244 2054 373 2130 θρακας
395 2041 510 2133 πυρός,
532 2041 670 2116 κάθιοαι
693 2041 745 2114 ἐπ’
767 2042 898 2130 αύτούς,
923 2037 1021 2118 οῦτοι
1044 2050 1178 2117 ἔσονταί
1200 2069 1252 2116 σοι
1267 2041 1437 2138 βοῆθεια.“
1473 2051 1549 2138 τοῦ·

243 2171 305 2214 τον
337 2149 372 2214 δέ
403 2144 467 2214 τόν
494 2140 626 2233 τρόπον
658 2150 712 2213 καὶ
740 2145 782 2216 τὸ
809 2139 850 2231 ,ό
880 2154 993 2217 ποιῶν
1024 2142 1161 2235 εἰρήνην
1191 2151 1247 2216 καί
1276 2151 1403 2232 κτίζων
1431 2144 1549 2214 κακά(

242 2241 460 2333 διηγούμεθα·
483 2249 587 2330 κτίζει
608 2242 673 2331 γάρ
689 2243 732 2314 τά
747 2243 921 2334 σωματικαὶ
944 2240 965 2335 ἢ
987 2245 1030 2316 τὰ
1048 2244 1147 2328 ἐκτός
1167 2244 1280 2328 κακὰ,
1302 2252 1480 2332 καθαίρων
1494 2250 1550 2314 καὶ

242 2340 418 2414 παιδεύων
447 2341 528 2426 τοῦς
557 2343 601 2432 μὴ
631 2351 862 2433 βουληθέντας
890 2351 1115 2436 παιδευθῆναι
1144 2341 1238 2434 λόγῳ
1267 2349 1322 2414 καὶ
1356 2349 1549 2436 διδασκαλίᾳ

242 2438 334 2530 ύγιεῖ.
369 2449 427 2512 καὶ
448 2448 556 2513 ταῦτα
577 2449 639 2530 μὲν
655 2447 707 2526 -είς
728 2446 769 2516 τὸ
792 2453 881 2528 πῶς
902 2452 972 2534 μὲν
995 2439 1013 2516 ό
1036 2443 1130 2527 θεὸς
1151 2443 1252 2514 κακά
1275 2449 1419 2528 έποίει;

191 2570 225 2625 20
324 2563 420 2629 LVII.
461 2561 520 2640 Είς
554 2563 590 2628 δέ
622 2559 664 2631 τό
698 2569 782 2645 πῶς
818 2570 978 2634 πείθειν
1012 2567 1075 2630 καί
1104 2571 1317 2632 νουθετεῖν
1346 2557 1550 2644 άδυνατεῖ,·

242 2665 442 2748 προείρηται
463 2662 524 2745 μὲν
547 2652 603 2730 ότι
624 2667 725 2730 πᾶσιν
748 2655 799 2746 όν,
823 2665 915 2751 ε’ίπερ
939 2658 1085 2751 ἔγκλημά
1100 2667 1170 2732 ἐστι
1187 2662 1228 2733 τό
1248 2665 1420 2745 τοιοῦτον,
1447 2684 1549 2747 προσ-

242 2758 360 2846 άγοιτο
387 2753 408 2846 ἦ
435 2763 500 2830 τοῦ
529 2763 659 2831 Κέλσου
686 2765 774 2844 λέξις
795 2778 868 2844 τοῖς
890 2757 1152 2850 ἀποδεχομένοις
1173 2761 1353 2849 πρόνοιαν·
1381 2755 1548 2848 άπολογῆ-

242 2880 339 2929 σαιτο
363 2854 392 2928 δ
414 2851 458 2927 άν
478 2886 530 2941 τις
554 2851 610 2930 ότι
632 2869 848 2932 νουθετεῖν
868 2867 930 2950 μέν
952 2857 1014 2932 ούκ
1036 2854 1258 2931 άδυνατεῖό
1272 2857 1380 2944 θεὸς,
1403 2869 1549 2929 νουθε-

242 2976 304 3029 τεῖ
324 2957 386 3047 γὰρ
413 2955 467 3028 διὰ
492 2955 602 3048 πάσης
629 2965 760 3048 γραφῆς
785 2967 841 3031 καὶ
869 2959 922 3032 διά
949 2966 1024 3031 τῶν
1049 2957 1162 3048 χάριτι
1192 2959 1424 3029 διδασκόντων
1450 2963 1548 3029 θεοῦ

191 3068 225 3122 25
243 3054 325 3138 τούς
351 3051 551 3139 άκούοντας·
574 3063 603 3128 εί
623 3056 668 3147 μῆ
694 3054 758 3146 ἄρα
780 3057 868 3131 ίδιόν
895 3089 929 3131 τι
956 3057 1202 3149 σημαινόμενον
1223 3056 1419 3140 ἐξακούοιτο
1441 3063 1487 3140 είς
1508 3054 1549 3128 τό

243 3168 457 3228 νουθετεῖν
480 3153 521 3226 τό
542 3162 597 3227 καὶ
620 3155 854 3246 ἐπιτυγχάνειν
875 3162 912 3228 ἐν
931 3167 982 3250 τῷ
1007 3163 1317 3248 νουθετουμένῳ
1339 3163 1394 3227 καὶ
1415 3154 1551 3228 ἀκούειν

243 3254 306 3328 τόν
328 3262 391 3327 τοῦ
411 3253 629 3339 διδάσκοντος
652 3255 765 3345 λόγον,
789 3252 872 3345 ὅπερ
895 3262 965 3329 ἐστὶ
986 3255 1078 3346 παρά
1099 3257 1163 3346 τῆν
1187 3261 1320 3328 έννοιαν
1342 3263 1405 3328 τοῦ
1421 3284 1551 3346 τετριμ-

243 3361 346 3446 μένου
366 3358 402 3426 ἐν
424 3363 468 3443 τῆ
493 3363 656 3445 συνηθείᾳ
675 3364 931 3446 σημαινομένου.

327 3461 373 3538 είς
404 3460 440 3525 δέ
467 3455 509 3526 τό
539 3461 624 3538 πῶς
653 3464 815 3528 πείθειν
847 3453 1051 3541 άδυνατεῖ,·
1081 3463 1137 3526 καὶ
1169 3452 1253 3526 αύτὸ
1283 3461 1477 3542 προσαχθὲν
1508 3450 1550 3525 όν

192 3565 226 3618 30
243 3562 325 3627 πᾶσι
346 3574 420 3638 τοῖς
441 3555 609 3640 πρόνοιαν
630 3560 922 3645 παραδεχομένοις,
946 3561 1056 3626 ταῦτα
1078 3561 1225 3626 λεκτέον.
1259 3554 1371 3634 ἐπειδὴ
1402 3552 1443 3624 τό
1466 3562 1550 3624 πεί-

243 3663 390 3725 θεσθαι
412 3651 557 3740 ῶσπερεὶ
578 3663 652 3726 τῶν
672 3662 893 3743 καλουμένων
916 3652 1230 3728 άντιπεπονθότων
1256 3657 1357 3740 ἐστὶν,
1380 3650 1549 3742 ἀνάλογον

244 3762 294 3844 τῷ
316 3762 487 3843 κείρεσθαι
509 3751 706 3845 ἄνθρωπον,
730 3759 935 3845 ἐνεργοῦντα
953 3755 995 3827 τὸ
1013 3761 1169 3843 παρέχειν
1183 3754 1306 3825 ἑαυτὸν
1321 3761 1371 3844 τῷ
1387 3762 1548 3842 κείροντι·

244 3853 297 3925 διὰ
319 3859 426 3924 τοῦτο
450 3849 491 3924 ού
511 3851 617 3943 μόνης
639 3861 744 3926 δεῖται
767 3862 827 3946 τῆς
849 3861 913 3928 τοῦ
939 3863 1164 3936 πείθοντος
1190 3857 1355 3943 ἐνεργείας
1380 3850 1466 3924 άλλά
1493 3861 1549 3924 καί

244 3960 314 4043 τῆς,
337 3950 378 4024 ἐν’
401 3947 515 4037 ούτως
538 3949 704 4044 όνομάσω,
726 3950 963 4038 ύποπτῶσεως
984 3953 1071 4044 πρός
1093 3954 1157 4026 τὸν
1179 3961 1377 4025 πείθοντα
1399 3948 1420 4042 ἢ
1442 3981 1548 4042 παρα·
1635 3991 1637 3995 ·

331 4150 369 4204 10
389 4148 450 4216 Vgl.
469 4148 550 4202 Mich.
571 4152 593 4207 1,
613 4151 652 4204 12.
676 4181 708 4189 -
733 4150 771 4205 12
791 4149 853 4219 Vgl.
871 4149 942 4204 ΡεαΙ.
961 4150 1002 4212 88,
1020 4151 1061 4205 33.
1080 4151 1120 4204 31.
1140 4150 1181 4203 33.
1204 4179 1236 4188 -
1262 4149 1301 4204 14
1317 4147 1370 4202 Jes.
1388 4150 1429 4210 47,
1449 4149 1549 4204 14.15.

243 4265 276 4274 -
296 4236 333 4290 16
351 4233 404 4288 Jes.
422 4235 464 4296 45,
484 4237 506 4287 7.

329 4411 367 4466 11)
384 4409 552 4480 καταβαίνῃ]
572 4429 588 4478 η
607 4411 634 4463 in
653 4411 796 4464 Correetur
813 4415 838 4465 A
857 4412 861 4478 Ι
883 4411 920 4466 13
943 4388 1211 4480 ἐγκαταλεῦπόιτων
1229 4408 1277 4479 [eo]
1295 4412 1330 4462 A¹
1348 4413 1352 4476 Ι
1373 4410 1412 4464 15
1429 4409 1549 4463 καθίσαι

243 4499 266 4550 Δ
287 4497 290 4564 Ι
310 4495 350 4550 115
372 4491 440 4559 τοὺς
456 4512 504 4549 aus
523 4501 591 4560 τοῦς
608 4511 674 4550 corr.
693 4496 717 4549 A
741 4497 745 4561 1
768 4513 794 4550 τι
814 4489 1031 4565 σημαινόμενον
1047 4495 1184 4564 MAusgg.
1202 4493 1243 4557 τίς
1266 4487 1282 4561 ἢ
1303 4489 1482 4562 μαινόμενον
1499 4497 1524 4547 A
1543 4495 1546 4562 1

243 4580 355 4635 110-81
380 4597 426 4633 am
449 4581 528 4634 θεοῦ
550 4597 586 4650 οη
609 4597 662 4634 von
681 4581 702 4635 Ι.
720 4579 786 4634 oder
804 4581 837 4633 II.
855 4579 887 4633 H.
906 4583 931 4633 A
954 4583 958 4648 1
983 4581 1020 4636 81
1046 4574 1171 4652 ὡσπερεὶ
1195 4581 1404 4648 Μῦθῐῖλοεῃῃ.
1423 4571 1462 4644 ὡς
1483 4581 1549 4650 περὶ

243 4663 341 4732 1182
360 4656 394 4718 τό
413 4667 515 4734 Ausgg.
534 4670 576 4720 τῶ
593 4671 624 4718 A.
