3780 5538
327 435 388 498 280
874 427 1096 482 ονινανονε

412 595 520 660 LXIV.
548 584 630 662 Ἕνα
659 581 722 662 οὖν
752 589 817 662 τὸν
848 594 904 661 ἐπὶ
933 597 1016 662 πᾶσι
1041 587 1127 660 θεὸν
1149 584 1227 677 ἡμῖν
1255 591 1554 676 ίξευμενιστέον
1575 594 1635 664 ,καὶ

244 699 311 754 210r
331 697 459 762 τοῦτον
480 693 558 760 ίλεω
580 685 729 774 εύκτέον,
757 686 1107 779 έξευμενιςόμενον
1137 684 1281 778 εύσεβείᾳ
1300 695 1305 774 Ι
1328 693 1384 756 καί
1411 683 1502 775 πάσῃ
1524 684 1636 777 ἀρετῇ.

331 792 359 860 εί
385 795 420 860 δέ
446 795 502 859 καὶ
535 785 682 870 ἄλλους
714 787 808 870 τινὰς
834 787 992 873 βούλεται
1016 787 1101 876 μετὰ
1132 787 1196 860 τὸν
1225 791 1280 858 έπὶ
1309 792 1413 857 πᾶσιν
1442 791 1636 874 ἐξευμενί-

330 899 467 976 ζεσθαι
506 886 605 972 θεὸν,
640 885 887 977 κατανοησάτω
925 882 980 960 ὅτι
1016 883 1130 976 ιύσπερ
1166 893 1217 977 τῷ
1259 892 1447 975 κινουμένῳ
1484 887 1636 976 σώματι

294 1006 311 1059 5
332 984 520 1060 ἀκολουθεῖ
546 983 567 1077 ἦ
594 994 656 1077 τῆς
682 994 777 1071 σκιᾶς
798 984 905 1059 αύτοῦ
926 996 1064 1077 κίνησις,
1087 985 1151 1058 τὸν
1173 982 1279 1058 αύτόν
1301 981 1435 1074 τρόπον
1457 992 1507 1075 τῷ
1530 991 1636 1072 έξευ-

328 1093 561 1176 μενίζεοθαι
591 1086 655 1158 τὸν
684 1091 738 1158 ἐπὶ
765 1092 848 1158 πᾶσι
875 1086 961 1158 θεὸν
989 1088 1104 1157 ίπεται
1131 1082 1274 1174 εὐμενεῖς
1295 1086 1382 1173 ἔχειν
1403 1081 1534 1168 πάντας
1556 1085 1636 1168 τούς

329 1191 460 1258 ἐκείνου
481 1194 602 1275 φίλους
624 1183 785 1276 ἀγγέλους
805 1193 861 1256 καί
887 1185 997 1275 ψυχὰς
1018 1192 1072 1256 καὶ
1094 1184 1278 1273 πνεύματα.
1314 1192 1559 1256 ουναίσθονται
1574 1185 1636 1274 γὰρ
1665 1191 1668 1198 ’

331 1293 403 1357 τῶν
429 1283 536 1372 ἀξίων
562 1291 626 1358 τού
651 1283 743 1372 παρὰ
766 1291 829 1356 τοῦ
851 1292 935 1358 θεοῦ
956 1282 1165 1375 εύμενισμοῦ,
1194 1291 1250 1355 καὶ
1272 1281 1314 1354 ού
1333 1280 1442 1370 μόνον
1460 1291 1516 1354 καὶ
1539 1281 1635 1356 αύτοὶ

331 1382 475 1475 εὐμενεῖς
505 1405 578 1468 τοῖς
607 1379 712 1470 ἀξίοις
748 1392 902 1473 γίνονται
935 1380 1022 1455 ἀλλὰ
1052 1393 1108 1456 καὶ
1139 1380 1394 1473 συμπράττουσι
1420 1402 1492 1466 τοῖς
1518 1393 1636 1468 βουλο-

279 1505 313 1559 10
330 1493 443 1576 μένοις
474 1484 538 1557 τὸν
567 1490 622 1556 ἐπὶ
645 1489 726 1555 πᾶσι
754 1481 839 1554 θεὸν
868 1482 1108 1572 θεραπεύειν
1138 1491 1193 1554 καὶ
1223 1487 1553 1572 έξευμενίζονται
1581 1492 1635 1555 καί

331 1584 548 1674 συνεύχονται
578 1591 634 1655 καί
665 1590 888 1669 συναξιοῦσιν·
918 1577 1007 1654 ὥστε
1029 1588 1160 1671 τολμᾶν
1182 1577 1267 1671 ἡμᾶς
1294 1587 1402 1671 λέγειν
1425 1576 1478 1654 ὅτι
1500 1580 1635 1673 ἀνθρώ-

330 1715 409 1767 ποις
438 1683 522 1774 μετά
555 1689 784 1772 προαιρέσεως
813 1689 1074 1771 προτιθεμένοις
1101 1681 1144 1754 τὰ
1170 1690 1350 1770 κρείττονα
1372 1679 1563 1771 εὐχομένοις
1585 1691 1635 1773 τῷ

332 1789 405 1874 θεῷ
431 1791 543 1874 μυρίαι
571 1777 645 1855 ὅσαι
672 1779 815 1870 ἄκλητοι
838 1779 1056 1870 συνεύχονται
1078 1779 1233 1870 δυνάμεις
1254 1785 1348 1869 ίεραὶ,
1371 1789 1637 1872 συμπαρέχουσαι

331 1889 384 1974 τῷ
406 1880 558 1972 έπικὴρῳ
586 1878 682 1972 ἡμῶν
708 1887 795 1969 γένει
820 1887 890 1964 καὶ,
920 1875 961 1950 ἵν’
986 1874 1097 1963 ούτως
1119 1885 1213 1966 εἴπω,
1236 1888 1491 1968 συναγωνιῶσαι
1513 1877 1555 1952 δι’
1577 1877 1637 1964 ούς

281 2003 314 2055 15
332 1977 460 2070 ὁρῶσιν
496 1977 871 2069 ἀντιοτρατευοΙμένους
908 1987 964 2050 καὶ
1002 1977 1336 2069 ἀνταγωνιζομένους
1372 1988 1564 2070 δαίμονας
1594 1990 1637 2070 τῇ
1656 1999 1708 2054 790

332 2091 485 2174 σωτηρίᾳ
511 2079 654 2170 μάλιστα
677 2087 751 2151 τῶν
772 2078 912 2162 ἑαυτούς
937 2074 1177 2150 ἀνατιθέντων
1198 2085 1272 2168 θεῷ
1294 2078 1415 2169 καὶμὴ
1438 2077 1637 2168 φροντιζόν-

332 2211 406 2254 των
428 2187 490 2271 τῆς
512 2189 586 2252 τῶν
608 2175 810 2269 δαιμόνων
832 2182 965 2268 ἔχθρας,
987 2176 1048 2248 ἐὰν
1069 2183 1190 2249 ἐκεῖνοι
1212 2183 1444 2268 έξαγριαίνωσι
1465 2179 1552 2268 πρὸς
1574 2178 1637 2252 τὸν

333 2277 534 2369 ἄνθρωπον,
558 2278 729 2368 φεύγοντα
750 2285 811 2366 μὲν
833 2274 949 2349 αύτιύν
965 2277 1026 2360 τὰς
1041 2277 1095 2349 διὰ
1116 2286 1276 2367 κνίσσης
1298 2285 1362 2349 καὶ
1385 2283 1550 2368 αίματσς
1572 2290 1637 2350 θε-

334 2383 500 2470 ραπείας
530 2384 653 2450 παντί
686 2384 721 2449 δὲ
752 2373 871 2466 τρόπῳ
905 2372 1037 2465 λύγων
1071 2385 1127 2448 καὶ
1153 2376 1339 2466 πράξεων
1369 2377 1559 2450 σπεύδοντα
1591 2385 1637 2450 ol-

281 2498 316 2552 20
332 2485 508 2551 κειοῦσθαι
529 2485 586 2549 καὶ
608 2479 767 2548 ἓνοῦσθαι
789 2481 841 2565 τῷ
867 2479 922 2547 ἐπὶ
944 2482 1026 2548 πᾶσι
1049 2483 1121 2566 θεῷ
1144 2477 1197 2549 διὰ
1220 2485 1283 2549 τοῦ
1303 2477 1558 2561 καταλύσαντος
1578 2507 1635 2568 μυ-

334 2586 426 2670 ρίους
457 2586 646 2666 δαίμονας
676 2575 792 2666 Ἰησοῦ,
824 2572 924 2665 ἡνίκα
949 2575 1078 2664 περιῄει
1105 2577 1323 2666 ,,ίώμενος“
1345 2586 1401 2649 καὶ
1422 2583 1636 2666 ἐπιστρέφων

333 2678 436 2764 ,πούς
456 2680 851 2764 καταδυναστευομένους
871 2673 939 2746 ύπὸ
963 2681 1025 2748 τοῦ
1047 2672 1235 2760 διαβύλον.“

417 2799 512 2864 LXV.
544 2788 637 2880 Ἡμῖν
658 2797 775 2881 μέντοι
797 2819 832 2881 γε
852 2799 1138 2882 καταφρονητέον
1157 2797 1388 2882 έξευμενιομού
1409 2791 1638 2882 ἀνθρώπων

334 2902 402 2966 καὶ
431 2898 643 2978 βασιλέων,
675 2888 717 2963 ού
745 2887 854 2980 μόνον
883 2890 944 2963 ἐὰν
974 2891 1028 2963 διὰ
1057 2902 1266 2981 μιαιφονιῶν
1294 2900 1350 2964 καὶ
1376 2890 1558 2983 ἀσελγειῶν
1583 2903 1639 2966 καὶ

283 3011 317 3066 25
336 2990 529 3084 ἀμοτύτων
554 2988 741 3082 πράξεων
768 2992 1117 3081 έξευμενιζιύμεθα
1140 2989 1276 3076 αύτούς,
1304 2987 1471 3064 ἀλλὰκαὶ
1498 2993 1558 3065 ἐὰν
1585 2993 1639 3065 διὰ

334 3099 396 3184 τῆς
427 3096 473 3176 είς
503 3090 567 3164 τὸν
596 3089 682 3162 θεὸν
713 3098 787 3162 τῶν
818 3084 912 3162 ὅλων
936 3088 1084 3180 ἀσεβείας
1110 3087 1133 3180 ἤ
1160 3121 1254 3176 τινος
1273 3091 1358 3180 μετὰ
1377 3097 1640 3182 δουλοπρεπείας

420 3263 437 3318 θ
458 3261 522 3332 Vgl.
540 3261 679 3331 Origenes,
696 3261 737 3315 De
754 3265 822 3316 orat.
841 3261 906 3333 Cap.
924 3261 962 3316 XI
980 3279 1004 3316 α
1017 3261 1048 3316 A.
1066 3291 1099 3302 -
1117 3263 1156 3319 21
1175 3262 1238 3332 Vgl.
1256 3265 1317 3318 Aet„
1336 3264 1378 3330 10,
1394 3263 1436 3318 38.

419 3412 438 3468 2
456 3413 548 3468 hinter
563 3406 633 3468 ’ίλειο
650 3419 683 3477 -Ι-
702 3405 807 3484 <ἔχειν>
830 3411 890 3468 Del.
909 3411 981 3467 nach
1004 3412 1034 3480 P,
1057 3430 1123 3468 man
1140 3413 1244 3468 ἱεὸαοίο
1262 3413 1333 3468 auch
1351 3431 1387 3469 an
1406 3407 1506 3483 (εἶναι)
1524 3413 1640 3488 denken,

336 3497 392 3566 vgl.
410 3497 482 3552 oben
499 3497 524 3551 V
542 3500 566 3564 5,
585 3497 611 3551 S.
629 3499 645 3552 5
662 3497 689 3552 Z.
705 3499 730 3564 5,
749 3497 819 3552 doch
836 3496 905 3551 auch
922 3499 1009 3553 unten
1026 3497 1052 3551 A
1064 3499 1081 3552 6
1095 3498 1100 3566 Ι
1115 3491 1233 3553 εύκτέον
1249 3497 1378 3568 PAusgg.
1396 3499 1435 3554 im
1446 3497 1523 3565 Text,
1542 3493 1642 3554 ἑκτέον

336 3583 445 3648 Mem,
462 3581 567 3654 Hasp.
585 3599 631 3636 am
648 3581 741 3646 Rand5
759 3575 892 3637 εύκταῖον
908 3583 933 3636 A
956 3581 961 3648 Ι
984 3581 1032 3636 fol.
1050 3582 1101 3638 210
1121 3581 1158 3637 ist
1178 3599 1242 3636 vom
1260 3581 1436 3636 Buchbinder
1456 3582 1543 3636 durch
1561 3581 1640 3638 einen

337 3669 403 3723 Falz
426 3667 566 3737 beseshigt,
582 3666 729 3721 hierdurch
746 3665 808 3720 sind
825 3665 871 3720 die
892 3665 1112 3736 Zeilenanfflnge-
1123 3683 1168 3721 am
1188 3666 1285 3721 innam
1297 3667 1377 3721 Rand
1396 3683 1449 3722 von
1466 3667 1515 3722 fol.
1531 3667 1600 3724 210r
1616 3683 1643 3720 u.

338 3753 383 3808 die
401 3752 634 3822 Zeilenausgnuge
656 3767 702 3804 am
724 3750 821 3804 innam
838 3749 918 3804 Βοιαὶ
941 3767 994 3804 von
1017 3751 1065 3806 fol.
1083 3752 1154 3807 210v
1171 3751 1249 3805 mehr
1271 3750 1336 3806 oder
1354 3751 1474 3821 weniger
1491 3751 1617 3806 verklebt
1637 3753 1639 3807 Ι

337 3839 388 3892 καί
406 3831 495 3907 πάσῃ]
514 3838 564 3892 καί
581 3831 642 3890 πάσ
659 3835 794 3901 verklebt,
813 3853 829 3904 η
847 3835 973 3890 εεΙιοΙίεα
990 3838 1015 3889 A
1030 3835 1069 3904 14
1089 3832 1311 3905 κατανοησάτω]
1333 3831 1444 3906 νοησάτ
1461 3837 1547 3892 verkl.
1566 3838 1589 3890 A
1604 3837 1609 3904 Ι
1623 3835 1642 3890 ὅ

338 3920 456 3990 κίνησις]
475 3938 555 3990 νησις
567 3919 652 4004 νειμ.
665 3922 690 3974 A
704 3921 709 3988 Ι
725 3920 798 3976 5-6
816 3936 861 3973 am
874 3919 955 3974 Βασὰ
973 3937 1009 3989 οη
1021 3919 1059 3972 A¹
1074 3920 1080 3990 Ι
1098 3921 1117 3976 θ
1135 3913 1208 3989 ἔχειν
1224 3915 1342 3990 πάντας]
1361 3915 1435 3991 ἔχειν
1446 3939 1486 3976 πα
1501 3920 1585 3977 verkl.
1598 3921 1623 3974 A
1638 3921 1640 3965 Ι

342 4007 356 4061 λ
380 4000 538 4074 πνεύματα]
560 4013 698 4072 πιῖαματα
718 4005 766 4075 [so]
784 4007 809 4060 A
828 4006 832 4072 Ι
857 4005 1066 4061 συναίσθονται
1088 3999 1155 4074 γὰρ]
1173 4021 1219 4058 ται
1237 4023 1275 4074 γα
1294 4005 1380 4060 verkl.
1398 4009 1423 4060 A
1448 4008 1452 4074 Ι
1475 4007 1495 4062 θ
1518 3999 1644 4074 εὐμενεῖς

337 4089 408 4158 τοῖς]
427 4095 483 4153 νεῖς
499 4107 516 4144 τ
535 4089 619 4144 verkl.
637 4092 662 4143 A
681 4091 686 4158 Ι
707 4090 820 4146 10-11
845 4107 890 4144 am
908 4087 988 4143 Βοιαὶ
1006 4103 1042 4158 οη
1059 4091 1097 4142 A¹
1116 4089 1121 4155 Ι
1142 4088 1181 4144 10
1198 4092 1269 4144 πᾶσι
1286 4089 1373 4144 verkl.
1391 4091 1415 4144 A
1436 4092 1440 4158 Ι
1460 4091 1497 4146 11
1521 4089 1642 4158 τολμᾶν]

338 4175 391 4227 τολ
414 4173 499 4228 νειλιΙ.
518 4176 543 4227 A
566 4175 571 4242 Ι
596 4175 635 4230 12
657 4173 818 4246 κρείττονα]
840 4191 893 4228 τον
914 4173 1000 4228 vorkl.
1023 4176 1048 4227 A
1070 4173 1076 4240 Ι
1102 4172 1140 4228 18
1164 4171 1409 4244 συμπαρέχουσαι]
1433 4193 1489 4244 συμ
1512 4173 1597 4230 verkl.
1619 4176 1644 4227 A

341 4260 579 4327 συμπαρηχοῦσαι
597 4262 734 4314 τετωοίεί
746 4258 827 4313 Guiet
844 4257 889 4312 boi
907 4257 967 4312 Del.
985 4257 1007 4326 ΙΙ
1022 4258 1071 4312 789
1087 4260 1167 4312 Anm.
1179 4257 1207 4326 g)
1222 4257 1227 4325 Ι
1244 4257 1281 4313 14
1299 4263 1517 4330 συναγωνιῶσαι
1534 4259 1643 4328 11100113

339 4339 382 4410 Sp.
408 4358 453 4394 am
478 4341 569 4406 Βασὰ,
595 4343 713 4399 nauel.
737 4343 776 4396 im
798 4344 878 4407 Tem
905 4346 1084 4412 ουναγωνιοῦ
1109 4359 1135 4396 u.
1157 4341 1285 4397 dahinter
1311 4344 1327 4398 3
1349 4343 1468 4411 Buchsk,
1490 4344 1564 4398 wohl
1588 4361 1643 4408 σαι,

339 4425 426 4480 verkl.
443 4429 467 4480 A
483 4428 488 4494 Ι
504 4427 543 4484 15
564 4433 600 4498 τῇ
618 4428 703 4482 verkl.
721 4430 745 4483 A
761 4429 766 4498 Ι
782 4429 821 4484 17
842 4427 910 4497 τῶν]
929 4445 945 4482 τ
962 4443 1045 4496 ganz,
1065 4445 1088 4479 υ
1105 4426 1173 4481 halb
1192 4425 1277 4482 vorkl.
1296 4430 1321 4482 A
1335 4429 1340 4498 Ι
1357 4429 1395 4486 18
1413 4425 1476 4497 μέν]
1493 4447 1515 4496 μ
1533 4445 1611 4498 ganz,
1630 4447 1644 4483 ε

340 4510 408 4564 halb
426 4511 512 4565 verkl.
530 4513 555 4566 A
574 4513 579 4580 Ι
598 4513 725 4583 κνίσσης]
745 4533 760 4568 ν
777 4513 807 4566 in
826 4512 968 4566 Conectur
985 4511 1009 4565 A
1029 4511 1033 4578 Ι
1053 4509 1094 4565 20
1117 4511 1167 4565 καί
1185 4506 1324 4566 ἑνοῦοθαι
1342 4519 1383 4587 τῷ
1401 4509 1447 4568 έπλ
1464 4516 1536 4567 πᾶσι
1553 4512 1644 4567 PDel.

340 4600 382 4649 τω
400 4589 445 4649 ἐπί
463 4598 535 4650 πᾶσι
552 4597 603 4652 καί
621 4591 759 4654 ένοῦσθαι
776 4595 858 4651 Ano.
869 4595 912 4667 Sp.
928 4597 932 4664 Ι
949 4596 987 4653 26
1007 4589 1023 4664 ἥ
1041 4611 1090 4648 aus
1109 4588 1125 4664 ἢ
1143 4610 1210 4648 corr.
1229 4598 1261 4649 A.
