3790 5526
348 475 407 536 150
888 469 1111 525 ΩΡΙΓΕΝΟΥΣ

346 625 479 706 ῦπνου
506 632 687 716 διαναστὰς
708 627 728 704 ό
754 630 849 715 θεὸς
871 637 1021 722 ἔπεμψε
1043 631 1107 705 τὸν
1127 627 1253 722 Ἰησοῦν
1275 639 1331 723 τῷ
1354 639 1458 721 γένει
1481 640 1564 705 τῶν
1584 630 1650 706 ἇν-

346 734 552 823 θρώίπων,
583 732 648 823 τήν
677 739 738 820 μὲν
768 733 855 804 κατὰ
882 731 947 822 τήν
967 730 1211 823 ἐνσωμότωσιν
1232 735 1428 821 οἰκονομίαν
1449 738 1513 805 νῦν
1535 728 1577 804 δι’
1600 729 1650 804 εό-
1667 747 1717 804 692

346 831 469 923 λόγους
498 838 607 916 αἰτίας
636 833 918 921 ἐπικληρώσαντα
948 829 998 904 ἀεὶ
1025 838 1060 903 δὲ
1088 831 1134 904 τὸ
1165 837 1278 922 γένος
1308 839 1391 904 τῶν
1419 828 1650 921 ἀνθρώπων

347 929 617 1024 εὐεργετήσαντα.
663 929 764 1004 ου’δέν
791 931 854 1023 γὰρ
886 939 960 1004 τών
986 936 1023 1003 ἐν
1052 928 1288 1022 ἀνθρώποις
1315 937 1434 1002 καλοῦν
1464 937 1649 1022 γεγένηται,

240 1039 250 1058 ’
313 1031 392 1122 ῦμή
414 1039 478 1104 τοῦ
499 1039 597 1104 θείου
619 1028 723 1121 λόγου
744 1029 1014 1122 ἐπιδημήσαντος
1036 1049 1110 1115 ταῖς
1129 1050 1250 1119 ψυχαῖς
1269 1038 1344 1102 τών
1364 1025 1429 1102 κάν
1451 1026 1566 1121 ὀλίγον
1580 1061 1650 1102 και-

346 1131 409 1222 ρὸν
430 1137 665 1222 δεδυνημένου
687 1139 847 1219 δέξασθαι
868 1131 930 1215 τὰς
951 1128 1085 1203 τοιόσδε
1106 1138 1170 1201 τοῦ
1190 1139 1289 1202 θείου
1310 1127 1415 1220 λόγου
1434 1135 1608 1220 ἐνεργείας.

429 1228 515 1304 ἀλλὰ
541 1237 597 1303 καί
623 1228 813 1321 ήδοκοῦσα
838 1237 894 1315 εἰς
918 1240 1010 1322 μίαν
1035 1237 1186 1320 γωνίαν
1212 1233 1368 1321 ἐπιδημία
1391 1237 1454 1302 τοῦ
1474 1229 1579 1321 Ἰησοῦ
1600 1228 1650 1302 εῦ-

347 1328 455 1420 λόγως
482 1337 668 1422 γεγένηται,
698 1335 834 1420 ἐπείπερ
861 1334 961 1421 ἐχρῆν
983 1349 1055 1415 τοὶς
1077 1333 1135 1402 ἕνα
1156 1328 1242 1402 θεὸν
1262 1327 1472 1420 μεμαθηκόσι
1491 1338 1548 1402 καὶ
1570 1330 1650 1413 τοῦς

346 1430 528 1522 προφήτας
557 1427 664 1502 αῦτοῦ
692 1426 956 1518 ἀναγινώσκουσι
985 1437 1040 1501 καί
1069 1425 1321 1519 κηρυσσόμενον
1346 1429 1497 1519 Χριστὸν
1521 1427 1651 1520 μανθά-

297 1551 330 1605 10
346 1553 463 1603 νουσιν
494 1534 693 1620 ἐπιδημῆσαι
723 1529 787 1602 τὸν
817 1527 1118 1620 προφητευόμενον
1148 1538 1204 1600 καί
1233 1535 1433 1621 ἐπιδημῆσαι
1462 1533 1500 1600 ἐν
1529 1536 1648 1620 καιρῷ,

348 1624 398 1702 ὅτ’
422 1633 558 1720 ἔμελλεν
582 1635 751 1718 ἐκχεισθαι
777 1627 845 1702 ἀπὸ
876 1635 965 1719 μιᾶς
994 1637 1140 1719 γωνίας
1165 1625 1185 1700 ό
1211 1626 1312 1718 λόγος
1338 1635 1393 1701 ἐπί
1417 1635 1548 1701 πᾶσαν
1575 1628 1649 1718 τῆν

347 1735 594 1819 οἰκουμένην.

428 1850 567 1916 LXXIX
603 1845 662 1918 Διό
687 1851 744 1916 καί
768 1852 861 1934 χρεία
882 1841 944 1916 οῦκ
965 1837 1008 1934 ῆν
1033 1844 1162 1918 πολλὰ
1188 1849 1346 1935 γενέσθαι
1371 1848 1549 1933 πανταχοῦ
1575 1843 1648 1915 σώ-

346 1974 449 2036 ματα
470 1953 526 2017 καί
548 1943 677 2018 πολλὰ
700 1940 871 2034 ἀνάλογον
893 1952 943 2035 τῷ
962 1940 1069 2035 Ἰησοῦ
1090 1943 1312 2032 πνεόματα,
1335 1939 1376 2014 ἵν’
1400 1941 1420 2034 ή
1442 1949 1546 2015 πᾶσα
1567 1951 1649 2014 τῶν

296 2067 330 2119 15
347 2042 580 2134 ἀνθρώπων
611 2051 823 2135 οἰκουμένη
855 2053 1017 2134 φωτισθῆ
1039 2041 1204 2135 τῷλόγῳ
1231 2049 1304 2115 τοῦ
1329 2049 1434 2116 θεοῦ.
1469 2039 1565 2133 ἢρκει
1586 2041 1648 2132 γὰρ

347 2140 367 2216 6
394 2145 440 2228 εἰς
466 2141 580 2234 λόγος,
611 2143 659 2229 ώς
690 2142 923 2234 ,δικαιοσύνης
948 2139 1063 2232 ῆλιοςί(
1089 2140 1281 2227 ἀνατείλας,
1312 2138 1380 2214 ἀπὸ
1407 2148 1468 2232 τῆς
1493 2139 1650 2226 Ἰουδαίας

346 2247 512 2334 ἐκπέμψαι
540 2243 601 2328 τὰς
626 2248 682 2314 ἐπὶ
709 2242 773 2334 τήν
798 2243 909 2333 φυγὴν
931 2251 1005 2315 τῶν
1030 2249 1248 2333 βουλομένων
1271 2239 1377 2314 αῦτόν
1398 2248 1651 2332 παραδέξασθαι

347 2341 546 2431 φθανούσας
567 2339 677 2432 αῦγιίς.
720 2349 749 2413 εἰ
770 2347 805 2413 δέ
827 2349 882 2413 καὶ
912 2341 1044 2415 πολλά
1075 2372 1126 2427 τις
1152 2352 1258 2414 ποθεῖ
1282 2341 1444 2430 σώματα
1469 2352 1651 2431 πεπληρω

345 2447 429 2530 μένα
448 2449 547 2512 θείου
568 2441 794 2531 πνεύματος
815 2447 907 2526 ἰδεῖν,
933 2439 1103 2532 ἀνάλογον
1129 2447 1246 2533 ἐκείνῳ
1275 2449 1326 2533 τῷ
1349 2443 1399 2513 ἐνὶ
1419 2448 1559 2531 Χριστῷ
1582 2446 1650 2511 δια-

296 2539 535 2630 νοκονούμενα
568 2549 611 2630 τῆ
641 2547 818 2630 πανταχοῦ
851 2549 933 2612 τών
969 2539 1201 2630 ἀνθρώπων
1236 2549 1400 2634 σωτηρίᾳ,
1436 2549 1649 2612 κατανοείτω

349 2640 431 2723 τούς
457 2647 634 2729 πανταχοῦ
662 2638 766 2729 ῦγιώς
795 2648 851 2711 καὶ
877 2639 962 2730 μετὰ
986 2649 1062 2730 βίου
1087 2635 1197 2731 όρθοῦ
1219 2639 1440 2724 διδάσκοντας
1461 2637 1526 2711 τὸν
1545 2636 1650 2729 Ἰησοῦ

348 2736 460 2828 λόγον,
478 2739 645 2828 Χριστοὺς
666 2747 723 2811 καί
745 2737 869 2823 αὐτοὺς
889 2739 957 2812 ῦπδ
980 2749 1053 2812 τών
1073 2747 1179 2812 θείων
1201 2749 1344 2830 γραφοῦν
1364 2746 1593 2827 καλουμένους
1614 2743 1651 2809 ἐν

346 2847 398 2930 τῷ
431 2839 498 2930 μ,,ἰγ
528 2834 679 2911 ἅπτεσθε
708 2847 783 2911 τών
810 2847 972 2930 Χριστών
1000 2869 1079 2930 μου,
1109 2848 1165 2910 καί
1196 2845 1233 2911 ἐν
1263 2859 1336 2924 τοῖς
1366 2837 1562 2930 προφήταις
1586 2867 1652 2929 μου

344 2939 389 3029 μή
411 2939 670 3030 πονηρεόεσθε.α

294 3068 328 3124 25
428 3047 484 3112 καί
512 3038 575 3128 γὰρ
605 3033 720 3130 ώσπερ
746 3037 968 3130 ήκοῦσαμεν,
970 3033 1036 3124 ,ότι
1057 3037 1308 3128 ἀντίχριστος”
1292 3049 1444 3130 ερχεταιέ
1445 3049 1530 3112 (καὶ
1552 3037 1651 3113 οῦδὲν

261 3170 329 3225 166¹
345 3167 454 3228 ηττον
479 3139 727 3230 μεμαθήκαμεν
749 3133 804 3212 ότι
831 3136 1060 3228 ,ἀντίχριστοι
1085 3146 1256 3211 πολλοί“
1279 3145 1361 3210 εἰσιν
1388 3145 1499 3232 ἐντῷ
1521 3138 1651 3262 κόσμρι·

346 3237 410 3311 τὸν
437 3237 543 3312 αῦτδν
570 3239 702 3330 τρόπον
729 3233 784 3311 ὅτι
807 3238 954 3329 Χριστὸς
975 3236 1193 3328 ἐπιδεδήμηκε
1215 3234 1355 3326 γνόντες
1376 3213 1616 3330 θεωρόῦμενο
1597 3269 1650 3313 οτι

293 3375 298 3386 ·
346 3335 389 3410 δι’
410 3337 517 3412 αὐτὸν
543 3348 688 3411 πολλοὶ
716 3348 857 3430 Χριστοὶ
883 3336 1058 3429 γεγόνασιν
1084 3344 1121 3410 ἐν
1148 3341 1200 3426 τῷ
1220 3333 1350 3428 κόσμῳ,
1379 3339 1503 3423 οἵτινες
1528 3336 1649 3411 ἀνάλο-

348 3466 410 3526 γον
440 3444 559 3530 ἐκείνῳ
590 3435 767 3531 ῆγόπησαν
795 3437 1031 3526 ,δικαιοσύνην
1051 3445 1128 3508 καὶ“
1146 3441 1303 3526 ἐμίσησαν
1324 3432 1490 3521 ,ἀδικίαν
1517 3446 1573 3509 καὶ
1594 3439 1648 3511 διὰ

294 3559 329 3614 30
346 3546 450 3609 τοῦτο
481 3541 608 3629 ἐχρισεα
638 3549 694 3612 καί
724 3537 848 3621 αότοῦς
878 3534 920 3622 ,ό
945 3536 1041 3622 θεὸς,
1070 3533 1089 3610 ό
1115 3536 1217 3620 θεδςίί
1243 3543 1308 3608 τοῦ
1333 3543 1493 3624 Χριστοῦ,
1525 3543 1648 3628 ,ἐλαίῳ

345 3635 604 3727 ἀγαλλιάσεως.“
643 3635 718 3710 ἀλλ’
743 3643 871 3721 ἐκεῖνος
899 3643 961 3724 μὲν
991 3629 1055 3708 οῦν
1085 3635 1168 3724 ὑπὲρ
1201 3637 1301 3720 ,ποῦς
1329 3633 1514 3726 μετόχους(
1543 3634 1650 3709 αότοῦ

346 3733 520 3828 ἀγαπήσας
540 3736 779 3827 ,δικαιοσύνην
799 3745 874 3808 καί(
895 3734 1034 3828 μισήσας
1056 3733 1238 3826 .,ἀνομίαν“
1260 3743 1315 3806 καί
1343 3735 1406 3825 τῆν
1432 3733 1588 3827 ἀπαρχήν
1608 3741 1650 3808 εί-

346 3845 434 3926 ληφε
464 3845 527 3909 τοῦ
555 3845 734 3927 χρίσματος
764 3844 834 3922 καί,
866 3843 895 3908 εί
923 3835 986 3926 χρὴ
1013 3829 1127 3918 σῦτως
1153 3830 1331 3925 όνομόσαι,
1354 3829 1437 3908 ῦλον
1464 3834 1505 3907 τὸ
1530 3857 1649 3926 χρίσμα

346 3943 410 4008 τοῦ
439 3943 500 4026 τῆς
530 3934 796 4028 ,,ἀγαλλιάσεως“
826 3940 955 4007 ἐλαίου·
991 3939 1023 4008 οί
1056 3941 1092 4006 δέ
1122 3940 1259 4024 μέτοχοι
1287 3932 1407 4015 αὐτοῦ,
1436 3939 1575 4018 ἕκαστος
1602 3934 1650 4020 ώς

432 4133 469 4190 ιε
487 4134 551 4202 Vgl.
569 4135 631 4188 Joh.
650 4138 673 4200 1,
692 4136 716 4190 9.
734 4119 767 4174 -'
786 4133 825 4188 ιε
843 4131 907 4201 τρι.
924 4130 990 4185 αα.
1008 4133 1033 4199 ι,
1045 4131 1071 4186 ε.
1088 4161 1121 4170 -
1140 4131 1181 4186 ετ
1199 4129 1397 4196 Psal.161‚15.
1418 4131 1542 4190 lehron.
1557 4134 1597 4197 ιε,
1609 4134 1650 4189 ει.

347 4248 380 4256 -
399 4218 438 4274 ιε
457 4219 520 4287 vgl.
539 4221 551 4274 1
569 4220 631 4275 Joh.
649 4222 674 4284 2,
693 4219 733 4274 18.
751 4249 784 4257 -
802 4216 842 4272 ευ
861 4215 924 4285 vgl.
943 4215 1025 4269 flebr.
1045 4219 1068 4278 1,
1086 4214 1111 4268 9.
1135 4214 1207 4270 νεα.
1225 4217 1310 4279 ιαε

431 4393 450 4448 θ
473 4389 710 4466 ἐκπληρώσαντα
733 4394 796 4460 (von
823 4410 884 4448 ευ.
902 4409 924 4445 ιτ
946 4391 990 4446 δίε
1009 4390 1104 4445 Ηὶίῆε
1127 4392 1341 4460 ausgebrochen)
1359 4395 1391 4453 A.
1412 4393 1463 4446 Ηῦ.
1473 4393 1517 4462 Sp.
1536 4389 1651 4460 ἐπιπλη-

347 4472 485 4548 ροίσαντα
508 4481 644 4534 vermutet
662 4479 709 4532 Βο.
728 4479 826 4544 (Notae
843 4494 869 4547 p.
887 4477 955 4543 399),
973 4469 1170 4544 πληρώσαντα
1188 4476 1275 4530 PDel.
1294 4477 1298 4544 Ι
1318 4477 1338 4531 θ
1356 4471 1605 4548 ἀναγιγνώσκουσι
1622 4477 1651 4530 Μ

346 4565 469 4632 Ausgg.l
495 4563 534 4620 14
555 4567 651 4620 πολλα
669 4563 715 4633 [ιο]
735 4567 779 4632 ΑΙ
801 4557 839 4616 ‘lv'
855 4566 880 4617 A
894 4557 945 4616 ίνα
963 4561 1118 4630 ΜΑαεςς.ί
1142 4560 1182 4616 28
1204 4551 1341 4630 ἅπτεσθε]
1360 4579 1412 4616 ατε
1431 4561 1482 4616 ταί
1495 4563 1648 4616 Βεεατίί

346 4647 387 4702 28
405 4642 502 4717 αἰτόν]
523 4643 539 4703 δ
557 4649 608 4703 auf
623 4649 709 4702 Rasur
727 4666 752 4702 u.
771 4649 824 4703 mit
839 4647 958 4702 hellerer
974 4645 1054 4701 Tinte
1072 4644 1250 4715 geschrieben
1269 4647 1311 4713 ΑΙ
1330 4645 1371 4700 88
1390 4647 1502 4716 χρίσμα
1519 4647 1650 4715 AAungg.
