3780 5532
343 489 404 552 246
887 486 1111 542 ΩΡΙΙἚΝΟΥΣ

343 640 439 730 ἀξιον
468 645 529 734 γάρ
559 645 600 717 τό
627 653 687 736 τῆς
710 654 845 736 λογικῆς
873 655 999 738 ψυχῆς
1023 647 1219 739 οἰκητήριον
1241 651 1285 740 μὴ
1307 653 1555 742 παραρὁπτεῖν
1578 649 1648 724 ἀτί-

342 774 415 834 μως
442 754 498 816 καὶ
533 743 580 829 σός
610 750 724 834 έτυχεν
758 742 883 834 ὁμοίως
913 755 963 838 τῴ
993 758 1066 821 τῶν
1094 746 1245 838 ἀλόγων,
1274 759 1328 821 καί
1357 750 1500 839 μάλιστα
1526 745 1584 824 ότε
1614 756 1647 823 οί

344 851 575 934 (Χριστιανοὶ)
598 845 663 934 τὴν
685 845 785 935 τιμὴν
807 854 870 918 τοῦ
892 848 1056 937 στόματος,
1080 852 1165 920 ἔνθα
1184 851 1301 940 λογικίγ
1322 851 1425 940 ψυχὴ
1450 846 1568 941 ᾤκησε,
1590 881 1647 922 πε-

342 943 539 1014 πιστεόκασι
572 952 629 1016 καὶ
662 941 714 1015 ἐπ’
746 942 852 1017 αάτόν
886 947 1016 1069 φθάσαι
1046 947 1225 1038 δεξάμενον
1252 960 1366 1033 καλῶς
1395 948 1647 1040 ἀγωνισαμένην

308 1042 397 1114 οδιά
427 1042 589 1116 τοιούτου
618 1040 793 1135 ὀργάνου
820 1046 963 1137 ψυχήν.
1006 1057 1081 1135 περί
1110 1055 1145 1119 δὲ
1177 1056 1238 1120 τοῦ
1260 1056 1357 1134 ,πῶς
1378 1053 1410 1120 σί
1433 1079 1531 1140 νεκρο
1533 1055 1647 1140 ὶ-έγεί

343 1144 1647 1264 ρωωωωωωωῳψωέηψωωωὰώωως

342 1238 464 1330 ἀπῄτει
486 1240 507 1332 5
530 1242 649 1332 γραφὴ,
672 1242 936 1334 παρεστήσαμεν

424 1348 536 1413 XXXI.
573 1341 668 1413 Μετὰ
700 1349 807 1415 ταῦτα
837 1341 855 1416 5
882 1352 1006 1430 Κέλσος
1033 1347 1073 1417 τό
1097 1343 1377 1437 ὁμολογουμένως
1398 1345 1464 1420 ἀπὸ
1488 1355 1646 1436 Χριστια-

341 1469 417 1512 νων
437 1449 493 1514 καὶ
515 1438 683 1514 Ἰουδαίων
708 1439 889 1532 λεγόμενον
911 1453 1057 1536 τίθησιν,
1080 1443 1369 1536 ἀπολογουμένων
1390 1457 1467 1536 περὶ
1490 1455 1550 1538 τῆς
1573 1457 1646 1519 τῶν

290 1560 324 1614 10
343 1538 635 1614 είδωλοθότων’
615 1549 744 1632 ἀποχῆς
772 1548 828 1612 καὶ
858 1541 1063 1630 φασκόντων
1091 1546 1135 1636 μὴ
1159 1553 1227 1617 δεῖν
1255 1555 1543 1620 συνεστιᾶσθαι
1566 1555 1645 1618 δαί-

341 1665 432 1730 μοσι
463 1641 543 1724 τούς
573 1639 810 1770 ἀνακειμένους
840 1650 895 1733 τῷ
927 1649 981 1714 ἐπὶ
1008 1651 1089 1716 πᾶσι
1112 1653 1207 1736 θεῷ·
1236 1648 1323 1734 πρὸς
1346 1643 1364 1718 5
1386 1649 1458 1718 εἶπε
1481 1646 1523 1718 τόι
1546 1652 1646 1718 ε’κκεί-

342 1769 432 1829 μενα.
476 1738 566 1832 ἡμεῖς
595 1749 656 1830 μὲν
687 1733 760 1825 οὖν,
788 1736 933 1814 όσονέπ
934 1743 1119 1833 ίβροόμασι
1140 1717 1196 1815 κάὶ
1218 1743 1357 1868 πόμασι,
1386 1753 1449 1866 τρῦ
1470 1769 1646 1818 συνεστι-

258 1866 324 1920 199v
343 1847 465 1913 ἆσθαι
494 1849 653 1932 δαίμοσι
682 1837 830 1930 τρόπους
850 1846 854 1928 Ι
874 1837 998 1926 ἀλλους
1027 1840 1088 1914 οὐκ
1117 1849 1210 1933 ίσμεν
1236 1839 1256 1932 5
1279 1842 1356 1916 καθ’
1381 1841 1440 1928 οὓς
1464 1845 1505 1916 τά
1527 1845 1646 1918 καλοό

341 1969 424 2028 μενα
454 1941 545 2030 παρὰ
576 1961 648 2024 τοῖς
678 1951 819 2022 πολλοῖς
849 1939 1013 2068 ιερόθυτα
1040 1948 1165 2015 ἐσθίει
1192 1974 1244 2027 τις
1270 1954 1326 2016 καί
1352 1954 1460 2016 πίνει
1490 1943 1552 2016 τόν
1573 1953 1647 2018 τῶν

291 2063 324 2116 15
342 2038 433 2128 παρὰ
464 2061 537 2124 τοῖς
565 2046 751 2130 δαιμονίοις
779 2047 968 2130 γινομένων
998 2048 1159 2114 σπονδῶν
1190 2040 1367 2114 οίνονἐ
1348 2075 1366 2116 ο
1393 2051 1428 2116 δὲ
1452 2049 1635 2128 Κέλσος”
1601 2075 1646 2118 οι-

343 2168 416 2211 εται
446 2147 731 2212 συνεστιᾶσθαι
761 2143 919 2228 δαίμοσι
949 2141 1090 2214 καὶτὸν
1120 2152 1234 2214 σίτου
1263 2141 1564 2264 μεταλαμβάνοντα
1590 2152 1646 2214 καὶ

345 2269 441 2323 οπως
455 2269 525 2312 ποτ
551 2233 614 2313 οὖν
636 2245 750 2312 οίνου
771 2245 943 2312 πίνοντα
964 2249 1029 2313 καί
1054 2237 1288 2372 ἀκροδρύων
1311 2241 1536 2334 γευόμενον,
1559 2241 1645 2316 ἀλλά

342 2347 398 2411 καί
429 2345 457 2409 εἰ
485 2337 594 2430 μόνου
623 2333 772 2420 όδατός
804 2367 856 2420 τις
881 2339 1134 2431 μεταλαμβάνει,
1161 2349 1215 2413 καί
1245 2348 1282 2414 έν
1311 2343 1425 2433 τούτῳ
1457 2351 1537 2461 φησυὶ
1559 2369 1646 2414 συν-

343 2446 556 2510 εστιᾶσθαι
585 2447 648 2512 δαί
652 2464 743 2560 μασι
766 2435 829 2508 τόν
850 2447 1030 2512 πίνοντα.
1073 2451 1276 2562 προστίθησι
1298 2449 1333 2514 δε
1356 2443 1492 2525 τούτοις
1514 2440 1570 2517 ότι
1590 2451 1645 2514 καὶ

292 2535 363 2611 205
393 2539 465 2610 τόν
490 2536 585 2628 ἀέρα
612 2547 739 2612 τοῦτον
763 2536 975 2615 ἀναπνέων
997 2540 1101 2630 παρὰ
1125 2539 1325 2631 δαιμόνων
1348 2551 1471 2614 τινῶν
1493 2549 1547 2614 καὶ
1571 2549 1646 2614 τοῦ-

345 2667 407 2710 τον
429 2638 628 2730 λαμβάνει,
648 2649 878 2732 χαριζομένων
900 2637 1103 2730 δαιμόνων
1126 2649 1199 2712 τῶν
1222 2647 1275 2712 ἐπὶ
1298 2649 1369 2714 τοῦ
1390 2639 1506 2732 ἀέρος
1526 2666 1647 2731 προσ-

345 2744 605 2827 τεταγμένων
628 2741 690 2813 τόν
712 2749 772 2832 τῆς
795 2739 969 2830 ἀναπνοῆς
991 2760 1063 2823 τοῖς
1086 2739 1202 2830 ζῴοις
1224 2738 1328 2830 ἀέρα.

429 2832 447 2907 5
480 2835 684 2929 βουλόμενος
714 2851 831 2914 τοίνυν
861 2838 1110 2931 παραστησάτω
1141 2849 1192 2930 τῷ
1217 2847 1347 2912 Κέλσου
1369 2838 1460 2932 λόγῳ
1483 2849 1538 2912 καὶ
1561 2847 1646 2911 δεικ-

345 2935 453 3056 νότω,
476 2945 551 3021 πῶς
582 2936 623 3011 05
649 2949 737 3012 θεῖοί
764 2972 852 3025 τινες
875 2938 1009 3032 ἄγγελοι
1035 2946 1133 3012 θεοῦ
1154 2937 1240 3012 ἀλλά
1268 2946 1466 3030 δαίμονες,
1490 2932 1542 3012 οόν
1564 2935 1647 3014 όλον

294 3055 326 3108 25
345 3033 387 3106 τό
418 3043 514 3125 γένος
544 3042 614 3109 έστί
645 3047 785 3127 φαῦλον,
816 3045 1161 3168 προρτεταγμένοι
1193 3043 1252 3111 είοὶ
1282 3039 1396 3112 πάντα
1427 3040 1469 3112 τὰ
1494 3069 1648 3164 προειρη-

344 3141 427 3257 μένα
449 3139 647 3261 οἰκονομεῖν.
690 3151 746 3212 καί
769 3138 860 3231 ἡμεῖς
881 3149 941 3231 μὲν
963 3139 1026 3230 γάρ
1049 3168 1158 3229 φαμεν
1180 3136 1221 3210 05
1239 3149 1344 3259 γωρίς
1366 3137 1612 3230 προστασίας
1592 3170 1648 3212 αο-

345 3234 474 3356 ράτων,
511 3234 552 3309 I'v'
584 3231 698 3324 οότως
734 3236 907 3330 όνομάσω,
945 3247 1106 3366 γεωργῶν
1141 3247 1197 3310 καί
1232 3235 1349 3311 ἀλλων
1385 3237 1578 3330 οἰκονόμων
1608 3235 1650 3312 05

345 3333 454 3423 μόνον
471 3368 545 3408 των
567 3335 635 3460 ἀπό
657 3347 717 3430 γῆς
739 3347 921 3430 φυομένων
943 3337 1028 3463 ἀλλὰ
1050 3346 1105 3410 καὶ
1126 3337 1257 3422 παντὸς
1279 3348 1480 3428 ναματιαίου
1501 3333 1649 3424 ὕδατος

345 3443 401 3507 καὶ
431 3433 547 3526 ἀέρος
583 3438 647 3528 τὴν
678 3446 740 3529 γῆν
770 3447 884 3530 φέρειν
913 3439 956 3512 τὰ
986 3437 1054 3510 ἀπό
1085 3438 1215 3526 φύσεως
1236 3435 1398 3528 λεγόμενα
1416 3449 1421 3524 Ι
1441 3447 1649 3523 διοικεῖσθαι,
1667 3455 1717 3510 765

294 3560 329 3616 30
345 3545 401 3608 καί
431 3537 472 3610 τό
502 3533 610 3626 ὕδωρ
640 3544 676 3610 έν
708 3559 781 3622 ταῖς
817 3558 940 3630 πηγαῖς
974 3547 1029 3609 καὶ
1066 3557 1138 3621 τοῖς
1173 3535 1363 3627 αόθιγενέσι
1395 3558 1562 3629 ποταμοῖς
1592 3534 1649 3627 όμ-

345 3649 437 3727 βρεῖν
467 3646 523 3709 καὶ
555 3644 732 3728 φέρεσθαι,
763 3645 818 3710 καί
840 3639 904 3711 τόν
924 3636 1018 3728 ἀέρα
1040 3635 1256 3728 ἀδιάφθορον
1277 3649 1455 3730 τηρεῖσθαι
1476 3645 1531 3710 καὶ
1554 3649 1650 3726 ζωτι-

431 3827 449 3883 5
472 3829 484 3881 I
503 3827 566 3880 Kor.
579 3829 620 3891 15,
633 3829 673 3883 35.
693 3858 725 3866 -
743 3829 762 3883 θ
780 3827 843 3896 Vgl.
856 3827 927 3881 oben
945 3825 969 3878 V
988 3828 1021 3882 18
1038 3844 1062 3880 α.
1075 3825 1105 3879 Ε.
1126 3856 1156 3864 -
1175 3825 1214 3882 20
1234 3825 1295 3894 vgl.
1308 3823 1447 3895 Origenes,
1465 3827 1497 3879 In
1509 3826 1564 3880 Ios.
1577 3826 1649 3880 hom.

345 3910 436 3964 XXIII
453 3914 469 3966 3
487 3914 564 3979 (tom.
583 3911 620 3965 XI
637 3929 665 3981 p.
687 3911 820 3967 194-196
837 3912 879 3966 ed.
898 3911 1021 3974 boma).

431 4063 449 4118 2
475 4053 524 4118 ὅτε
543 4059 580 4132 oz]
600 4053 650 4119 ότε
673 4063 738 4118 oder
757 4052 802 4118 ὅτι
824 4065 961 4117 vermutet
983 4063 1031 4118 Bo.
1050 4061 1146 4131 (Notae
1163 4079 1190 4132 p.
1208 4063 1268 4130 405)
1293 4063 1297 4131 Ι
1321 4063 1340 4118 8
1363 4060 1568 4134 (Χριστιανοὶ)
1587 4061 1651 4131 fflge

345 4147 391 4201 ich
409 4148 461 4202 mit
478 4148 537 4203 Del.
556 4149 578 4216 (Ι
597 4151 647 4204 764
660 4151 740 4204 Αιιω.
753 4149 777 4214 ο)
796 4147 840 4202 ein
855 4149 860 4216 Ι
875 4142 985 4218 λογικὴ]
1005 4139 1021 4216 5
1040 4165 1089 4201 aus
1104 4153 1121 4214 ῆ
1139 4163 1207 4202 corr.
1225 4150 1249 4200 A
1264 4149 1268 4215 1
1283 4147 1302 4202 4
1320 4143 1432 4216 φθάσαι
1444 4147 1650 4210 (ὶαυδεεωαιια,

347 4226 470 4301 φθάνειν
488 4234 535 4288 Βο.
549 4233 646 4302 (Notae
664 4251 690 4304 p.
701 4235 762 4302 405)
780 4251 806 4288 u.
819 4233 878 4287 Del.
897 4233 919 4300 (Ι
938 4235 987 4288 764
1005 4236 1085 4286 Anm.
1099 4232 1135 4300 d),
1153 4233 1225 4300 φασί
1243 4232 1406 4300 (abgekflrzt
1422 4233 1608 4303 geachrieben)
1627 4233 1651 4286 A

347 4319 449 4386 Ausgg.
466 4319 469 4385 Ι
485 4319 499 4372 7
521 4312 629 4391 γραφὴ]
648 4339 665 4390 η
687 4319 773 4372 durch
792 4318 872 4372 einen
888 4317 1058 4371 Tintenfleck
1076 4316 1207 4372 verdeckss
1223 4318 1247 4369 A
1263 4318 1267 4384 1
1284 4317 1320 4374 17
1341 4309 1536 4373 όπωσποτοῦν
1552 4319 1576 4374 Δ
1591 4319 1596 4388 Ι
1611 4317 1648 4374 21

347 4401 610 4473 προστεταγμένων
631 4407 655 4457 A
666 4403 717 4458 Ηδ.
734 4403 773 4457 im
790 4403 872 4467 Text,
890 4401 945 4470 vgl.
964 4403 1048 4455 unten
1067 4401 1092 4455 Z.
1111 4404 1155 4464 25;
1178 4400 1419 4472 προτεταγμένων
1436 4401 1487 4457 Hb.
1506 4421 1552 4457 am
1564 4401 1651 4465 Hand,

348 4485 392 4554 Sp.
410 4485 447 4538 im
465 4486 542 4553 Text,
568 4487 616 4544 Bo.
635 4487 732 4557 (Notae
749 4505 774 4558 p.
793 4489 866 4556 405),
895 4487 942 4541 der
960 4487 1115 4541 ausserdem
1132 4490 1193 4541 τῶν
1209 4479 1245 4540 τὰ
1264 4489 1316 4540 τοῦ
1334 4479 1421 4558 ἀέρος
1438 4485 1652 4559 προστεταγμέ-

348 4588 407 4624 νων
425 4589 458 4624 zu
475 4571 549 4626 lesen
567 4573 737 4642 τοτεοίιίῖςίς
754 4569 936 4642 τεταγμένων
952 4569 1059 4639 ΡΒε1.Ι
1079 4571 1189 4627 26-27
1210 4585 1255 4622 am
1273 4568 1352 4623 Rand
1370 4557 1417 4650 ÷5÷
1437 4575 1474 4625 A¹
1494 4573 1498 4641 Ι
1518 4573 1555 4628 31
1577 4565 1651 4626 ἀδιοί-

347 4656 466 4724 φθορον
483 4655 512 4708 Μ
522 4658 623 4726 Iusgg.
642 4651 804 4726 α’διοίφορον
821 4661 852 4710 A.
