3790 5526
360 473 418 536 132
899 467 1123 524 αοινεαονε

357 637 514 718 βελτίονι.
557 623 631 700 ἄλλ’
653 622 735 700 οῦδὲ
759 633 876 717 θίμις
902 627 976 700 τόν
1001 638 1170 720 πρῶτον
1194 629 1292 702 θεὸν
1311 650 1575 721 χειρουργεῖν·
1604 631 1664 705 ἐὰν

359 734 394 801 δὲ
423 737 550 819 κυρίως
580 723 704 814 άκούης
734 734 798 798 τοῦ
821 747 1088 818 χειρουργεῖν,
1116 725 1193 802 ούδὲ
1215 726 1277 800 τόν
1299 727 1459 819 δεύτερον
1481 727 1557 803 οὐδ’
1578 727 1663 804 άλλο

358 858 393 902 τι
415 837 488 902 τῶν
509 833 708 916 θειοτέρων.
743 822 818 898 ἀλλ’
837 831 926 898 ἔστω
947 836 1223 918 καταχρηστικῶς
1245 834 1401 918 λέγεσθαι
1422 829 1464 902 τὸ
1484 857 1663 920 χειρουρ-

358 947 443 1020 γεῖν
472 923 493 1017 ἢ
524 934 711 1016 τροπικῶς,
738 925 794 996 ΐνα
820 926 1057 1016 διηγησάμεθα
1082 934 1139 1000 καὶ
1165 927 1207 1000 τὸ
1228 934 1395 1050 ,ποίησιν
1405 934 1441 1000 δὲ
1461 937 1586 1018 χειρῶν
1607 929 1663 1002 αύ-

323 1036 420 1100 ὀτοῦ
450 1024 646 1164 ἀναγγέλλει
676 1023 719 1097 τὸ
749 1030 942 1116 οτερίωμα“
971 1032 1028 1097 καὶ
1060 1031 1115 1112 „al
1147 1045 1252 1116 χεῖρες
1287 1025 1395 1100 αύτοῦ
1426 1031 1569 1119 ἔστησαν
1599 1027 1662 1101 τὸν

356 1124 517 1217 ούρανὸν(
519 1133 605 1198 ’καὶ
631 1129 661 1196 εί
685 1152 721 1196 τι
746 1122 884 1207 τούτοις
909 1129 1038 1214 εἴρηται
1063 1135 1323 1246 παραπλησίως,
1350 1126 1662 1218 τροπολογούντων

357 1224 454 1318 ἡμῶν
474 1243 586 1316 χεῖρας
607 1229 663 1295 καί
683 1227 766 1312 μέλη
789 1230 861 1294 τοῦ
881 1231 991 1295 θεοῦ·
1013 1232 1048 1296 τί
1068 1217 1133 1297 οὖν
1147 1220 1282 1299 άτοπον
1301 1221 1396 1299 ούτω
1415 1244 1662 1317 χειρουργεῖν

356 1322 468 1410 θεόν;
491 1321 540 1409 ῶς
562 1320 624 1397 οῦκ
646 1317 781 1395 άτοπον
802 1317 903 1392 δὲ’Ι
860 1351 956 1395 ουτω
980 1343 1228 1446 χειρουργεῖν
1250 1325 1360 1412 θεὸν,
1383 1321 1498 1410 ούτως
1519 1325 1656 1400 οῦδὲ
1620 1358 1661 1401 το

273 1423 533 1500 1ωῐκελεύειν
559 1418 681 1507 αύτὸν,
704 1425 759 1494 ἵνα
784 1420 872 1494 καλά
901 1429 1000 1496 καίί
984 1424 1143 1496 ἐπαινετὰ
1170 1416 1221 1516 Ι
1201 1454 1223 1514 η
1250 1424 1294 1496 τά
1319 1423 1387 1497 ύπὸ
1414 1433 1478 1498 τοῦ
1503 1438 1662 1500 κελευο-

307 1541 339 1594 10
355 1531 478 1614 με’νου
499 1519 740 1612 ἐπιτελούμενα
767 1527 818 1609 τῷ
841 1515 939 1593 θεὸν
960 1523 1102 1593 εἶναι
1066 1552 1130 1595 τον
1150 1522 1415 1597 κεκελευκότα
1436 1533 1512 1616 περὶ
1536 1523 1662 1600 αύτῶν.

439 1644 532 1710 LXII.
564 1634 674 1710 Πάλιν
696 1664 734 1707 τε
755 1627 797 1706 αῦ
820 1631 984 1720 ὁΙίίλσος
1006 1635 1091 1727 τάχα
1112 1645 1173 1728 μὲν
1194 1640 1409 1729 παρακούσας
1431 1649 1524 1726 τοῦ,
1525 1640 1578 1726 ,τὸ
1599 1641 1661 1732 γάρ

357 1736 483 1829 στόμα
504 1746 622 1828 κυρίου
642 1734 782 1826 ἐλάληοε
803 1743 933 1808 ταῦτα“
948 1733 1034 1824 τάχα
1056 1743 1092 1808 δὲ
1109 1745 1165 1810 καί
1179 1748 1254 1811 τῶν
1268 1746 1420 1814 ἰδιωτῶν
1434 1765 1662 1828 προπετευσα-

355 1846 468 1930 με’νων
493 1844 569 1926 περὶ
595 1842 657 1926 τῆς
678 1842 753 1906 τῶν
775 1833 950 1907 τοιούτων
971 1834 1168 1927 διηγήσεως,
1190 1838 1236 1928 μὴ
1258 1837 1383 1929 νοήσας
1404 1869 1456 1924 τε,
1478 1846 1534 1911 ἐπὶ
1555 1849 1662 1912 τίνων

357 1937 514 2011 τάσσεται
548 1936 592 2008 τὰ
629 1931 769 2024 όνόμασι
805 1943 1010 2022 σωματικῶν
1043 1944 1158 2025 μελῶν
1192 1942 1247 2008 ἐπὶ
1277 1948 1352 2011 τῶν
1383 1937 1560 2027 δυνάμεων
1590 1947 1662 2012 τοῦ

306 2053 337 2104 15
356 2046 453 2111 θεου
482 2033 660 2126 λεγόμενα,
690 2039 809 2124 φησίν·
848 2029 939 2104 οῦδὲ
973 2030 1098 2125 στόμα
1133 2032 1241 2127 αύτῷ
1275 2043 1386 2110 ἐστιν
1416 2034 1506 2110 οῦδὲ
1536 2038 1660 2163 φωνὴ.

355 2135 495 2229 άληθῶς
515 2136 579 2226 γὰρ
601 2131 663 2207 ούκ
685 2136 778 2205 ἔσται
804 2139 860 2223 τῷ
887 2139 971 2222 θεῷ
998 2134 1127 2256 φωνὴ,
1150 2141 1243 2225 ειπερ
1265 2141 1357 2208 ἐστὶν
1379 2132 1428 2226 ἡΙ
1455 2139 1570 2230 φωνὴ
1597 2137 1732 2232 άὴρ680

355 2242 589 2327 πεπληγμένος
615 2229 635 2325 ἡ
662 2231 775 2323 πληγὴ
801 2225 948 2320 άέρος
926 2259 947 2319 η
972 2233 1059 2316 εἶδος
1080 2227 1221 2323 άέρος”
1201 2263 1226 2357 η
1244 2229 1264 2308 ό
1285 2265 1319 2306 τι
1341 2233 1470 2326 δήποτε
1491 2233 1663 2328 ὁρίζονται

355 2340 441 2410 εἶναι
471 2336 536 2460 τὴν
567 2333 707 2424 φωνὴν
737 2334 769 2403 οί
798 2339 874 2420 περὶ
909 2338 1018 2402 ταῦτα
1048 2339 1168 2404 δεινοί·
1205 2331 1281 2406 ἀλλ’
1307 2330 1328 2424 ἡ
1358 2343 1521 2427 λεγομένη
1547 2339 1661 2429 φωνὴ

355 2443 453 2509 θεοῦ
485 2434 533 2520 ῶς
563 2439 661 2505 θεοῦ
691 2430 803 2520 φωνὴ
830 2425 975 2518 ὁρᾶσθαι
1001 2429 1179 2522 λέγεται
1159 2433 1226 2506 υπὸ
1250 2442 1313 2507 τοῦ
1334 2444 1419 2508 λαοῦ
1441 2439 1478 2508 ἐν
1500 2443 1553 2528 τῷ
1575 2445 1662 2523 ,πῶς

306 2533 376 2610 2οό
399 2535 481 2620 λαὸς
502 2536 593 2625 ἒῶρα
615 2533 679 2623 τὴν
711 2529 850 2620 φωνὴν
878 2535 951 2600 τοῦ
980 2537 1111 2616 θεοῦ,“
1141 2540 1205 2605 τοῦ
1226 2528 1374 2622 ὁρᾶσθαι
1395 2545 1660 2626 λαμβανομένου,

357 2643 412 2710 ίνα
441 2636 529 2708 κατὰ
558 2635 623 2725 τὴν
654 2629 838 2721 συνήθειαν
860 2623 1018 2717 ὀνομάσω
1033 2637 1107 2752 τῆς
1128 2640 1273 2762 γραφῆς,
1299 2645 1544 2724 πνευματικῶς.
1586 2633 1660 2708 ἀλλ’

354 2733 439 2810 οὔδ’
462 2729 561 2808 άλλο
584 2739 687 2822 φησὶν
709 2731 812 2802 εἶναι
834 2736 890 2819 τῷ
913 2736 995 2819 θεῷ
1019 2720 1074 2800 ῶν
1096 2726 1206 2820 ἡμεῖς
1228 2736 1351 2822 ἴσμεν·
1374 2732 1535 2807 τίνωνδ’
1552 2731 1661 2824 ἡμεῖς

355 2842 482 2924 ἴσμεν,
510 2831 551 2906 ου’
576 2838 757 2922 σαφηνίζει
800 2832 828 2900 εί
852 2835 914 2918 μὲν
940 2827 1003 2917 γὰρ
1023 2838 1147 2916 μελῶν,
1174 2830 1349 2922 σύμφαμεν
1371 2830 1466 2925 αὐτῷ
1488 2859 1662 2925 προσυπα-

354 2933 516 3018 κούοντες
547 2933 603 3004 ῶν
633 2935 746 3020 ἴσμεν
777 2936 979 3048 σωματικῶς
1009 2935 1064 2998 καί
1093 2928 1294 3022 κοινότερον
1324 2928 1603 3022 ὀνομαζομένων·
1633 2941 1662 3006 εί

304 3050 336 3104 25
355 3041 390 3106 δὲ
415 3029 571 3105 καθόλου
592 3028 773 3120 άκούοιμεν
793 3034 857 3099 τοῦ
885 3017 941 3098 ῶν
967 3023 1077 3118 ἡμεῖς
1104 3035 1228 3120 ἴσμεν,
1255 3040 1398 3104 πολλῶν
1419 3029 1528 3122 ἡμεῖς
1550 3039 1661 3124 ἴσμεν

353 3137 611 3220 ἐξακουομένου·
642 3125 796 3217 ἔστιγὰρ
818 3123 912 3216 αύτῷ
936 3123 1121 3250 άρετὴ
1058 3137 1114 3200 καὶ
1138 3129 1345 3221 μακαριότης
1366 3140 1422 3203 καὶ
1443 3130 1590 3223 θειότ.ης
1633 3140 1661 3256 εΙ

354 3240 391 3304 δέ
420 3261 473 3315 τις
504 3227 625 3303 άκούοι
659 3224 877 3316 ύψηλότερον
912 3254 975 3298 του
1011 3255 1067 3298 ων
1101 3225 1211 3318 ἡμεῖς
1246 3235 1371 3320 ἴσμεν,
1402 3237 1474 3304 ἐπεὶ
1499 3231 1615 3306 πάντα
1640 3231 1661 3304 ά

354 3337 463 3421 ίσμεν
495 3325 664 3402 ἐλάττονά
695 3332 766 3399 ἐστι
800 3333 874 3397 τοῦ
903 3332 1014 3398 θεοῦ·
1044 3323 1195 3398 ούδὲν”
1174 3358 1309 3402 ατοπον
1337 3326 1447 3402 καίκ
1426 3339 1525 3421 ημᾶς
1555 3361 1660 3424 παρα-

354 3438 514 3518 δέξασθαι
537 3423 592 3502 ότι
615 3423 716 3501 ούδίν
738 3431 809 3498 ἐστι
836 3431 892 3515 τῶ
914 3431 999 3514 θεῷ
1022 3417 1079 3498 ῶν
1101 3424 1209 3550 ἡμεῖς
1231 3434 1351 3518 ιομεν.
1392 3439 1578 3554 κρείττονα
1597 3433 1659 3524 γάρ

303 3547 336 3601 30
353 3534 424 3602 ἐστι
453 3527 599 3602 πάντων
631 3518 688 3598 ῶν
719 3527 828 3598 οίδεν
854 3521 896 3596 ού
906 3522 1010 3646 μόνη
1036 3555 1056 3615 η
1078 3555 1142 3598 του
1163 3525 1355 3619 άνθρῶπου
1377 3529 1474 3617 φύσις
1497 3527 1584 3604 άλλά
1605 3543 1659 3605 καὶ

354 3637 427 3702 τῶν
457 3621 806 3717 ύπεραναβεβηκότων
834 3620 942 3713 αύτὴν
973 3623 1016 3696 τά
1045 3624 1221 3716 προσόντα
1253 3633 1309 3718 τῷ
1339 3634 1430 3718 θεῶ.
1473 3636 1503 3701 εί
1533 3630 1609 3703 δ”
1588 3663 1660 3705 ανε-

438 3840 458 3896 4
479 3840 551 3894 Ρεαί.
570 3839 653 3904 182.
678 3837 748 3892 -5
773 3836 837 3906 Vgl.
854 3835 926 3890 Psal.
945 3836 1003 3900 101,
1021 3836 1062 3892 26.
1085 3867 1118 3876 -
1142 3839 1177 3893 11
1201 3838 1255 3894 Jes.
1274 3841 1297 3902 1,
1317 3840 1357 3896 20.
1374 3868 1408 3880 -
1432 3841 1471 3896 18
1490 3841 1552 3912 Vgl.
1570 3843 1658 3910 Plato,

353 3927 422 3981 Tim.
441 3926 506 3997 Cap.
524 3924 615 3979 XXIX
632 3941 658 3993 p.
676 3923 709 3978 67
721 3922 752 3976 Β.
777 3921 899 3985 Ariston,
917 3921 958 3976 De
975 3920 1068 3975 anima
1085 3923 1110 3975 II
1128 3923 1154 3977 8.
1176 3921 1268 3977 Probl.
1281 3923 1319 3976 XI
1331 3924 1372 3978 23.
1385 3927 1416 3980 51
1436 3925 1525 3994 (vol.1
1542 3945 1567 3998 p.
1579 3929 1658 3996 420b‚

353 4015 437 4080 5sqq.
455 4010 509 4064 vol.
523 4011 549 4064 H
566 4027 594 4079 p.
611 4007 691 4074 901b,
709 4009 751 4064 16.
774 4005 854 4075 9041),
871 4007 904 4061 27
922 4005 964 4060 εδ.
982 4005 1067 4060 Acad.
1085 4005 1151 4075 Reg.
1170 4006 1296 4076 ΒοεαεεΙ.
1329 4007 1466 4078 Diogenes
1496 4011 1585 4067 Ιαόή.
1608 4013 1659 4068 VII

354 4101 382 4164 1,
399 4100 442 4152 55.
467 4095 501 4149 H.
519 4094 607 4158 Diels,
625 4093 743 4162 Doxogr.
761 4107 801 4160 gr.
820 4109 845 4162 p.
862 4091 913 4146 407
919 4101 942 4155 ⁸,
960 4091 992 4145 21
1003 4107 1061 4158 sqq.
1093 4092 1151 4154 500,
1170 4095 1251 4160 14εη.
1280 4095 1342 4156 515,
1360 4095 1384 4150 8.
1408 4096 1471 4162 516,
1489 4097 1513 4151 8
1537 4098 1599 4161 525,
1618 4102 1659 4154 17.

351 4211 386 4224 -
403 4183 442 4239 18
459 4179 546 4235 Exod.
563 4179 604 4242 20,
623 4178 664 4234 18.

441 4365 459 4419 2
483 4357 590 4433 άκοάης
606 4362 763 4416 PMV0011·
787 4351 901 4424 ἀκούεις
917 4362 1048 4428 AAungg.
1063 4358 1069 4428 Ι
1088 4351 1188 4414 ἄλλότι
1206 4361 1254 4430 [so]
1273 4361 1317 4431 ΑΙ
1338 4363 1357 4420 8
1376 4354 1452 4420 οῦτοι
1470 4368 1514 4432 ΔΙ
1531 4366 1569 4422 18
1586 4365 1659 4423 rm

353 4447 383 4504 δὲ
399 4448 536 4518 MAungg.
553 4450 557 4517 Ι
575 4448 614 4504 14
630 4442 666 4503 τὰ
685 4441 819 4516 ὀνόμασι]
838 4439 874 4499 τὰ
893 4438 1026 4511 ὀνόματα
1044 4447 1181 4498 τεεωοίεί
1198 4445 1281 4500 Guiet
1299 4446 1353 4514 (bei
1371 4447 1455 4504 Del.I
1473 4453 1659 4538 6711851ωο)

352 4549 491 4619 unrichtig
515 4552 519 4617 Ι
544 4551 581 4606 17
609 4541 759 4618 ὁτιδήποτε
776 4551 799 4602 Α
820 4549 825 4616 Ι
847 4546 885 4603 18
904 4538 1002 4616 φωνὴν
1019 4561 1068 4599 σοι
1086 4540 1185 4614 φωνήν
1201 4561 1269 4600 corr.
1287 4551 1312 4601 A
1331 4551 1336 4616 Ι
1356 4549 1396 4604 28
1413 4553 1518 4622 μελῶν]
1536 4537 1658 4619 μῖλλῶν,

353 4635 402 4690 das
420 4639 491 4690 εεείε
508 4637 525 4688 λ
543 4634 712 4705 expungiert,
729 4635 767 4686 Αἱ
782 4635 787 4700 Ι
803 4632 840 4688 81
860 4633 901 4700 τῷ
918 4638 952 4688 <
970 4628 1105 4698 MAusgg·
