<?xml version="1.0" encoding="UTF-8"?>
<!DOCTYPE html PUBLIC "-//W3C//DTD XHTML 1.0 Transitional//EN"
    "http://www.w3.org/TR/xhtml1/DTD/xhtml1-transitional.dtd">
<html xmlns="http://www.w3.org/1999/xhtml" xml:lang="en" lang="en">
 <head>
  <title>
</title>
<meta http-equiv="Content-Type" content="text/html;charset=utf-8" />
  <meta name='ocr-system' content='tesseract 3.04.00' />
  <meta name='ocr-capabilities' content='ocr_page ocr_carea ocr_par ocr_line ocrx_word'/>
</head>
<body>
  <div class='ocr_page' id='page_1' title='image "./diegriechischen01wissgoog/diegriechischen01wissgoog_0445.png"; bbox 0 0 3744 5504; ppageno 0'>
   <div class='ocr_carea' id='block_1_1' title="bbox 579 475 1517 548">
    <p class='ocr_par' dir='ltr' id='par_1_1' title="bbox 579 475 1517 548">
     <span class='ocr_line' id='line_1_1' title="bbox 579 475 1517 548; baseline 0.012 -17"><span class='ocrx_word' id='word_1_1' title='bbox 579 475 670 532; x_wconf 80' lang='grc' dir='ltr'><em>ΠΕΡΙ</em></span> <span class='ocrx_word' id='word_1_2' title='bbox 692 475 829 532; x_wconf 67' lang='lat' dir='ltr'><em>muz</em></span> <span class='ocrx_word' id='word_1_3' title='bbox 851 475 902 548; x_wconf 78' lang='grc'><em>26,</em></span> <span class='ocrx_word' id='word_1_4' title='bbox 919 479 944 532; x_wconf 83' lang='grc'><em>4.</em></span> <span class='ocrx_word' id='word_1_5' title='bbox 962 481 987 534; x_wconf 81' lang='grc'><em>6.</em></span> <span class='ocrx_word' id='word_1_6' title='bbox 1005 479 1029 534; x_wconf 88' lang='grc'><em>6.</em></span> <span class='ocrx_word' id='word_1_7' title='bbox 1058 477 1111 548; x_wconf 79' lang='grc' dir='ltr'><em>θλ,</em></span> <span class='ocrx_word' id='word_1_8' title='bbox 1128 479 1152 530; x_wconf 84' lang='lat' dir='ltr'><em>l·</em></span> <span class='ocrx_word' id='word_1_9' title='bbox 1457 481 1517 546; x_wconf 83' lang='lat'><em>363</em></span> 
     </span>
    </p>
   </div>
   <div class='ocr_carea' id='block_1_2' title="bbox 142 631 1586 3630">
    <p class='ocr_par' dir='ltr' id='par_1_2' title="bbox 142 631 1586 3630">
     <span class='ocr_line' id='line_1_2' title="bbox 211 631 1518 730; baseline -0.005 -20"><span class='ocrx_word' id='word_1_10' title='bbox 211 635 274 728; x_wconf 86' lang='grc' dir='ltr'><em>γάρ</em></span> <span class='ocrx_word' id='word_1_11' title='bbox 303 632 517 727; x_wconf 71' lang='grc' dir='ltr'><em>ἁμαρτάνων,</em></span> <span class='ocrx_word' id='word_1_12' title='bbox 549 631 638 713; x_wconf 79' lang='grc' dir='ltr'><em>ὅπου</em></span> <span class='ocrx_word' id='word_1_13' title='bbox 668 633 749 711; x_wconf 81' lang='grc' dir='ltr'><em>ποτ’</em></span> <span class='ocrx_word' id='word_1_14' title='bbox 770 633 865 727; x_wconf 75' lang='grc' dir='ltr'><em>άνῄ,</em></span> <span class='ocrx_word' id='word_1_15' title='bbox 888 641 959 712; x_wconf 78' lang='grc' dir='ltr'><em>ἐστὶ</em></span> <span class='ocrx_word' id='word_1_16' title='bbox 981 645 1063 730; x_wconf 71' lang='grc' dir='ltr'><em>,γῆ,</em></span> <span class='ocrx_word' id='word_1_17' title='bbox 1066 647 1085 678; x_wconf 83' lang='grc'><strong><em>“</em></strong></span> <span class='ocrx_word' id='word_1_18' title='bbox 1108 645 1155 724; x_wconf 89' lang='grc' dir='ltr'><em>είς</em></span> <span class='ocrx_word' id='word_1_19' title='bbox 1181 637 1245 728; x_wconf 84' lang='grc' dir='ltr'><em>τὴν</em></span> <span class='ocrx_word' id='word_1_20' title='bbox 1275 641 1431 726; x_wconf 76' lang='grc' dir='ltr'><em>συγγενῆ,</em></span> <span class='ocrx_word' id='word_1_21' title='bbox 1458 633 1518 708; x_wconf 84' lang='grc' dir='ltr'><em>ἐὰν</em></span> 
     </span>
     <span class='ocr_line' id='line_1_3' title="bbox 210 732 1518 829; baseline -0.003 -21"><span class='ocrx_word' id='word_1_22' title='bbox 210 735 255 828; x_wconf 80' lang='grc' dir='ltr'><em>μὴ</em></span> <span class='ocrx_word' id='word_1_23' title='bbox 281 743 444 826; x_wconf 84' lang='grc' dir='ltr'><em>μετανοῇ,</em></span> <span class='ocrx_word' id='word_1_24' title='bbox 471 733 629 828; x_wconf 88' lang='grc' dir='ltr'><em>ἐσόμενός</em></span> <span class='ocrx_word' id='word_1_25' title='bbox 654 761 714 826; x_wconf 79' lang='grc' dir='ltr'><em>πρ·</em></span> <span class='ocrx_word' id='word_1_26' title='bbox 744 732 821 810; x_wconf 83' lang='grc' dir='ltr'><em>όόέ</em></span> <span class='ocrx_word' id='word_1_27' title='bbox 842 747 984 825; x_wconf 80' lang='grc' dir='ltr'><em>ποιῶν,</em></span> <span class='ocrx_word' id='word_1_28' title='bbox 987 737 1047 824; x_wconf 88' lang='grc' dir='ltr'><em>,τὸ</em></span> <span class='ocrx_word' id='word_1_29' title='bbox 1069 745 1248 829; x_wconf 67' lang='grc' dir='ltr'><em>θέλημα·</em></span> <span class='ocrx_word' id='word_1_30' title='bbox 1273 743 1336 808; x_wconf 88' lang='grc' dir='ltr'><em>τοῦ</em></span> <span class='ocrx_word' id='word_1_31' title='bbox 1357 741 1442 808; x_wconf 91' lang='grc' dir='ltr'><em>θεοῦ</em></span> <span class='ocrx_word' id='word_1_32' title='bbox 1462 741 1518 806; x_wconf 84' lang='grc' dir='ltr'><em>καὶ</em></span> 
     </span>
     <span class='ocr_line' id='line_1_4' title="bbox 210 831 1517 1006; baseline -0.002 -98"><span class='ocrx_word' id='word_1_33' title='bbox 210 835 255 926; x_wconf 84' lang='grc' dir='ltr'><em>μὴ</em></span> <span class='ocrx_word' id='word_1_34' title='bbox 285 835 521 1006; x_wconf 64' lang='grc' dir='ltr'><em>πορακοῦωνέ</em></span> <span class='ocrx_word' id='word_1_35' title='bbox 519 845 593 910; x_wconf 83' lang='grc' dir='ltr'><em>τῶν</em></span> <span class='ocrx_word' id='word_1_36' title='bbox 613 845 794 928; x_wconf 76' lang='grc' dir='ltr'><em>σωτηρίων</em></span> <span class='ocrx_word' id='word_1_37' title='bbox 815 847 1057 929; x_wconf 76' lang='grc' dir='ltr'><em>πνευματικῶν</em></span> <span class='ocrx_word' id='word_1_38' title='bbox 1082 835 1201 928; x_wconf 88' lang='grc' dir='ltr'><em>νόμων</em></span> <span class='ocrx_word' id='word_1_39' title='bbox 1222 831 1396 924; x_wconf 87' lang='grc' dir='ltr'><em>οῦρανός</em></span> <span class='ocrx_word' id='word_1_40' title='bbox 1416 839 1517 906; x_wconf 87' lang='grc' dir='ltr'><em>ἐστιν.</em></span> 
     </span>
     <span class='ocr_line' id='line_1_5' title="bbox 211 927 1518 1028; baseline -0.002 -22"><span class='ocrx_word' id='word_1_41' title='bbox 211 939 277 1008; x_wconf 87' lang='grc' dir='ltr'><em>είτε</em></span> <span class='ocrx_word' id='word_1_42' title='bbox 307 927 371 1008; x_wconf 78' lang='grc' dir='ltr'><em>οῦν</em></span> <span class='ocrx_word' id='word_1_43' title='bbox 391 943 482 1027; x_wconf 75' lang='grc' dir='ltr'><em>,γῆ“</em></span> <span class='ocrx_word' id='word_1_44' title='bbox 505 938 556 1007; x_wconf 85' lang='grc' dir='ltr'><em>ἐτι</em></span> <span class='ocrx_word' id='word_1_45' title='bbox 577 941 675 1027; x_wconf 69' lang='grc' dir='ltr'><em>ἐσμὲν</em></span> <span class='ocrx_word' id='word_1_46' title='bbox 697 936 751 1011; x_wconf 86' lang='grc' dir='ltr'><em>διά</em></span> <span class='ocrx_word' id='word_1_47' title='bbox 773 936 838 1027; x_wconf 83' lang='grc' dir='ltr'><em>τὴν</em></span> <span class='ocrx_word' id='word_1_48' title='bbox 859 933 1036 1028; x_wconf 84' lang='grc' dir='ltr'><em>άμαρτίαν,</em></span> <span class='ocrx_word' id='word_1_49' title='bbox 1064 935 1241 1028; x_wconf 73' lang='grc' dir='ltr'><em>εὐχώμεθα</em></span> <span class='ocrx_word' id='word_1_50' title='bbox 1272 943 1327 1007; x_wconf 88' lang='grc' dir='ltr'><em>καί</em></span> <span class='ocrx_word' id='word_1_51' title='bbox 1354 929 1405 1022; x_wconf 84' lang='grc' dir='ltr'><em>ἐφ’</em></span> <span class='ocrx_word' id='word_1_52' title='bbox 1433 927 1518 1023; x_wconf 80' lang='grc' dir='ltr'><em>ἡμᾶς</em></span> 
     </span>
     <span class='ocr_line' id='line_1_6' title="bbox 176 1027 1518 1158; baseline -0.003 -52"><span class='ocrx_word' id='word_1_53' title='bbox 176 1027 330 1120; x_wconf 78' lang='grc' dir='ltr'><em>σοῦτω,</em></span> <span class='ocrx_word' id='word_1_54' title='bbox 333 1032 390 1118; x_wconf 88' lang='grc' dir='ltr'><em>,τό</em></span> <span class='ocrx_word' id='word_1_55' title='bbox 412 1039 586 1158; x_wconf 82' lang='grc' dir='ltr'><em>θέλημα“</em></span> <span class='ocrx_word' id='word_1_56' title='bbox 602 1043 665 1108; x_wconf 92' lang='grc' dir='ltr'><em>τοῦ</em></span> <span class='ocrx_word' id='word_1_57' title='bbox 685 1042 772 1110; x_wconf 89' lang='grc' dir='ltr'><em>θεοῦ</em></span> <span class='ocrx_word' id='word_1_58' title='bbox 786 1043 950 1110; x_wconf 75' lang='grc' dir='ltr'><em>διατεῖναι</em></span> <span class='ocrx_word' id='word_1_59' title='bbox 963 1043 1210 1128; x_wconf 85' lang='grc' dir='ltr'><em>διορθωτικιῦς,</em></span> <span class='ocrx_word' id='word_1_60' title='bbox 1234 1029 1350 1123; x_wconf 75' lang='grc' dir='ltr'><em>ὥσπερ</em></span> <span class='ocrx_word' id='word_1_61' title='bbox 1366 1037 1518 1122; x_wconf 78' lang='grc' dir='ltr'><em>ἔφθακεν</em></span> 
     </span>
     <span class='ocr_line' id='line_1_7' title="bbox 210 1129 1586 1256; baseline -0.005 -51"><span class='ocrx_word' id='word_1_62' title='bbox 210 1138 265 1206; x_wconf 81' lang='grc' dir='ltr'><em>ἐπί</em></span> <span class='ocrx_word' id='word_1_63' title='bbox 287 1133 367 1218; x_wconf 88' lang='grc' dir='ltr'><em>τοῦς</em></span> <span class='ocrx_word' id='word_1_64' title='bbox 392 1131 460 1224; x_wconf 89' lang='grc' dir='ltr'><em>πρό</em></span> <span class='ocrx_word' id='word_1_65' title='bbox 483 1130 580 1224; x_wconf 77' lang='grc' dir='ltr'><em>ἡμῶν</em></span> <span class='ocrx_word' id='word_1_66' title='bbox 601 1141 804 1226; x_wconf 79' lang='grc' dir='ltr'><em>γενομένους</em></span> <span class='ocrx_word' id='word_1_67' title='bbox 829 1132 1023 1256; x_wconf 43' lang='grc' dir='ltr'><em>οὐρανὸν·</em></span> <span class='ocrx_word' id='word_1_68' title='bbox 1031 1131 1052 1228; x_wconf 85' lang='grc' dir='ltr'>ἢ</span> <span class='ocrx_word' id='word_1_69' title='bbox 1076 1133 1180 1218; x_wconf 86' lang='grc' dir='ltr'><em>ὄντας</em></span> <span class='ocrx_word' id='word_1_70' title='bbox 1203 1145 1208 1220; x_wconf 93' lang='grc' dir='ltr'>Ι</span> <span class='ocrx_word' id='word_1_71' title='bbox 1232 1129 1425 1223; x_wconf 88' lang='grc' dir='ltr'><em>οῦρανόν·</em></span> <span class='ocrx_word' id='word_1_72' title='bbox 1451 1135 1518 1204; x_wconf 76' lang='grc' dir='ltr'><em>εἴτε</em></span> <span class='ocrx_word' id='word_1_73' title='bbox 1535 1143 1586 1198; x_wconf 70' lang='grc'><strong>2444</strong></span> 
     </span>
     <span class='ocr_line' id='line_1_8' title="bbox 209 1229 1518 1326; baseline -0.002 -21"><span class='ocrx_word' id='word_1_74' title='bbox 209 1231 254 1322; x_wconf 80' lang='grc' dir='ltr'><em>μὴ</em></span> <span class='ocrx_word' id='word_1_75' title='bbox 276 1238 322 1322; x_wconf 81' lang='grc' dir='ltr'><em>γῆ</em></span> <span class='ocrx_word' id='word_1_76' title='bbox 348 1229 421 1305; x_wconf 73' lang='grc' dir='ltr'><em>ἀλλ’</em></span> <span class='ocrx_word' id='word_1_77' title='bbox 444 1229 620 1322; x_wconf 88' lang='grc' dir='ltr'><em>οῦρανὸς</em></span> <span class='ocrx_word' id='word_1_78' title='bbox 640 1229 703 1326; x_wconf 79' lang='grc' dir='ltr'><em>ἤδη</em></span> <span class='ocrx_word' id='word_1_79' title='bbox 726 1241 949 1324; x_wconf 78' lang='grc' dir='ltr'><em>λελογίομεθα</em></span> <span class='ocrx_word' id='word_1_80' title='bbox 971 1241 1023 1324; x_wconf 76' lang='grc' dir='ltr'><em>τῷ</em></span> <span class='ocrx_word' id='word_1_81' title='bbox 1046 1241 1129 1325; x_wconf 78' lang='grc' dir='ltr'><em>θεῷ,</em></span> <span class='ocrx_word' id='word_1_82' title='bbox 1153 1230 1362 1322; x_wconf 75' lang='grc' dir='ltr'><em>ἀξιώσωμεν,</em></span> <span class='ocrx_word' id='word_1_83' title='bbox 1385 1237 1441 1304; x_wconf 81' lang='grc' dir='ltr'><em>ἵνα</em></span> <span class='ocrx_word' id='word_1_84' title='bbox 1461 1239 1518 1304; x_wconf 84' lang='grc' dir='ltr'><em>καί</em></span> 
     </span>
     <span class='ocr_line' id='line_1_9' title="bbox 213 1327 1516 1425; baseline -0.005 -19"><span class='ocrx_word' id='word_1_85' title='bbox 213 1337 300 1416; x_wconf 67' lang='grc' dir='ltr'><em>,ἐπὶ</em></span> <span class='ocrx_word' id='word_1_86' title='bbox 322 1339 393 1422; x_wconf 83' lang='grc' dir='ltr'><em>τῆς</em></span> <span class='ocrx_word' id='word_1_87' title='bbox 414 1339 507 1423; x_wconf 84' lang='grc' dir='ltr'><em>γῆς“</em></span> <span class='ocrx_word' id='word_1_88' title='bbox 531 1328 658 1423; x_wconf 84' lang='grc' dir='ltr'><em>ὁμοίως</em></span> <span class='ocrx_word' id='word_1_89' title='bbox 679 1341 759 1423; x_wconf 73' lang='grc' dir='ltr'><em>,τῷ</em></span> <span class='ocrx_word' id='word_1_90' title='bbox 783 1331 973 1424; x_wconf 81' lang='grc' dir='ltr'><em>οῦραυῲ,“</em></span> <span class='ocrx_word' id='word_1_91' title='bbox 995 1340 1084 1425; x_wconf 79' lang='grc' dir='ltr'><em>λέγω</em></span> <span class='ocrx_word' id='word_1_92' title='bbox 1111 1341 1147 1407; x_wconf 82' lang='grc' dir='ltr'><em>δέ</em></span> <span class='ocrx_word' id='word_1_93' title='bbox 1168 1337 1223 1406; x_wconf 85' lang='grc' dir='ltr'><em>ἐπί</em></span> <span class='ocrx_word' id='word_1_94' title='bbox 1245 1340 1320 1406; x_wconf 85' lang='grc' dir='ltr'><em>τῶν</em></span> <span class='ocrx_word' id='word_1_95' title='bbox 1339 1327 1516 1422; x_wconf 74' lang='grc' dir='ltr'><em>χειρόνων,</em></span> 
     </span>
     <span class='ocr_line' id='line_1_10' title="bbox 211 1425 1517 1524; baseline 0 -22"><span class='ocrx_word' id='word_1_96' title='bbox 211 1440 381 1522; x_wconf 78' lang='grc' dir='ltr'><em>πληρωθῇ</em></span> <span class='ocrx_word' id='word_1_97' title='bbox 402 1432 469 1518; x_wconf 70' lang='grc' dir='ltr'><em>,τὸ</em></span> <span class='ocrx_word' id='word_1_98' title='bbox 491 1439 671 1524; x_wconf 84' lang='grc' dir='ltr'><em>θέλημα“</em></span> <span class='ocrx_word' id='word_1_99' title='bbox 695 1440 759 1506; x_wconf 92' lang='grc' dir='ltr'><em>τοῦ</em></span> <span class='ocrx_word' id='word_1_100' title='bbox 784 1439 870 1506; x_wconf 89' lang='grc' dir='ltr'><em>θεοῦ</em></span> <span class='ocrx_word' id='word_1_101' title='bbox 891 1440 937 1518; x_wconf 90' lang='grc' dir='ltr'><em>είς</em></span> <span class='ocrx_word' id='word_1_102' title='bbox 960 1433 1033 1524; x_wconf 81' lang='grc' dir='ltr'><em>τὴν,</em></span> <span class='ocrx_word' id='word_1_103' title='bbox 1056 1429 1100 1504; x_wconf 80' lang='grc' dir='ltr'><em>ἵν’</em></span> <span class='ocrx_word' id='word_1_104' title='bbox 1122 1425 1237 1516; x_wconf 87' lang='grc' dir='ltr'><em>οῦτως</em></span> <span class='ocrx_word' id='word_1_105' title='bbox 1259 1437 1353 1518; x_wconf 85' lang='grc' dir='ltr'><em>είπω,</em></span> <span class='ocrx_word' id='word_1_106' title='bbox 1376 1429 1517 1520; x_wconf 86' lang='grc' dir='ltr'><em>οῦρανο·</em></span> 
     </span>
     <span class='ocr_line' id='line_1_11' title="bbox 160 1527 1518 1623; baseline -0.004 -18"><span class='ocrx_word' id='word_1_107' title='bbox 160 1551 195 1608; x_wconf 90' lang='grc'><em>10</em></span> <span class='ocrx_word' id='word_1_108' title='bbox 211 1538 347 1620; x_wconf 86' lang='grc' dir='ltr'><em>ποίησιν</em></span> <span class='ocrx_word' id='word_1_109' title='bbox 377 1528 494 1623; x_wconf 84' lang='grc' dir='ltr'><em>αῦτῆς,</em></span> <span class='ocrx_word' id='word_1_110' title='bbox 518 1527 609 1606; x_wconf 74' lang='grc' dir='ltr'><em>ὥστε</em></span> <span class='ocrx_word' id='word_1_111' title='bbox 637 1537 755 1623; x_wconf 79' lang='grc' dir='ltr'><em>μηπίτι</em></span> <span class='ocrx_word' id='word_1_112' title='bbox 785 1539 872 1606; x_wconf 82' lang='grc' dir='ltr'><em>ποτέ</em></span> <span class='ocrx_word' id='word_1_113' title='bbox 898 1535 983 1605; x_wconf 88' lang='grc' dir='ltr'><em>είναι</em></span> <span class='ocrx_word' id='word_1_114' title='bbox 1009 1539 1081 1623; x_wconf 77' lang='grc' dir='ltr'><em>γῆν</em></span> <span class='ocrx_word' id='word_1_115' title='bbox 1107 1529 1194 1604; x_wconf 86' lang='grc' dir='ltr'><em>άλλά</em></span> <span class='ocrx_word' id='word_1_116' title='bbox 1220 1529 1335 1604; x_wconf 89' lang='grc' dir='ltr'><em>πάντα</em></span> <span class='ocrx_word' id='word_1_117' title='bbox 1361 1535 1518 1620; x_wconf 80' lang='grc' dir='ltr'><em>γενέσθω</em></span> 
     </span>
     <span class='ocr_line' id='line_1_12' title="bbox 142 1625 1516 1723; baseline -0.004 -19"><span class='ocrx_word' id='word_1_118' title='bbox 142 1647 196 1704; x_wconf 66' lang='grc'><strong>241·</strong></span> <span class='ocrx_word' id='word_1_119' title='bbox 212 1625 395 1718; x_wconf 87' lang='grc' dir='ltr'><em>οῦρανόν.</em></span> <span class='ocrx_word' id='word_1_120' title='bbox 436 1629 496 1704; x_wconf 82' lang='grc' dir='ltr'><em>ἐάν</em></span> <span class='ocrx_word' id='word_1_121' title='bbox 517 1631 579 1722; x_wconf 83' lang='grc' dir='ltr'><em>γάρ</em></span> <span class='ocrx_word' id='word_1_122' title='bbox 597 1639 601 1720; x_wconf 73' lang='lat' dir='ltr'>l</span> <span class='ocrx_word' id='word_1_123' title='bbox 621 1628 669 1716; x_wconf 79' lang='grc' dir='ltr'><em>(ῦς</em></span> <span class='ocrx_word' id='word_1_124' title='bbox 690 1635 757 1717; x_wconf 73' lang='grc' dir='ltr'><em>,ἐν</em></span> <span class='ocrx_word' id='word_1_125' title='bbox 788 1629 972 1723; x_wconf 51' lang='grc' dir='ltr'><em>οῦρανῷίί</em></span> <span class='ocrx_word' id='word_1_126' title='bbox 999 1631 1087 1704; x_wconf 85' lang='grc' dir='ltr'><em>κατὰ</em></span> <span class='ocrx_word' id='word_1_127' title='bbox 1118 1633 1160 1704; x_wconf 87' lang='grc' dir='ltr'><em>τά</em></span> <span class='ocrx_word' id='word_1_128' title='bbox 1192 1627 1422 1721; x_wconf 80' lang='grc' dir='ltr'><em>ἡρμηνευμένα</em></span> <span class='ocrx_word' id='word_1_129' title='bbox 1444 1627 1516 1714; x_wconf 71' lang='grc' dir='ltr'><em>,τὸ</em></span> 
     </span>
     <span class='ocr_line' id='line_1_13' title="bbox 211 1723 1520 1822; baseline 0 -22"><span class='ocrx_word' id='word_1_130' title='bbox 211 1735 389 1820; x_wconf 85' lang='grc' dir='ltr'><em>θέλημα“</em></span> <span class='ocrx_word' id='word_1_131' title='bbox 411 1735 475 1804; x_wconf 90' lang='grc' dir='ltr'><em>τοῦ</em></span> <span class='ocrx_word' id='word_1_132' title='bbox 495 1737 580 1802; x_wconf 83' lang='grc' dir='ltr'><strong><em>θεοῦ</em></strong></span> <span class='ocrx_word' id='word_1_133' title='bbox 602 1723 698 1802; x_wconf 86' lang='grc' dir='ltr'><em>οῦτω</em></span> <span class='ocrx_word' id='word_1_134' title='bbox 729 1737 934 1822; x_wconf 79' lang='grc' dir='ltr'><em>γένηται,</em></span> <span class='ocrx_word' id='word_1_135' title='bbox 940 1738 1004 1804; x_wconf 82' lang='grc' dir='ltr'><em>καί</em></span> <span class='ocrx_word' id='word_1_136' title='bbox 1031 1735 1094 1804; x_wconf 82' lang='grc' dir='ltr'><em>ἐπὶ</em></span> <span class='ocrx_word' id='word_1_137' title='bbox 1116 1737 1201 1822; x_wconf 81' lang='grc' dir='ltr'><em>γῆς,</em></span> <span class='ocrx_word' id='word_1_138' title='bbox 1203 1741 1222 1769; x_wconf 82' lang='grc'><strong>“</strong></span> <span class='ocrx_word' id='word_1_139' title='bbox 1244 1727 1265 1822; x_wconf 83' lang='grc' dir='ltr'><em>ἡ</em></span> <span class='ocrx_word' id='word_1_140' title='bbox 1292 1737 1337 1822; x_wconf 83' lang='grc' dir='ltr'><em>γῆ</em></span> <span class='ocrx_word' id='word_1_141' title='bbox 1365 1725 1407 1802; x_wconf 94' lang='grc' dir='ltr'><em>οῦ</em></span> <span class='ocrx_word' id='word_1_142' title='bbox 1427 1747 1520 1820; x_wconf 79' lang='grc' dir='ltr'><em>μενεί</em></span> 
     </span>
     <span class='ocr_line' id='line_1_14' title="bbox 211 1822 1517 1922; baseline 0 -22"><span class='ocrx_word' id='word_1_143' title='bbox 211 1833 269 1918; x_wconf 79' lang='grc' dir='ltr'><em>γῆ·</em></span> <span class='ocrx_word' id='word_1_144' title='bbox 290 1825 371 1918; x_wconf 86' lang='grc' dir='ltr'><em>ως(</em></span> <span class='ocrx_word' id='word_1_145' title='bbox 360 1833 402 1918; x_wconf 84' lang='grc' dir='ltr'><em>(εί</em></span> <span class='ocrx_word' id='word_1_146' title='bbox 422 1835 550 1920; x_wconf 76' lang='grc' dir='ltr'><em>λέγοιμι</em></span> <span class='ocrx_word' id='word_1_147' title='bbox 571 1833 627 1902; x_wconf 85' lang='grc' dir='ltr'><em>ἐπὶ</em></span> <span class='ocrx_word' id='word_1_148' title='bbox 648 1825 757 1902; x_wconf 81' lang='grc' dir='ltr'><em>ἄλλου</em></span> <span class='ocrx_word' id='word_1_149' title='bbox 778 1838 1047 1922; x_wconf 72' lang='grc' dir='ltr'><em>παραδείγματος</em></span> <span class='ocrx_word' id='word_1_150' title='bbox 1069 1835 1289 1920; x_wconf 79' lang='grc' dir='ltr'><em>σαφέστερον)</em></span> <span class='ocrx_word' id='word_1_151' title='bbox 1309 1829 1378 1914; x_wconf 86' lang='grc' dir='ltr'><em>ἐὰν,</em></span> <span class='ocrx_word' id='word_1_152' title='bbox 1402 1822 1517 1916; x_wconf 76' lang='grc' dir='ltr'><em>ὥσπερ</em></span> 
     </span>
     <span class='ocr_line' id='line_1_15' title="bbox 211 1927 1516 2020; baseline 0 -22"><span class='ocrx_word' id='word_1_153' title='bbox 211 1933 466 2018; x_wconf 77' lang='grc' dir='ltr'><em>γεγένηται,</em></span> <span class='ocrx_word' id='word_1_154' title='bbox 473 1927 514 2000; x_wconf 87' lang='grc' dir='ltr'><em>τό</em></span> <span class='ocrx_word' id='word_1_155' title='bbox 536 1935 712 2020; x_wconf 77' lang='grc' dir='ltr'><em>θίλημα“</em></span> <span class='ocrx_word' id='word_1_156' title='bbox 728 1957 791 2001; x_wconf 91' lang='grc' dir='ltr'><em>του</em></span> <span class='ocrx_word' id='word_1_157' title='bbox 810 1937 897 2002; x_wconf 88' lang='grc' dir='ltr'><em>θεου</em></span> <span class='ocrx_word' id='word_1_158' title='bbox 913 1935 965 2002; x_wconf 85' lang='grc' dir='ltr'><em>ἐπί</em></span> <span class='ocrx_word' id='word_1_159' title='bbox 982 1959 1062 2014; x_wconf 88' lang='grc' dir='ltr'><em>τους</em></span> <span class='ocrx_word' id='word_1_160' title='bbox 1078 1957 1267 2020; x_wconf 84' lang='grc' dir='ltr'><em>σωφρονας</em></span> <span class='ocrx_word' id='word_1_161' title='bbox 1289 1957 1386 2002; x_wconf 92' lang='grc' dir='ltr'><em>ουτω</em></span> <span class='ocrx_word' id='word_1_162' title='bbox 1406 1933 1516 2018; x_wconf 82' lang='grc' dir='ltr'><em>γένη</em></span> 
     </span>
     <span class='ocr_line' id='line_1_16' title="bbox 158 2021 1515 2120; baseline 0 -22"><span class='ocrx_word' id='word_1_163' title='bbox 158 2054 193 2108; x_wconf 79' lang='lat'><em>15</em></span> <span class='ocrx_word' id='word_1_164' title='bbox 211 2054 277 2098; x_wconf 91' lang='grc' dir='ltr'><em>ται</em></span> <span class='ocrx_word' id='word_1_165' title='bbox 298 2035 354 2100; x_wconf 82' lang='grc' dir='ltr'><em>καὶ</em></span> <span class='ocrx_word' id='word_1_166' title='bbox 375 2030 431 2100; x_wconf 80' lang='grc' dir='ltr'><em>ἐπὶ</em></span> <span class='ocrx_word' id='word_1_167' title='bbox 452 2027 533 2112; x_wconf 91' lang='grc' dir='ltr'><em>τοῦς</em></span> <span class='ocrx_word' id='word_1_168' title='bbox 554 2025 778 2114; x_wconf 89' lang='grc' dir='ltr'><em>άκολάστους,</em></span> <span class='ocrx_word' id='word_1_169' title='bbox 801 2033 835 2101; x_wconf 90' lang='grc' dir='ltr'><em>οί</em></span> <span class='ocrx_word' id='word_1_170' title='bbox 855 2027 1038 2102; x_wconf 77' lang='grc' dir='ltr'><em>ἀκόλαστοι</em></span> <span class='ocrx_word' id='word_1_171' title='bbox 1057 2029 1232 2120; x_wconf 82' lang='grc' dir='ltr'><em>σώφρονες</em></span> <span class='ocrx_word' id='word_1_172' title='bbox 1254 2021 1445 2110; x_wconf 78' lang='grc' dir='ltr'><em>ἔσονται,</em></span> <span class='ocrx_word' id='word_1_173' title='bbox 1422 2055 1443 2116; x_wconf 93' lang='grc' dir='ltr'><em>η</em></span> <span class='ocrx_word' id='word_1_174' title='bbox 1467 2055 1515 2109; x_wconf 91' lang='grc' dir='ltr'><em>ως</em></span> 
     </span>
     <span class='ocr_line' id='line_1_17' title="bbox 209 2127 1514 2220; baseline -0.001 -22"><span class='ocrx_word' id='word_1_175' title='bbox 209 2133 462 2218; x_wconf 74' lang='grc' dir='ltr'><em>γεγένηται,</em></span> <span class='ocrx_word' id='word_1_176' title='bbox 469 2127 514 2202; x_wconf 86' lang='grc' dir='ltr'><em>τὸ</em></span> <span class='ocrx_word' id='word_1_177' title='bbox 541 2136 718 2220; x_wconf 85' lang='grc' dir='ltr'><em>θίλημα“</em></span> <span class='ocrx_word' id='word_1_178' title='bbox 741 2135 804 2200; x_wconf 90' lang='grc' dir='ltr'><em>τοῦ</em></span> <span class='ocrx_word' id='word_1_179' title='bbox 830 2137 917 2202; x_wconf 85' lang='grc' dir='ltr'><em>θεοῦ</em></span> <span class='ocrx_word' id='word_1_180' title='bbox 944 2135 1000 2202; x_wconf 84' lang='grc' dir='ltr'><em>ἐπὶ</em></span> <span class='ocrx_word' id='word_1_181' title='bbox 1028 2129 1109 2212; x_wconf 90' lang='grc' dir='ltr'><em>τοῦς</em></span> <span class='ocrx_word' id='word_1_182' title='bbox 1135 2137 1298 2214; x_wconf 74' lang='grc' dir='ltr'><em>δικαίους,</em></span> <span class='ocrx_word' id='word_1_183' title='bbox 1321 2127 1396 2218; x_wconf 87' lang='grc' dir='ltr'><em>&lt;ἐαν</em></span> <span class='ocrx_word' id='word_1_184' title='bbox 1418 2155 1514 2198; x_wconf 91' lang='grc' dir='ltr'><em>ουτω</em></span> 
     </span>
     <span class='ocr_line' id='line_1_18' title="bbox 210 2225 1514 2318; baseline -0.002 -20"><span class='ocrx_word' id='word_1_185' title='bbox 210 2231 394 2318; x_wconf 80' lang='grc' dir='ltr'><em>γδνηται&gt;</em></span> <span class='ocrx_word' id='word_1_186' title='bbox 409 2236 465 2300; x_wconf 87' lang='grc' dir='ltr'><em>καί</em></span> <span class='ocrx_word' id='word_1_187' title='bbox 487 2233 540 2302; x_wconf 82' lang='grc' dir='ltr'><em>ἐπί</em></span> <span class='ocrx_word' id='word_1_188' title='bbox 564 2227 645 2313; x_wconf 85' lang='grc' dir='ltr'><em>τοῦς</em></span> <span class='ocrx_word' id='word_1_189' title='bbox 666 2225 811 2314; x_wconf 76' lang='grc' dir='ltr'><em>ἀδίκους,</em></span> <span class='ocrx_word' id='word_1_190' title='bbox 833 2231 866 2302; x_wconf 86' lang='grc' dir='ltr'><em>οί</em></span> <span class='ocrx_word' id='word_1_191' title='bbox 887 2225 998 2302; x_wconf 87' lang='grc' dir='ltr'><em>α”δικοι</em></span> <span class='ocrx_word' id='word_1_192' title='bbox 1018 2233 1141 2302; x_wconf 92' lang='grc' dir='ltr'><em>δίκαιοι</em></span> <span class='ocrx_word' id='word_1_193' title='bbox 1164 2232 1312 2300; x_wconf 83' lang='grc' dir='ltr'><em>ἔσονται·</em></span> <span class='ocrx_word' id='word_1_194' title='bbox 1335 2227 1389 2300; x_wconf 84' lang='grc' dir='ltr'><em>διὰ</em></span> <span class='ocrx_word' id='word_1_195' title='bbox 1410 2231 1514 2298; x_wconf 92' lang='grc' dir='ltr'><em>τοῦτο</em></span> 
     </span>
     <span class='ocr_line' id='line_1_19' title="bbox 209 2323 1515 2419; baseline 0 -23"><span class='ocrx_word' id='word_1_196' title='bbox 209 2323 328 2410; x_wconf 68' lang='grc' dir='ltr'><em>ἐὰν,“</em></span> <span class='ocrx_word' id='word_1_197' title='bbox 299 2357 347 2411; x_wconf 87' lang='grc' dir='ltr'><em>ως</em></span> <span class='ocrx_word' id='word_1_198' title='bbox 363 2331 424 2410; x_wconf 73' lang='grc' dir='ltr'><em>,ἐν</em></span> <span class='ocrx_word' id='word_1_199' title='bbox 445 2324 618 2418; x_wconf 42' lang='grc' dir='ltr'><em>οὐρανῷ(</em></span> <span class='ocrx_word' id='word_1_200' title='bbox 621 2334 855 2418; x_wconf 49' lang='grc' dir='ltr'><em>(γεγένηται</em></span> <span class='ocrx_word' id='word_1_201' title='bbox 877 2327 944 2414; x_wconf 72' lang='grc' dir='ltr'><em>,τό</em></span> <span class='ocrx_word' id='word_1_202' title='bbox 966 2335 1140 2419; x_wconf 87' lang='grc' dir='ltr'><em>θέλημα“</em></span> <span class='ocrx_word' id='word_1_203' title='bbox 1155 2333 1328 2412; x_wconf 86' lang='grc' dir='ltr'><em>τοῦθεοῦ,</em></span> <span class='ocrx_word' id='word_1_204' title='bbox 1351 2331 1515 2416; x_wconf 78' lang='grc' dir='ltr'><em>γένηται</em></span> 
     </span>
     <span class='ocr_line' id='line_1_20' title="bbox 212 2421 1516 2518; baseline 0.001 -22"><span class='ocrx_word' id='word_1_205' title='bbox 212 2435 294 2498; x_wconf 81' lang='grc' dir='ltr'><em>..καί</em></span> <span class='ocrx_word' id='word_1_206' title='bbox 316 2431 380 2498; x_wconf 82' lang='grc' dir='ltr'><em>ἐπὶ</em></span> <span class='ocrx_word' id='word_1_207' title='bbox 403 2433 506 2518; x_wconf 79' lang='grc' dir='ltr'><em>γῆς,“</em></span> <span class='ocrx_word' id='word_1_208' title='bbox 522 2423 667 2518; x_wconf 80' lang='grc' dir='ltr'><em>ἐσόμεθα</em></span> <span class='ocrx_word' id='word_1_209' title='bbox 681 2423 809 2512; x_wconf 90' lang='grc' dir='ltr'><em>πάντες</em></span> <span class='ocrx_word' id='word_1_210' title='bbox 827 2425 1013 2518; x_wconf 85' lang='grc' dir='ltr'><em>οῦρανὸς,</em></span> <span class='ocrx_word' id='word_1_211' title='bbox 1036 2434 1098 2518; x_wconf 83' lang='grc' dir='ltr'><em>τῆς</em></span> <span class='ocrx_word' id='word_1_212' title='bbox 1118 2425 1163 2518; x_wconf 80' lang='grc' dir='ltr'><em>μὴ</em></span> <span class='ocrx_word' id='word_1_213' title='bbox 1178 2424 1377 2517; x_wconf 77' lang='grc' dir='ltr'><em>οόφελοῦοης</em></span> <span class='ocrx_word' id='word_1_214' title='bbox 1391 2421 1516 2514; x_wconf 85' lang='grc' dir='ltr'><em>σαρκός</em></span> 
     </span>
     <span class='ocr_line' id='line_1_21' title="bbox 157 2523 1515 2618; baseline -0.007 -15"><span class='ocrx_word' id='word_1_215' title='bbox 157 2547 193 2603; x_wconf 86' lang='grc'><strong>20</strong></span> <span class='ocrx_word' id='word_1_216' title='bbox 208 2533 264 2598; x_wconf 84' lang='grc' dir='ltr'><em>καί</em></span> <span class='ocrx_word' id='word_1_217' title='bbox 294 2533 475 2616; x_wconf 76' lang='grc' dir='ltr'><em>συγγενοῦς</em></span> <span class='ocrx_word' id='word_1_218' title='bbox 506 2523 593 2616; x_wconf 75' lang='grc' dir='ltr'><em>αὐτῇ</em></span> <span class='ocrx_word' id='word_1_219' title='bbox 623 2531 763 2618; x_wconf 78' lang='grc' dir='ltr'><em>αἳματος</em></span> <span class='ocrx_word' id='word_1_220' title='bbox 789 2526 834 2618; x_wconf 85' lang='grc' dir='ltr'><em>μὴ</em></span> <span class='ocrx_word' id='word_1_221' title='bbox 861 2533 1056 2616; x_wconf 75' lang='grc' dir='ltr'><em>δυναμένων</em></span> <span class='ocrx_word' id='word_1_222' title='bbox 1078 2539 1304 2616; x_wconf 78' lang='grc' dir='ltr'><em>κληρονομεῖν</em></span> <span class='ocrx_word' id='word_1_223' title='bbox 1325 2529 1515 2614; x_wconf 65' lang='grc' dir='ltr'><em>,βασιλείαν</em></span> 
     </span>
     <span class='ocr_line' id='line_1_22' title="bbox 210 2619 1514 2717; baseline -0.002 -20"><span class='ocrx_word' id='word_1_224' title='bbox 210 2633 327 2700; x_wconf 86' lang='grc' dir='ltr'><em>θεοῦ.“</em></span> <span class='ocrx_word' id='word_1_225' title='bbox 362 2635 584 2717; x_wconf 75' lang='grc' dir='ltr'><em>κληρονομεῖν</em></span> <span class='ocrx_word' id='word_1_226' title='bbox 620 2623 654 2697; x_wconf 78' lang='grc' dir='ltr'><em>δ’</em></span> <span class='ocrx_word' id='word_1_227' title='bbox 683 2620 726 2698; x_wconf 83' lang='grc' dir='ltr'><em>άν</em></span> <span class='ocrx_word' id='word_1_228' title='bbox 762 2631 1038 2716; x_wconf 87' lang='grc' dir='ltr'><em>λεχθησομένων,</em></span> <span class='ocrx_word' id='word_1_229' title='bbox 1075 2627 1136 2699; x_wconf 84' lang='grc' dir='ltr'><em>ἐὰν</em></span> <span class='ocrx_word' id='word_1_230' title='bbox 1171 2623 1408 2717; x_wconf 81' lang='grc' dir='ltr'><em>μεταβάλωσιν</em></span> <span class='ocrx_word' id='word_1_231' title='bbox 1445 2619 1514 2695; x_wconf 85' lang='grc' dir='ltr'><em>άπὸ</em></span> 
     </span>
     <span class='ocr_line' id='line_1_23' title="bbox 209 2722 1392 2818; baseline -0.001 -22"><span class='ocrx_word' id='word_1_232' title='bbox 209 2723 332 2815; x_wconf 85' lang='grc' dir='ltr'><em>σαρκός</em></span> <span class='ocrx_word' id='word_1_233' title='bbox 353 2733 409 2796; x_wconf 83' lang='grc' dir='ltr'><em>καί</em></span> <span class='ocrx_word' id='word_1_234' title='bbox 429 2731 499 2817; x_wconf 81' lang='grc' dir='ltr'><em>γῆς</em></span> <span class='ocrx_word' id='word_1_235' title='bbox 520 2735 576 2798; x_wconf 87' lang='grc' dir='ltr'><em>καί</em></span> <span class='ocrx_word' id='word_1_236' title='bbox 596 2732 660 2816; x_wconf 85' lang='grc' dir='ltr'><em>χοῦ</em></span> <span class='ocrx_word' id='word_1_237' title='bbox 681 2735 738 2800; x_wconf 83' lang='grc' dir='ltr'><em>καί</em></span> <span class='ocrx_word' id='word_1_238' title='bbox 759 2727 900 2818; x_wconf 75' lang='grc' dir='ltr'><em>αἵματος</em></span> <span class='ocrx_word' id='word_1_239' title='bbox 920 2731 976 2798; x_wconf 82' lang='grc' dir='ltr'><em>ἐπὶ</em></span> <span class='ocrx_word' id='word_1_240' title='bbox 998 2725 1063 2818; x_wconf 79' lang='grc' dir='ltr'><em>τὴν</em></span> <span class='ocrx_word' id='word_1_241' title='bbox 1084 2722 1245 2816; x_wconf 88' lang='grc' dir='ltr'><em>οῦράνιον</em></span> <span class='ocrx_word' id='word_1_242' title='bbox 1266 2722 1392 2798; x_wconf 89' lang='grc' dir='ltr'><em>οόσίαν.</em></span> 
     </span>
     <span class='ocr_line' id='line_1_24' title="bbox 291 2835 1515 2934; baseline -0.002 -21"><span class='ocrx_word' id='word_1_243' title='bbox 291 2845 412 2913; x_wconf 84' lang='lat' dir='ltr'>XXVII</span> <span class='ocrx_word' id='word_1_244' title='bbox 436 2855 462 2914; x_wconf 92' lang='lat'><em>1.</em></span> <span class='ocrx_word' id='word_1_245' title='bbox 499 2841 598 2928; x_wconf 71' lang='grc' dir='ltr'><em>,Τὸν</em></span> <span class='ocrx_word' id='word_1_246' title='bbox 638 2839 764 2933; x_wconf 86' lang='grc' dir='ltr'><em>άρτον</em></span> <span class='ocrx_word' id='word_1_247' title='bbox 801 2839 911 2934; x_wconf 80' lang='grc' dir='ltr'><em>ἡμῶν</em></span> <span class='ocrx_word' id='word_1_248' title='bbox 951 2841 1024 2915; x_wconf 86' lang='grc' dir='ltr'><em>τὸν</em></span> <span class='ocrx_word' id='word_1_249' title='bbox 1064 2839 1272 2914; x_wconf 73' lang='grc' dir='ltr'><em>ἐπιούσιον</em></span> <span class='ocrx_word' id='word_1_250' title='bbox 1314 2838 1382 2926; x_wconf 87' lang='grc' dir='ltr'><em>δὸς</em></span> <span class='ocrx_word' id='word_1_251' title='bbox 1421 2835 1515 2929; x_wconf 74' lang='grc' dir='ltr'><em>ἡμῖν</em></span> 
     </span>
     <span class='ocr_line' id='line_1_25' title="bbox 210 2935 1515 3034; baseline -0.003 -22"><span class='ocrx_word' id='word_1_252' title='bbox 210 2937 413 3031; x_wconf 80' lang='grc' dir='ltr'><em>σήμερου,“</em></span> <span class='ocrx_word' id='word_1_253' title='bbox 440 2935 460 3034; x_wconf 82' lang='grc' dir='ltr'>ἢ</span> <span class='ocrx_word' id='word_1_254' title='bbox 488 2939 536 3025; x_wconf 71' lang='grc' dir='ltr'><em>ω“ς</em></span> <span class='ocrx_word' id='word_1_255' title='bbox 568 2937 588 3014; x_wconf 86' lang='grc' dir='ltr'><em>ό</em></span> <span class='ocrx_word' id='word_1_256' title='bbox 618 2949 765 3027; x_wconf 83' lang='grc' dir='ltr'><em>Λουκᾶς·</em></span> <span class='ocrx_word' id='word_1_257' title='bbox 794 2941 889 3028; x_wconf 68' lang='grc' dir='ltr'><em>,τόν</em></span> <span class='ocrx_word' id='word_1_258' title='bbox 918 2937 1043 3032; x_wconf 85' lang='grc' dir='ltr'><em>άρτον</em></span> <span class='ocrx_word' id='word_1_259' title='bbox 1066 2938 1178 3032; x_wconf 82' lang='grc' dir='ltr'><em>ἡμῶν</em></span> <span class='ocrx_word' id='word_1_260' title='bbox 1203 2940 1276 3013; x_wconf 87' lang='grc' dir='ltr'><em>τὸν</em></span> <span class='ocrx_word' id='word_1_261' title='bbox 1305 2937 1515 3013; x_wconf 90' lang='grc' dir='ltr'><em>ἐπιοῦσιον</em></span> 
     </span>
     <span class='ocr_line' id='line_1_26' title="bbox 156 3037 1516 3133; baseline -0.008 -15"><span class='ocrx_word' id='word_1_262' title='bbox 156 3045 323 3118; x_wconf 76' lang='grc' dir='ltr'><em>2ὑδίδου</em></span> <span class='ocrx_word' id='word_1_263' title='bbox 353 3037 444 3130; x_wconf 70' lang='grc' dir='ltr'><em>η’μιν</em></span> <span class='ocrx_word' id='word_1_264' title='bbox 474 3037 563 3114; x_wconf 80' lang='grc' dir='ltr'><em>καθ’</em></span> <span class='ocrx_word' id='word_1_265' title='bbox 593 3038 773 3133; x_wconf 79' lang='grc' dir='ltr'><em>ἦμέραν.“</em></span> <span class='ocrx_word' id='word_1_266' title='bbox 803 3047 876 3114; x_wconf 83' lang='grc' dir='ltr'><em>ἐπεί</em></span> <span class='ocrx_word' id='word_1_267' title='bbox 911 3070 1002 3126; x_wconf 90' lang='grc' dir='ltr'><em>τινες</em></span> <span class='ocrx_word' id='word_1_268' title='bbox 1031 3039 1304 3132; x_wconf 75' lang='grc' dir='ltr'><em>ὑπολαμβάνουσι</em></span> <span class='ocrx_word' id='word_1_269' title='bbox 1341 3047 1419 3128; x_wconf 83' lang='grc' dir='ltr'><em>περὶ</em></span> <span class='ocrx_word' id='word_1_270' title='bbox 1452 3043 1516 3108; x_wconf 90' lang='grc' dir='ltr'><em>τοῦ</em></span> 
     </span>
     <span class='ocr_line' id='line_1_27' title="bbox 209 3135 1515 3232; baseline -0.001 -22"><span class='ocrx_word' id='word_1_271' title='bbox 209 3146 405 3226; x_wconf 86' lang='grc' dir='ltr'><em>σωματικοῦ</em></span> <span class='ocrx_word' id='word_1_272' title='bbox 427 3135 553 3230; x_wconf 84' lang='grc' dir='ltr'><em>άρτου</em></span> <span class='ocrx_word' id='word_1_273' title='bbox 575 3147 730 3232; x_wconf 82' lang='grc' dir='ltr'><em>λέγεσθοι</em></span> <span class='ocrx_word' id='word_1_274' title='bbox 752 3137 909 3231; x_wconf 89' lang='grc' dir='ltr'><em>εῦχεσθαι</em></span> <span class='ocrx_word' id='word_1_275' title='bbox 932 3137 1030 3230; x_wconf 77' lang='grc' dir='ltr'><em>ἡμᾶς,</em></span> <span class='ocrx_word' id='word_1_276' title='bbox 1053 3137 1149 3227; x_wconf 76' lang='grc' dir='ltr'><em>ἄξιον</em></span> <span class='ocrx_word' id='word_1_277' title='bbox 1170 3139 1288 3213; x_wconf 77' lang='grc' dir='ltr'><em>αὐτῶν</em></span> <span class='ocrx_word' id='word_1_278' title='bbox 1309 3137 1375 3229; x_wconf 81' lang='grc' dir='ltr'><em>τὴν</em></span> <span class='ocrx_word' id='word_1_279' title='bbox 1395 3143 1515 3226; x_wconf 84' lang='grc' dir='ltr'><em>ψευδο-</em></span> 
     </span>
     <span class='ocr_line' id='line_1_28' title="bbox 209 3235 1515 3331; baseline -0.001 -23"><span class='ocrx_word' id='word_1_280' title='bbox 209 3243 327 3324; x_wconf 75' lang='grc' dir='ltr'><em>δοξίαν</em></span> <span class='ocrx_word' id='word_1_281' title='bbox 357 3237 412 3310; x_wconf 84' lang='grc' dir='ltr'><em>διὰ</em></span> <span class='ocrx_word' id='word_1_282' title='bbox 443 3238 581 3312; x_wconf 82' lang='grc' dir='ltr'><em>τοῦτον</em></span> <span class='ocrx_word' id='word_1_283' title='bbox 608 3237 831 3330; x_wconf 86' lang='grc' dir='ltr'><em>περιελόντας</em></span> <span class='ocrx_word' id='word_1_284' title='bbox 861 3247 1074 3331; x_wconf 80' lang='grc' dir='ltr'><em>παραστῆσαι</em></span> <span class='ocrx_word' id='word_1_285' title='bbox 1104 3237 1146 3311; x_wconf 86' lang='grc' dir='ltr'><em>τὸ</em></span> <span class='ocrx_word' id='word_1_286' title='bbox 1177 3235 1304 3329; x_wconf 81' lang='grc' dir='ltr'><em>άληθές</em></span> <span class='ocrx_word' id='word_1_287' title='bbox 1334 3247 1412 3328; x_wconf 81' lang='grc' dir='ltr'><em>περὶ</em></span> <span class='ocrx_word' id='word_1_288' title='bbox 1442 3243 1515 3310; x_wconf 90' lang='grc' dir='ltr'><em>τοῦ</em></span> 
     </span>
     <span class='ocr_line' id='line_1_29' title="bbox 209 3331 1516 3428; baseline 0 -20"><span class='ocrx_word' id='word_1_289' title='bbox 209 3341 417 3410; x_wconf 89' lang='grc' dir='ltr'><em>ἐπιουσίου</em></span> <span class='ocrx_word' id='word_1_290' title='bbox 437 3333 569 3428; x_wconf 79' lang='grc' dir='ltr'><em>ἄρτου.</em></span> <span class='ocrx_word' id='word_1_291' title='bbox 605 3347 745 3412; x_wconf 79' lang='grc' dir='ltr'><em>λεκτέον</em></span> <span class='ocrx_word' id='word_1_292' title='bbox 767 3331 830 3413; x_wconf 88' lang='grc' dir='ltr'><em>οῦν</em></span> <span class='ocrx_word' id='word_1_293' title='bbox 852 3337 937 3428; x_wconf 88' lang='grc' dir='ltr'><em>πρὸς</em></span> <span class='ocrx_word' id='word_1_294' title='bbox 959 3337 1083 3424; x_wconf 86' lang='grc' dir='ltr'><em>αῦτοῦς</em></span> <span class='ocrx_word' id='word_1_295' title='bbox 1105 3333 1160 3412; x_wconf 88' lang='grc' dir='ltr'><em>ότι</em></span> <span class='ocrx_word' id='word_1_296' title='bbox 1181 3346 1257 3422; x_wconf 80' lang='grc' dir='ltr'><em>πῶς</em></span> <span class='ocrx_word' id='word_1_297' title='bbox 1278 3333 1297 3410; x_wconf 88' lang='lat'>6</span> <span class='ocrx_word' id='word_1_298' title='bbox 1320 3345 1431 3428; x_wconf 81' lang='grc' dir='ltr'><em>λέγων</em></span> <span class='ocrx_word' id='word_1_299' title='bbox 1446 3343 1516 3409; x_wconf 74' lang='grc' dir='ltr'><em>δεῖν</em></span> 
     </span>
     <span class='ocr_line' id='line_1_30' title="bbox 209 3435 1516 3532; baseline -0.001 -25"><span class='ocrx_word' id='word_1_300' title='bbox 209 3443 315 3508; x_wconf 80' lang='grc' dir='ltr'><em>αίτεῑν</em></span> <span class='ocrx_word' id='word_1_301' title='bbox 341 3435 525 3528; x_wconf 79' lang='grc' dir='ltr'><em>ἐπουράνια</em></span> <span class='ocrx_word' id='word_1_302' title='bbox 556 3447 612 3510; x_wconf 77' lang='grc' dir='ltr'><em>καὶ</em></span> <span class='ocrx_word' id='word_1_303' title='bbox 641 3437 781 3532; x_wconf 72' lang='grc' dir='ltr'><em>μεγάλα,</em></span> <span class='ocrx_word' id='word_1_304' title='bbox 810 3435 891 3513; x_wconf 90' lang='grc' dir='ltr'><em>οῦτε</em></span> <span class='ocrx_word' id='word_1_305' title='bbox 922 3445 1127 3528; x_wconf 80' lang='grc' dir='ltr'><em>ἐπουρανίου</em></span> <span class='ocrx_word' id='word_1_306' title='bbox 1149 3435 1252 3522; x_wconf 88' lang='grc' dir='ltr'><em>όντος</em></span> <span class='ocrx_word' id='word_1_307' title='bbox 1279 3443 1352 3510; x_wconf 91' lang='grc' dir='ltr'><em>τοῦ</em></span> <span class='ocrx_word' id='word_1_308' title='bbox 1378 3443 1425 3520; x_wconf 88' lang='grc' dir='ltr'><em>είς</em></span> <span class='ocrx_word' id='word_1_309' title='bbox 1450 3435 1516 3526; x_wconf 82' lang='grc' dir='ltr'><em>τὴν</em></span> 
     </span>
     <span class='ocr_line' id='line_1_31' title="bbox 157 3533 1515 3630; baseline -0.004 -18"><span class='ocrx_word' id='word_1_310' title='bbox 157 3557 193 3612; x_wconf 76' lang='grc'><em>30</em></span> <span class='ocrx_word' id='word_1_311' title='bbox 209 3535 317 3626; x_wconf 89' lang='grc' dir='ltr'><em>σάρκα</em></span> <span class='ocrx_word' id='word_1_312' title='bbox 337 3533 435 3628; x_wconf 80' lang='grc' dir='ltr'><em>ἡμῶν</em></span> <span class='ocrx_word' id='word_1_313' title='bbox 456 3534 698 3629; x_wconf 79' lang='grc' dir='ltr'><em>άναδιδομένου</em></span> <span class='ocrx_word' id='word_1_314' title='bbox 724 3535 850 3628; x_wconf 86' lang='grc' dir='ltr'><em>άρτου</em></span> <span class='ocrx_word' id='word_1_315' title='bbox 875 3533 958 3610; x_wconf 88' lang='grc' dir='ltr'><em>οῦτε</em></span> <span class='ocrx_word' id='word_1_316' title='bbox 978 3535 1126 3630; x_wconf 76' lang='grc' dir='ltr'><em>μεγάλου</em></span> <span class='ocrx_word' id='word_1_317' title='bbox 1148 3535 1333 3628; x_wconf 78' lang='grc' dir='ltr'><em>αἰτήματος</em></span> <span class='ocrx_word' id='word_1_318' title='bbox 1355 3542 1418 3608; x_wconf 90' lang='grc' dir='ltr'><em>τοῦ</em></span> <span class='ocrx_word' id='word_1_319' title='bbox 1438 3543 1515 3624; x_wconf 76' lang='grc' dir='ltr'><em>περὶ</em></span> 
     </span>
    </p>
   </div>
   <div class='ocr_carea' id='block_1_3' title="bbox 209 3721 1515 4052">
    <p class='ocr_par' dir='ltr' id='par_1_3' title="bbox 209 3721 1515 4052">
     <span class='ocr_line' id='line_1_32' title="bbox 296 3721 1514 3796; baseline -0.004 -14"><span class='ocrx_word' id='word_1_320' title='bbox 296 3725 312 3782; x_wconf 92' lang='grc'>1</span> <span class='ocrx_word' id='word_1_321' title='bbox 336 3723 397 3796; x_wconf 73' lang='lat' dir='ltr'>vgl.</span> <span class='ocrx_word' id='word_1_322' title='bbox 415 3723 483 3780; x_wconf 76' lang='lat' dir='ltr'><strong>Gon.</strong></span> <span class='ocrx_word' id='word_1_323' title='bbox 500 3725 529 3791; x_wconf 82' lang='lat'><em>3,</em></span> <span class='ocrx_word' id='word_1_324' title='bbox 548 3725 581 3780; x_wconf 80' lang='lat'><em>10</em></span> <span class='ocrx_word' id='word_1_325' title='bbox 603 3725 659 3780; x_wconf 83' lang='lat' dir='ltr'><em>und</em></span> <span class='ocrx_word' id='word_1_326' title='bbox 677 3725 817 3796; x_wconf 69' lang='grc' dir='ltr'><em>θήρεοεε,</em></span> <span class='ocrx_word' id='word_1_327' title='bbox 835 3727 867 3782; x_wconf 88' lang='lat' dir='ltr'><em>In</em></span> <span class='ocrx_word' id='word_1_328' title='bbox 884 3725 983 3781; x_wconf 78' lang='lat' dir='ltr'>Ierem.</span> <span class='ocrx_word' id='word_1_329' title='bbox 1001 3726 1075 3782; x_wconf 86' lang='lat' dir='ltr'><strong>hom.</strong></span> <span class='ocrx_word' id='word_1_330' title='bbox 1088 3723 1152 3778; x_wconf 85' lang='lat' dir='ltr'>VIII</span> <span class='ocrx_word' id='word_1_331' title='bbox 1169 3725 1185 3780; x_wconf 86' lang='lat'>2</span> <span class='ocrx_word' id='word_1_332' title='bbox 1204 3725 1239 3794; x_wconf 89' lang='lat' dir='ltr'><em>[u.</em></span> <span class='ocrx_word' id='word_1_333' title='bbox 1252 3721 1305 3780; x_wconf 78' lang='lat' dir='ltr'>Sel.</span> <span class='ocrx_word' id='word_1_334' title='bbox 1318 3723 1347 3778; x_wconf 84' lang='lat' dir='ltr'><em>in</em></span> <span class='ocrx_word' id='word_1_335' title='bbox 1360 3723 1459 3780; x_wconf 79' lang='grc' dir='ltr'><em>λειειο.</em></span> <span class='ocrx_word' id='word_1_336' title='bbox 1471 3722 1514 3792; x_wconf 86' lang='grc'><em>24]</em></span> 
     </span>
     <span class='ocr_line' id='line_1_33' title="bbox 211 3806 1514 3882; baseline -0.003 -17"><span class='ocrx_word' id='word_1_337' title='bbox 211 3811 285 3866; x_wconf 59' lang='lat' dir='ltr'><strong>stom.</strong></span> <span class='ocrx_word' id='word_1_338' title='bbox 303 3809 354 3864; x_wconf 83' lang='lat' dir='ltr'><em>XV</em></span> <span class='ocrx_word' id='word_1_339' title='bbox 372 3827 397 3880; x_wconf 92' lang='lat' dir='ltr'><em>p.</em></span> <span class='ocrx_word' id='word_1_340' title='bbox 416 3811 514 3878; x_wconf 59' lang='lat'>1956.</span> <span class='ocrx_word' id='word_1_341' title='bbox 533 3809 567 3880; x_wconf 87' lang='grc' dir='ltr'><em>[σ.</em></span> <span class='ocrx_word' id='word_1_342' title='bbox 583 3811 644 3882; x_wconf 83' lang='grc'><strong>450]</strong></span> <span class='ocrx_word' id='word_1_343' title='bbox 666 3811 708 3867; x_wconf 80' lang='grc' dir='ltr'><em>εδ.</em></span> <span class='ocrx_word' id='word_1_344' title='bbox 726 3811 849 3880; x_wconf 58' lang='lat' dir='ltr'><strong>boma).</strong></span> <span class='ocrx_word' id='word_1_345' title='bbox 875 3811 1041 3872; x_wconf 69' lang='lat' dir='ltr'>Tertullian,</span> <span class='ocrx_word' id='word_1_346' title='bbox 1065 3807 1106 3864; x_wconf 80' lang='lat' dir='ltr'><em>De</em></span> <span class='ocrx_word' id='word_1_347' title='bbox 1128 3813 1196 3864; x_wconf 71' lang='grc' dir='ltr'><em>οταί.</em></span> <span class='ocrx_word' id='word_1_348' title='bbox 1214 3809 1279 3880; x_wconf 69' lang='lat' dir='ltr'><em>Cep.</em></span> <span class='ocrx_word' id='word_1_349' title='bbox 1298 3808 1346 3864; x_wconf 91' lang='lat' dir='ltr'><em>IV.</em></span> <span class='ocrx_word' id='word_1_350' title='bbox 1364 3837 1398 3848; x_wconf 93' lang='lat'><em>-</em></span> <span class='ocrx_word' id='word_1_351' title='bbox 1414 3807 1433 3864; x_wconf 77' lang='grc' dir='ltr'><em>θ</em></span> <span class='ocrx_word' id='word_1_352' title='bbox 1451 3806 1514 3876; x_wconf 77' lang='lat' dir='ltr'>Vgl.</span> 
     </span>
     <span class='ocr_line' id='line_1_34' title="bbox 210 3891 1515 3963; baseline -0.002 -17"><span class='ocrx_word' id='word_1_353' title='bbox 210 3891 307 3946; x_wconf 73' lang='grc' dir='ltr'><em>Μελίλι</em></span> <span class='ocrx_word' id='word_1_354' title='bbox 324 3897 349 3956; x_wconf 85' lang='grc'><em>6.</em></span> <span class='ocrx_word' id='word_1_355' title='bbox 368 3896 408 3950; x_wconf 90' lang='lat'><em>10.</em></span> <span class='ocrx_word' id='word_1_356' title='bbox 426 3923 460 3934; x_wconf 97' lang='lat'>-</span> <span class='ocrx_word' id='word_1_357' title='bbox 479 3893 517 3950; x_wconf 84' lang='grc' dir='ltr'><em>λθ</em></span> <span class='ocrx_word' id='word_1_358' title='bbox 536 3891 597 3963; x_wconf 77' lang='lat' dir='ltr'>vgl.</span> <span class='ocrx_word' id='word_1_359' title='bbox 616 3895 677 3950; x_wconf 85' lang='lat' dir='ltr'>Joh.</span> <span class='ocrx_word' id='word_1_360' title='bbox 695 3897 723 3962; x_wconf 89' lang='grc'><em>6,</em></span> <span class='ocrx_word' id='word_1_361' title='bbox 742 3897 784 3952; x_wconf 68' lang='grc'><em>66</em></span> <span class='ocrx_word' id='word_1_362' title='bbox 810 3893 904 3952; x_wconf 83' lang='grc' dir='ltr'><em>ΙΚοι.</em></span> <span class='ocrx_word' id='word_1_363' title='bbox 922 3897 947 3962; x_wconf 90' lang='grc'><em>6,</em></span> <span class='ocrx_word' id='word_1_364' title='bbox 964 3895 989 3950; x_wconf 85' lang='grc'><em>9.</em></span> <span class='ocrx_word' id='word_1_365' title='bbox 1007 3895 1048 3950; x_wconf 85' lang='grc'><em>10.</em></span> <span class='ocrx_word' id='word_1_366' title='bbox 1078 3897 1118 3958; x_wconf 78' lang='grc'><em>16,</em></span> <span class='ocrx_word' id='word_1_367' title='bbox 1136 3895 1177 3950; x_wconf 86' lang='grc'><em>50.</em></span> <span class='ocrx_word' id='word_1_368' title='bbox 1195 3923 1229 3933; x_wconf 97' lang='grc'>-</span> <span class='ocrx_word' id='word_1_369' title='bbox 1251 3893 1292 3949; x_wconf 79' lang='grc'><strong>28</strong></span> <span class='ocrx_word' id='word_1_370' title='bbox 1315 3893 1412 3948; x_wconf 74' lang='lat' dir='ltr'><strong>Matth.</strong></span> <span class='ocrx_word' id='word_1_371' title='bbox 1431 3895 1515 3957; x_wconf 75' lang='grc'><em>611.</em></span> 
     </span>
     <span class='ocr_line' id='line_1_35' title="bbox 209 3975 1150 4052; baseline 0 -20"><span class='ocrx_word' id='word_1_372' title='bbox 209 4005 243 4016; x_wconf 97' lang='grc'>-</span> <span class='ocrx_word' id='word_1_373' title='bbox 261 3975 299 4032; x_wconf 75' lang='grc'><em>24</em></span> <span class='ocrx_word' id='word_1_374' title='bbox 316 3975 383 4032; x_wconf 75' lang='lat' dir='ltr'>Luk.</span> <span class='ocrx_word' id='word_1_375' title='bbox 403 3981 443 4042; x_wconf 86' lang='lat'><em>11,</em></span> <span class='ocrx_word' id='word_1_376' title='bbox 458 3981 483 4036; x_wconf 84' lang='grc'><em>3.</em></span> <span class='ocrx_word' id='word_1_377' title='bbox 501 4009 534 4020; x_wconf 88' lang='lat'>-</span> <span class='ocrx_word' id='word_1_378' title='bbox 552 3979 591 4036; x_wconf 72' lang='lat'><em>29</em></span> <span class='ocrx_word' id='word_1_379' title='bbox 610 3977 673 4050; x_wconf 77' lang='lat' dir='ltr'><strong>Vgl.</strong></span> <span class='ocrx_word' id='word_1_380' title='bbox 691 3979 763 4036; x_wconf 79' lang='lat' dir='ltr'>oben</span> <span class='ocrx_word' id='word_1_381' title='bbox 781 3977 847 4052; x_wconf 68' lang='lat' dir='ltr'><strong>Gap.</strong></span> <span class='ocrx_word' id='word_1_382' title='bbox 864 3980 891 4034; x_wconf 91' lang='lat'><em>11</em></span> <span class='ocrx_word' id='word_1_383' title='bbox 908 3980 933 4042; x_wconf 81' lang='grc'><em>2,</em></span> <span class='ocrx_word' id='word_1_384' title='bbox 952 3979 977 4033; x_wconf 87' lang='lat' dir='ltr'><em>S.</em></span> <span class='ocrx_word' id='word_1_385' title='bbox 995 3980 1045 4036; x_wconf 81' lang='lat'><em>299</em></span> <span class='ocrx_word' id='word_1_386' title='bbox 1063 3977 1090 4032; x_wconf 82' lang='grc'><em>2.</em></span> <span class='ocrx_word' id='word_1_387' title='bbox 1110 3979 1150 4034; x_wconf 88' lang='lat'><em>19.</em></span> 
     </span>
    </p>
   </div>
   <div class='ocr_carea' id='block_1_4' title="bbox 208 4117 1516 4704">
    <p class='ocr_par' dir='ltr' id='par_1_4' title="bbox 208 4117 1516 4704">
     <span class='ocr_line' id='line_1_36' title="bbox 296 4117 1514 4199; baseline -0.001 -18"><span class='ocrx_word' id='word_1_388' title='bbox 296 4127 311 4182; x_wconf 89' lang='lat'><em>1</em></span> <span class='ocrx_word' id='word_1_389' title='bbox 337 4117 413 4182; x_wconf 73' lang='grc' dir='ltr'><em>ὅπου</em></span> <span class='ocrx_word' id='word_1_390' title='bbox 432 4122 499 4184; x_wconf 82' lang='grc' dir='ltr'><em>ποτ’</em></span> <span class='ocrx_word' id='word_1_391' title='bbox 516 4123 553 4184; x_wconf 78' lang='grc' dir='ltr'><em>ἂν</em></span> <span class='ocrx_word' id='word_1_392' title='bbox 574 4117 606 4199; x_wconf 73' lang='grc' dir='ltr'><em>ᾖ,</em></span> <span class='ocrx_word' id='word_1_393' title='bbox 629 4125 691 4185; x_wconf 80' lang='grc' dir='ltr'><em>ἐστί</em></span> <span class='ocrx_word' id='word_1_394' title='bbox 721 4131 757 4199; x_wconf 81' lang='grc' dir='ltr'><em>γῆ</em></span> <span class='ocrx_word' id='word_1_395' title='bbox 789 4129 868 4184; x_wconf 76' lang='grc' dir='ltr'><em>Βειιί.</em></span> <span class='ocrx_word' id='word_1_396' title='bbox 890 4147 916 4184; x_wconf 85' lang='grc' dir='ltr'><em>υ.</em></span> <span class='ocrx_word' id='word_1_397' title='bbox 940 4129 999 4184; x_wconf 86' lang='lat' dir='ltr'><strong>Del.</strong></span> <span class='ocrx_word' id='word_1_398' title='bbox 1018 4129 1108 4198; x_wconf 82' lang='lat'>(1242</span> <span class='ocrx_word' id='word_1_399' title='bbox 1127 4131 1258 4196; x_wconf 72' lang='lat' dir='ltr'>Amo),</span> <span class='ocrx_word' id='word_1_400' title='bbox 1285 4119 1362 4184; x_wconf 82' lang='grc' dir='ltr'><em>ίίτιου</em></span> <span class='ocrx_word' id='word_1_401' title='bbox 1386 4121 1453 4182; x_wconf 84' lang='grc' dir='ltr'><em>ποτ’</em></span> <span class='ocrx_word' id='word_1_402' title='bbox 1472 4119 1514 4190; x_wconf 78' lang='grc' dir='ltr'><em>ἂν,</em></span> 
     </span>
     <span class='ocr_line' id='line_1_37' title="bbox 208 4204 1516 4284; baseline 0 -18"><span class='ocrx_word' id='word_1_403' title='bbox 208 4207 270 4268; x_wconf 81' lang='grc' dir='ltr'><em>ἐστί</em></span> <span class='ocrx_word' id='word_1_404' title='bbox 288 4215 323 4282; x_wconf 80' lang='grc' dir='ltr'><em>γῆ</em></span> <span class='ocrx_word' id='word_1_405' title='bbox 341 4211 423 4282; x_wconf 75' lang='lat' dir='ltr'><strong>Angl.</strong></span> <span class='ocrx_word' id='word_1_406' title='bbox 441 4213 496 4280; x_wconf 74' lang='lat' dir='ltr'>(boi</span> <span class='ocrx_word' id='word_1_407' title='bbox 514 4213 573 4268; x_wconf 85' lang='lat' dir='ltr'><strong>Del.</strong></span> <span class='ocrx_word' id='word_1_408' title='bbox 593 4215 605 4268; x_wconf 93' lang='lat' dir='ltr'>I</span> <span class='ocrx_word' id='word_1_409' title='bbox 623 4215 715 4280; x_wconf 69' lang='lat'>923⁸).</span> <span class='ocrx_word' id='word_1_410' title='bbox 735 4204 811 4270; x_wconf 77' lang='grc' dir='ltr'><em>ὅπου</em></span> <span class='ocrx_word' id='word_1_411' title='bbox 827 4206 893 4270; x_wconf 81' lang='grc' dir='ltr'><em>ποτ’</em></span> <span class='ocrx_word' id='word_1_412' title='bbox 909 4207 947 4268; x_wconf 78' lang='grc' dir='ltr'><em>ἄν</em></span> <span class='ocrx_word' id='word_1_413' title='bbox 964 4209 1042 4270; x_wconf 86' lang='grc' dir='ltr'><em>ἐστιν</em></span> <span class='ocrx_word' id='word_1_414' title='bbox 1060 4205 1076 4282; x_wconf 76' lang='grc' dir='ltr'>ἦ</span> <span class='ocrx_word' id='word_1_415' title='bbox 1094 4217 1130 4282; x_wconf 79' lang='grc' dir='ltr'><em>γῆ</em></span> <span class='ocrx_word' id='word_1_416' title='bbox 1152 4211 1286 4284; x_wconf 75' lang='lat' dir='ltr'>TAusgg.</span> <span class='ocrx_word' id='word_1_417' title='bbox 1305 4211 1456 4266; x_wconf 77' lang='grc' dir='ltr'><em>ίείιίειίιείί</em></span> <span class='ocrx_word' id='word_1_418' title='bbox 1474 4213 1479 4278; x_wconf 92' lang='grc' dir='ltr'>Ι</span> <span class='ocrx_word' id='word_1_419' title='bbox 1498 4211 1516 4266; x_wconf 84' lang='grc'><strong>4</strong></span> 
     </span>
     <span class='ocr_line' id='line_1_38' title="bbox 209 4289 1514 4368; baseline 0.002 -18"><span class='ocrx_word' id='word_1_420' title='bbox 209 4289 359 4366; x_wconf 74' lang='grc' dir='ltr'><em>ιῦχοόμεθα</em></span> <span class='ocrx_word' id='word_1_421' title='bbox 381 4297 462 4366; x_wconf 71' lang='grc' dir='ltr'><em>Διιηί.</em></span> <span class='ocrx_word' id='word_1_422' title='bbox 480 4297 632 4364; x_wconf 64' lang='lat' dir='ltr'><em>(bainam</em></span> <span class='ocrx_word' id='word_1_423' title='bbox 650 4298 731 4364; x_wconf 69' lang='lat'>92312)</span> <span class='ocrx_word' id='word_1_424' title='bbox 757 4297 1067 4368; x_wconf 82' lang='grc' dir='ltr'><em>ιι.Ι)ε1.(Ῑ242Διιω.</em></span> <span class='ocrx_word' id='word_1_425' title='bbox 1086 4298 1125 4364; x_wconf 81' lang='grc' dir='ltr'><em>ί),</em></span> <span class='ocrx_word' id='word_1_426' title='bbox 1151 4289 1297 4366; x_wconf 69' lang='grc' dir='ltr'><em>εὐχόμεθα</em></span> <span class='ocrx_word' id='word_1_427' title='bbox 1322 4297 1452 4367; x_wconf 74' lang='lat' dir='ltr'><strong>TAuugg.</strong></span> <span class='ocrx_word' id='word_1_428' title='bbox 1475 4297 1514 4366; x_wconf 77' lang='grc' dir='ltr'><strong>Ιὸ</strong></span> 
     </span>
     <span class='ocr_line' id='line_1_39' title="bbox 208 4379 1516 4454; baseline 0 -18"><span class='ocrx_word' id='word_1_429' title='bbox 208 4385 262 4436; x_wconf 81' lang='grc' dir='ltr'><em>τοῦ</em></span> <span class='ocrx_word' id='word_1_430' title='bbox 286 4383 359 4438; x_wconf 86' lang='grc' dir='ltr'><em>θεοῦ</em></span> <span class='ocrx_word' id='word_1_431' title='bbox 376 4391 410 4442; x_wconf 95' lang='grc'>&lt;</span> <span class='ocrx_word' id='word_1_432' title='bbox 428 4381 476 4436; x_wconf 62' lang='lat' dir='ltr'><em>Ox</em></span> <span class='ocrx_word' id='word_1_433' title='bbox 486 4381 571 4436; x_wconf 81' lang='lat' dir='ltr'>Lond.</span> <span class='ocrx_word' id='word_1_434' title='bbox 582 4381 639 4438; x_wconf 82' lang='lat' dir='ltr'><strong>Del.</strong></span> <span class='ocrx_word' id='word_1_435' title='bbox 663 4383 668 4451; x_wconf 87' lang='grc' dir='ltr'>Ι</span> <span class='ocrx_word' id='word_1_436' title='bbox 694 4381 731 4438; x_wconf 76' lang='grc'><strong>12</strong></span> <span class='ocrx_word' id='word_1_437' title='bbox 758 4379 883 4452; x_wconf 79' lang='grc' dir='ltr'><em>γένηται]</em></span> <span class='ocrx_word' id='word_1_438' title='bbox 901 4383 1012 4454; x_wconf 77' lang='grc' dir='ltr'><em>γίνηται</em></span> <span class='ocrx_word' id='word_1_439' title='bbox 1031 4382 1116 4438; x_wconf 85' lang='grc' dir='ltr'><em>[οοδ.</em></span> <span class='ocrx_word' id='word_1_440' title='bbox 1131 4385 1135 4448; x_wconf 91' lang='grc' dir='ltr'>Ι</span> <span class='ocrx_word' id='word_1_441' title='bbox 1150 4387 1232 4448; x_wconf 82' lang='grc' dir='ltr'><em>μενεῖ</em></span> <span class='ocrx_word' id='word_1_442' title='bbox 1250 4381 1375 4436; x_wconf 78' lang='grc' dir='ltr'><em>ιοίυείίιε</em></span> <span class='ocrx_word' id='word_1_443' title='bbox 1397 4381 1441 4436; x_wconf 82' lang='lat' dir='ltr'><em>ioh</em></span> <span class='ocrx_word' id='word_1_444' title='bbox 1464 4381 1516 4436; x_wconf 78' lang='lat' dir='ltr'><em>miI</em></span> 
     </span>
     <span class='ocr_line' id='line_1_40' title="bbox 208 4457 1515 4536; baseline 0.002 -18"><span class='ocrx_word' id='word_1_445' title='bbox 208 4464 289 4536; x_wconf 74' lang='lat' dir='ltr'><strong>Angl.</strong></span> <span class='ocrx_word' id='word_1_446' title='bbox 307 4469 342 4536; x_wconf 69' lang='grc' dir='ltr'><em>(ε.</em></span> <span class='ocrx_word' id='word_1_447' title='bbox 360 4485 385 4522; x_wconf 75' lang='grc' dir='ltr'><em>ει</em></span> <span class='ocrx_word' id='word_1_448' title='bbox 403 4467 445 4535; x_wconf 90' lang='grc' dir='ltr'><em>Ο.)</em></span> <span class='ocrx_word' id='word_1_449' title='bbox 463 4483 489 4522; x_wconf 79' lang='grc' dir='ltr'><em>α</em></span> <span class='ocrx_word' id='word_1_450' title='bbox 507 4465 580 4532; x_wconf 66' lang='lat' dir='ltr'>Del„</span> <span class='ocrx_word' id='word_1_451' title='bbox 597 4463 678 4534; x_wconf 75' lang='grc' dir='ltr'><em>μένει</em></span> <span class='ocrx_word' id='word_1_452' title='bbox 694 4463 870 4520; x_wconf 73' lang='grc' dir='ltr'><em>ΤΟι.Ι.υιιδ</em></span> <span class='ocrx_word' id='word_1_453' title='bbox 894 4467 899 4534; x_wconf 85' lang='grc' dir='ltr'>Ι</span> <span class='ocrx_word' id='word_1_454' title='bbox 925 4467 962 4522; x_wconf 83' lang='grc'><em>16</em></span> <span class='ocrx_word' id='word_1_455' title='bbox 981 4461 1045 4536; x_wconf 74' lang='grc' dir='ltr'><em>(ἐὰν</em></span> <span class='ocrx_word' id='word_1_456' title='bbox 1063 4457 1139 4523; x_wconf 82' lang='grc' dir='ltr'><em>οῦτοι</em></span> <span class='ocrx_word' id='word_1_457' title='bbox 1156 4463 1287 4536; x_wconf 80' lang='grc' dir='ltr'><em>γένηται&gt;</em></span> <span class='ocrx_word' id='word_1_458' title='bbox 1310 4465 1374 4536; x_wconf 73' lang='lat' dir='ltr'><em>suge</em></span> <span class='ocrx_word' id='word_1_459' title='bbox 1396 4465 1440 4520; x_wconf 75' lang='lat' dir='ltr'><em>ioh</em></span> <span class='ocrx_word' id='word_1_460' title='bbox 1462 4465 1515 4528; x_wconf 80' lang='lat' dir='ltr'>ein,</span> 
     </span>
     <span class='ocr_line' id='line_1_41' title="bbox 211 4541 1514 4622; baseline -0.002 -16"><span class='ocrx_word' id='word_1_461' title='bbox 211 4541 302 4620; x_wconf 84' lang='grc' dir='ltr'><em>&lt;οῦτω</em></span> <span class='ocrx_word' id='word_1_462' title='bbox 320 4549 452 4622; x_wconf 77' lang='grc' dir='ltr'><em>γίνηται)</em></span> <span class='ocrx_word' id='word_1_463' title='bbox 470 4551 551 4622; x_wconf 74' lang='lat' dir='ltr'><strong>Angl.</strong></span> <span class='ocrx_word' id='word_1_464' title='bbox 572 4557 606 4620; x_wconf 71' lang='grc' dir='ltr'><em>(ι</em></span> <span class='ocrx_word' id='word_1_465' title='bbox 623 4569 647 4606; x_wconf 82' lang='grc' dir='ltr'><em>ο.</em></span> <span class='ocrx_word' id='word_1_466' title='bbox 660 4547 702 4618; x_wconf 91' lang='grc'><em>0.)</em></span> <span class='ocrx_word' id='word_1_467' title='bbox 717 4561 722 4618; x_wconf 87' lang='grc' dir='ltr'>Ι</span> <span class='ocrx_word' id='word_1_468' title='bbox 738 4549 774 4606; x_wconf 72' lang='lat'><em>21</em></span> <span class='ocrx_word' id='word_1_469' title='bbox 794 4549 1027 4621; x_wconf 79' lang='grc' dir='ltr'><em>λεχθησομένου]</em></span> <span class='ocrx_word' id='word_1_470' title='bbox 1046 4549 1268 4621; x_wconf 81' lang='grc' dir='ltr'><em>δεχθησομένων</em></span> <span class='ocrx_word' id='word_1_471' title='bbox 1284 4551 1363 4606; x_wconf 75' lang='grc' dir='ltr'><em>Βεοί.</em></span> <span class='ocrx_word' id='word_1_472' title='bbox 1381 4549 1437 4619; x_wconf 80' lang='lat' dir='ltr'>(bei</span> <span class='ocrx_word' id='word_1_473' title='bbox 1455 4548 1514 4604; x_wconf 66' lang='lat' dir='ltr'>nol.</span> 
     </span>
     <span class='ocr_line' id='line_1_42' title="bbox 210 4637 442 4704; baseline 0 -14"><span class='ocrx_word' id='word_1_474' title='bbox 210 4637 220 4690; x_wconf 91' lang='lat'>1</span> <span class='ocrx_word' id='word_1_475' title='bbox 239 4637 289 4692; x_wconf 80' lang='grc' dir='ltr'><em>ιιε</em></span> <span class='ocrx_word' id='word_1_476' title='bbox 307 4639 386 4690; x_wconf 71' lang='lat' dir='ltr'><em>m.</em></span> <span class='ocrx_word' id='word_1_477' title='bbox 405 4637 442 4704; x_wconf 84' lang='lat' dir='ltr'><em>b).</em></span> 
     </span>
    </p>
   </div>
   <div class='ocr_carea' id='block_1_5' title="bbox 0 0 1876 5504">
    <p class='ocr_par' dir='ltr' id='par_1_5' title="bbox 0 0 1876 5504">
     <span class='ocr_line' id='line_1_43' title="bbox 0 0 1876 5504; baseline 0 0"><span class='ocrx_word' id='word_1_478' title='bbox 0 0 1876 5504; x_wconf 95' lang='lat' dir='ltr'><em> </em></span> 
     </span>
    </p>
   </div>
  </div>
 </body>
</html>
