3790 5526
375 511 432 572 170
908 495 1132 552 αοιοοαοιε

455 670 610 734 πέπονθε
633 657 681 752 ’δή
708 658 762 731 διὰ
784 658 919 730 τούτων
943 663 1070 742 Κέλσος
1096 664 1231 748 πρᾶγμα
1255 652 1274 730 6
1296 654 1411 730 πάντ’
1434 663 1676 730 ἐπίστασθαι

373 759 659 880 ἐπαγγελλόμενος
690 757 975 842 ίδιωτικῶτατον,
1006 764 1082 847 περὶ
1108 764 1172 829 τοῦ
1200 763 1264 828 νοῦ
1288 764 1361 829 τῶν
1381 763 1525 846 γραφῶν
1548 762 1675 848 οἰηθείς

372 869 479 934 πλέον
512 867 585 931 τῶν
617 861 705 932 κατὰ
733 859 775 931 τὸ
802 855 932 948 γράμμα
959 864 1084 944 λέξεων
1105 861 1229 947 μηδένα
1252 853 1412 946 λόγονί
1380 886 1465 929 εναι
1485 857 1677 978 βαθύτερον

373 965 410 1033 ἐν
442 967 493 1050 τῷ
524 957 618 1080 νόμψ
650 966 706 1030 καί
736 977 822 1042 τοῖς
851 956 1092 1048 προφήταις·
1122 956 1184 1045 ούχ
1214 953 1308 1047 δρῶν
1340 950 1393 1028 ότι
1420 953 1484 1028 ούκ
1511 952 1554 1028 δν
1580 953 1675 1029 οὕτω

340 1067 562 1150 σπροφανῶς
588 1055 770 1141 ύπιθοίνως
796 1057 859 1130 τὸν
887 1055 1083 1146 σωματικόν
1105 1060 1328 1146 ἐπηγγέλλετο
1351 1061 1506 1128 πλοῦτον
1529 1075 1601 1140 τοῖς
1623 1052 1676 1145 δρ-

374 1165 450 1242 θῶς
476 1157 638 1244 βιῶσασιν
659 1153 678 1229 6
701 1154 816 1246 λόγος,
844 1163 1069 1246 δεικνυμένων
1092 1153 1319 1228 δικαιοτάτων
1341 1150 1422 1227 ἐν”
1400 1183 1487 1248 ακρᾳ
1508 1163 1605 1248 πενίᾳ
1626 1169 1676 1245 βε-

374 1265 540 1344 βιωκέναι.
583 1263 620 1329 οί
649 1263 734 1346 γοῦν
765 1263 972 1345 προφῆται
1002 1263 1057 1328 καὶ
1084 1253 1138 1327 διὰ
1165 1256 1206 1328 τό
1233 1262 1396 1346 καθαρῶς
1418 1262 1612 1344 βεβιωκέναι
1634 1253 1674 1326 τό

373 1368 471 1429 θεῖον
498 1364 629 1448 πνεῦμα
654 1355 869 1448 χωρήσαντες
894 1362 1104 1445 ,περιῆλθον
1126 1361 1163 1426 ἐν
1183 1365 1366 1445 μηλωταῖς
1389 1359 1425 1426 ἐν
1448 1359 1583 1444 αἰγείοις
1606 1362 1677 1476 δέρ-

339 1479 485 1558 μασιν,
507 1453 756 1546 ὑστερούμενοι,
779 1453 990 1544 θλιβόμενοι,
1012 1454 1349 1545 κακουχούμενοι»
1312 1460 1349 1526 ἐν
1370 1460 1518 1592 ἐρημίαις
1540 1451 1676 1526 πλανῶ-

323 1580 356 1634 10
374 1585 472 1646 μενοι
494 1553 592 1628 καὶ”
573 1579 664 1645 ορεσι
685 1562 740 1627 καὶ
762 1563 938 1645 σπηλαίοις
960 1562 1015 1626 καί
1037 1573 1111 1638 ταῖς
1131 1550 1230 1637 ὀπαῖς
1245 1561 1305 1644 τῆς
1321 1561 1412 1644 γῆςίί·
1434 1563 1601 1641 ,πολλαὶί
1615 1553 1676 1643 γὰρ

374 1658 428 1742 ,αἱ
451 1664 587 1744 θλίψεις
609 1661 683 1727 τῶν
705 1659 866 1726 δικαίων“
886 1654 974 1726 κατὰ
997 1653 1059 1726 τόν
1080 1650 1248 1745 ύμνῳδόν.

460 1760 552 1845 είπερ
575 1752 653 1827 δὲ’
633 1762 763 1844 ανέγνω
784 1753 855 1827 τόν
877 1760 1078 1837 ίίίωδσέως
1099 1750 1225 1842 νόμον
1247 1749 1266 1825 6
1290 1760 1426 1838 Κέλσος,
1449 1746 1575 1837 εἰκὸςο
1558 1781 1613 1825 οτι
1636 1755 1676 1825 τὸ

375 1861 521 1938 ,δανιεῖς
547 1859 661 1927 ἔθνεσι
686 1864 840 1937 πολλοῖς,
868 1853 907 1924 οὐ
934 1859 969 1925 δὲ
996 1851 1037 1925 ού
1065 1861 1193 1942 δανιῇ,“
1216 1848 1397 1942 λεγόμενον
1423 1851 1509 1942 πρὸς
1535 1851 1598 1923 τὸν
1620 1881 1677 1941 τη-

375 1960 504 2042 ροῦντα
534 1953 607 2026 τόν
638 1951 777 2044 νόμον,
808 1951 908 2044 ψ’ἡθη
940 1961 1102 2025 τοιοῦτον
1131 1956 1226 2038 εῖναι,
1255 1947 1336 2024 ὥστ’
1359 1957 1396 2024 ἐν
1422 1958 1600 2044 ἐπαγγελίᾳ
1627 1958 1676 2023 λέ-

324 2076 356 2130 15
375 2065 494 2142 γεσθαι
516 2060 567 2142 τῶ
591 2061 709 2144 δικαίῳ
727 2061 894 2126 τοσοῦτον
915 2050 1158 2142 πλουτήσειν
1181 2051 1244 2124 τόν
1260 2052 1394 2139 τυφλὸν
1408 2059 1570 2138 πλοῦτον,
1588 2045 1676 2123 ῶστε

375 2152 429 2224 διὰ
460 2151 502 2225 τὸ
532 2160 668 2276 πληθος
694 2161 766 2224 τῶν
791 2150 973 2242 χρημάτων
999 2149 1040 2224 06
1065 2148 1173 2241 μόνον
1199 2149 1404 2272 Ἰουδαίοις
1431 2155 1593 2238 δανείζειν
1614 2150 1677 2223 τόν

376 2258 505 2323 δίκαιον
518 2249 605 2372 ‘666'
627 2249 700 2374 066³
722 2248 816 2340 ἄλλῳ
844 2253 892 2321 ενὶ
920 2255 1012 2321 εθνει
1034 2246 1053 2340 6
1076 2245 1266 2341 δευτέρῳ
1246 2279 1266 2340 η
1290 2259 1396 2340 τρίτῳ
1419 2247 1505 2322 6666
1527 2262 1677 2333 πολλοῖς.

290 2361 358 2414 173¹
375 2346 464 2472 πόσα
491 2343 554 2422 οὖν
580 2347 622 2424 όν
645 2383 663 2424 ο
653 2348 812 2434 δίκαιος
834 2355 994 2438 έκεκτητο
1015 2347 1180 2440 χρήματα,
1207 2349 1354 2438 μισθδνΙ
1379 2356 1439 2439 τῆς
1466 2349 1678 2439 δικαιοσύνης

375 2447 462 2522 αύτά
483 2449 571 2522 κατὰ
598 2449 671 2522 τόν
699 2447 823 2539 νόμον
850 2451 978 2534 λοβῶν,
1009 2453 1063 2518 ίνα
1088 2455 1200 2520 δανιοῖ
1218 2458 1379 2535 ,πολλοῖς
1401 2451 1572 2534 ἐθνεσινή
1601 2447 1678 2521 ἆκό-

324 2563 358 2616 20
376 2560 507 2621 λουθον
538 2546 570 2620 δ’
593 2554 692 2620 ἐστὶ
696 2556 739 2637 τῇ
768 2546 909 2635 τοιαύτη
936 2554 1056 2635 ἐκδοχῇ
1086 2555 1142 2617 καί
1173 2546 1213 2619 τὸ
1240 2545 1536 2638 ύπολαμβύνειν’
1517 2543 1572 2621 ότι
1599 2546 1679 2620 ούδέ

374 2677 460 2720 ποτε
487 2643 506 2719 6
533 2654 662 2730 δίκαιος
688 2652 885 2734 δανείζεται,
912 2653 983 2718 ἐπεὶ
1010 2652 1206 2736 γέγραπται·
1234 2648 1295 2732 ,σὺ
1326 2653 1362 2720 δέ
1389 2645 1430 2719 ού
1456 2653 1582 2736 δανιῇ.“
1625 2641 1676 2736 ἆρ’

374 2741 438 2819 οὖν
462 2752 567 2836 έμεινε
588 2745 629 2818 τὸ
652 2749 754 2831 έθνος
776 2745 953 2829 τοσούτοις
978 2742 1113 2835 χρόνοις
1134 2750 1171 2818 έν
1193 2755 1235 2836 τῇ
1257 2745 1344 2819 κατὰ
1367 2751 1539 2818 Μωϋσέα
1562 2755 1674 2817 θεοσε-

374 2855 460 2940 βείᾳ,
497 2853 686 2938 προφανῶς
720 2853 846 2930 βλέπον
883 2843 1131 2934 ψευδόμενον
1167 2841 1249 2919 όσον
1286 2851 1341 2918 ἐπὶ
1376 2853 1428 2936 τῷ
1463 2850 1577 2935 Κέλσῳ
1614 2843 1677 2916 τόν

376 2951 585 3036 νομοθέτην,·
610 2943 688 3018 ούδὲ
710 2944 773 3034 γὰρ
795 2942 969 3035 ίστόρηταί
990 2974 1041 3027 τις
1063 2953 1232 3018 τοσοῦτον
1250 2944 1492 3036 πλουτήσας,
1515 2941 1563 3028 ῶς
1585 2949 1677 3016 δεδα·

323 3057 357 3113 25
376 3052 523 3118 νεικέναι
549 3047 681 3131 ,ἔθνεσι
707 3055 876 3127 πολλοῖς.“
913 3041 986 3116 666'
1009 3041 1050 3117 06
1075 3046 1225 3120 πιθανόν
1247 3041 1360 3129 οὕτως
1382 3042 1505 3127 αύτούς
1527 3050 1676 3116 διδασκο-
1738 3125 1744 3136 Ι

373 3151 495 3236 μένους
523 3142 658 3217 ιίκούειν
684 3151 756 3216 τοῦ
785 3140 922 3234 νόμου,
955 3141 1002 3227 ῶς
1025 3151 1152 3230 Κέλσος
1178 3140 1282 3236 ῶετο,
1309 3153 1365 3218 καὶ
1392 3152 1580 3234 προφανῶς
1606 3151 1677 3229 βλέ-

373 3274 505 3330 ποντας
526 3251 658 3334 ψευδεῖς
679 3243 771 3334 <τδις>
786 3243 874 3315 κατὰ
896 3241 969 3315 τόν
993 3240 1116 3334 νόμον
1138 3249 1333 3335 ἐπαγγελίας
1354 3240 1578 3334 ἀγωνίζεσθαι
1600 3251 1676 3334 περὶ

374 3353 445 3418 τοῦ
468 3342 597 3434 νόμου.

456 3445 514 3516 ἐδιν
545 3450 581 3516 δὲ
608 3443 669 3527 τὰς
696 3440 986 3532 οίναγεγραμμένας
1012 3472 1064 3526 τις
1089 3439 1252 3534 ἁμαρτίας
1274 3449 1337 3516 τοῦ
1358 3449 1443 3515 λαοῦ
1464 3451 1550 3533 φέρη
1571 3441 1676 3533 παρά-

322 3557 356 3612 30
374 3552 489 3634 δειγμα
511 3550 573 3615 τοῦ
594 3548 930 3632 καταπεφρονηκέναι
952 3540 1075 3626 αύτούς
1097 3549 1170 3615 τοῦ
1192 3540 1330 3632 νόμου,
1353 3541 1438 3632 τύχα
1460 3542 1515 3614 διὰ
1538 3541 1579 3614 τό
1598 3573 1677 3615 κατ-

374 3649 555 3733 εγνωκέναι
582 3639 704 3724 αύτούς
731 3640 778 3724 ῶς
804 3647 1066 3731 ψευδομένου,
1096 3650 1234 3715 λεκτέον
1265 3641 1351 3732 πρὸς
1384 3640 1490 3714 αὐτόν
1517 3637 1571 3716 ότι
1599 3640 1676 3714 ἀνα-

457 3831 476 3887 8
494 3830 576 3885 Hebr.
595 3833 635 3894 11,
654 3830 696 3884 37.
713 3830 754 3884 38.
773 3858 805 3868 -
824 3829 864 3884 10
881 3827 953 3884 Ρειιί.
971 3832 1012 3894 33,
1030 3831 1071 3886 20.
1090 3860 1122 3870 -
1142 3830 1180 3886 13
1197 3829 1276 3884 Deub.
1287 3833 1328 3897 15,
1345 3832 1368 3887 6.
1393 3831 1487 3895 2612.

460 3981 478 4037 5
503 3976 693 4051 ἐπηγγέλλετο
709 3980 931 4049 PMJolAusgg.,
949 3973 1143 4051 ἐπηγγέλλετο
1162 3981 1213 4035 HA.
1230 3999 1256 4036 u.
1274 3980 1317 4052 Sp.
1330 3999 1375 4036 am
1393 3981 1480 4044 Rand,
1499 3974 1675 4050 δκηγγέλετο

373 4070 397 4119 A
416 4070 420 4134 Ι
440 4068 459 4122 6
483 4060 680 4134 δικαιοτάτων]
704 4065 752 4118 διε
774 4067 843 4119 erste
861 4065 925 4120 Jota
949 4065 999 4119 auf
1018 4066 1117 4128 Rasur¹
1141 4065 1189 4118 διε
1212 4065 1307 4120 zweite
1336 4066 1540 4135 nachgetragen
1562 4067 1599 4118 A¹
1615 4065 1618 4132 Ι
1636 4064 1674 4119 18

373 4154 475 4214 δανιεῖς
493 4150 543 4204 Hb.
562 4152 680 4214 δανειεῖς
698 4148 806 4219 Sp.Del.
825 4151 927 4214 δανιείς
944 4151 967 4202 A
991 4149 996 4219 Ι
1019 4152 1100 4220 δανιῆ
1118 4153 1143 4204 A
1165 4151 1259 4218 δανειῇ
1277 4149 1439 4218 PMAusgg.
1460 4151 1464 4218 Ι
1486 4150 1524 4205 15
1547 4151 1676 4204 πλοῦτον

373 4253 421 4289 aus
439 4229 528 4305 λόγον
546 4250 612 4288 corr.
630 4235 670 4287 Α1
693 4234 698 4303 Ι
723 4234 759 4289 17
781 4227 858 4289 ἄλλω
876 4233 899 4286 A
918 4227 1015 4288 666wv
1031 4238 1133 4304 Ausgg.
1153 4237 1157 4303 Ι
1179 4235 1216 4290 18
1236 4227 1321 4294 61³<
1340 4233 1474 4303 MAusgg.
1495 4234 1499 4302 Ι
1521 4232 1559 4289 19
1583 4234 1679 4287 δανιοῖ

372 4319 496 4373 schreibe
520 4318 576 4384 ich,
599 4320 691 4374 δανιεῖ
709 4321 734 4373 A
757 4319 873 4386 δανείζει
891 4317 990 4387 Ηδ.8ρ.
1009 4319 1118 4389 δανείζη
1136 4319 1280 4374 MJolDel.
1303 4319 1308 4388 Ι
1332 4318 1370 4374 61
1395 4321 1476 4387 δανιῆ
1493 4321 1518 4371 A
1536 4319 1630 4386 δανειῇ
1648 4315 1674 4368 M

372 4409 474 4472 Ausgg.
490 4405 495 4474 Ι
509 4403 547 4458 23
565 4403 656 4458 hinter
674 4399 854 4474 ψευδόμενον
873 4410 905 4468 -Ι-
923 4395 977 4468 96,
1001 4403 1072 4458 doch
1090 4404 1259 4475 expungiert,
1276 4404 1302 4456 A
1324 4404 1328 4470 Ι
1353 4403 1392 4459 25
1415 4397 1485 4472 ἀλλ’]
1505 4401 1554 4456 das
1572 4405 1641 4456 erate
1659 4404 1675 4454 λ

373 4487 401 4540 in
420 4487 562 4541 Correetur
579 4491 603 4541 A
623 4489 627 4556 Ι
647 4488 685 4544 26
706 4487 866 4559 βλέποντας
883 4488 1140 4559 M⁰0r¹'·JolAusgg.
1157 4486 1271 4561 βλέπων
1286 4481 1348 4554 τὰς,
1372 4487 1443 4541 doch
1467 4507 1490 4542 ω
1508 4486 1596 4541 durch
1614 4487 1675 4540 Cor·

374 4575 465 4625 τεοῖσι
482 4589 531 4626 aus
550 4589 566 4627 ο
585 4573 752 4642 λεειςεείεΠί,
770 4573 865 4640 Α127
883 4566 963 4645 (τὰς)
982 4574 1046 4644 fuge
1068 4574 1113 4627 ich
1135 4573 1187 4626 mit
1203 4573 1233 4625 M
1253 4590 1279 4628 u.
1298 4571 1350 4626 den
1370 4575 1472 4642 Ausgg.
1490 4571 1535 4626 ein
1550 4573 1555 4639 Ι
1570 4571 1607 4627 81
1628 4564 1675 4626 αύ-

375 4649 450 4725 τοὺςΙ
470 4651 559 4712 αι’τοῦ
576 4659 717 4712 vermuten
736 4658 782 4712 Bo.
801 4657 898 4726 (Notae
915 4677 940 4729 p.
958 4659 1018 4727 600)
1037 4677 1062 4715 u.
1081 4657 1141 4713 Del.
1161 4660 1182 4726 ΙΙ
1201 4661 1249 4715 707
1268 4661 1347 4712 Anm.
1366 4660 1397 4722 e).
