3780 5538
602 521 692 575 ΠΕΡΙ
715 520 850 578 ΕΥΧΗΣ
875 519 907 592 2,
925 524 948 574 1.
966 523 991 576 2.
1009 522 1033 576 3.
1065 521 1114 592 10,
1134 525 1156 574 1.
1480 529 1539 590 319

237 689 568 770 κατοπτριζομένους
595 692 652 755 καὶ
678 673 766 774 ,τὴν
789 680 897 774 αὐτὴν
924 680 1058 756 εἰκόνα(
1084 689 1424 773 μεταμορφουμένονς
1449 680 1539 770 ,ἀπὸ

238 774 339 869 δόξης
366 787 412 864 είς
440 778 576 868 δόξαν;“
610 779 782 874 ύποῤῥοῆς
807 783 871 874 γὰρ
898 789 1024 873 νοητοῦ
1050 811 1144 864 τινος
1170 787 1350 872 θειοτέρου
1375 795 1540 873 μεταλαμ-

237 877 375 962 βάνουσι
401 879 497 966 τότε,
526 877 608 972 ὅπερ
634 889 795 972 δηλοῦται
821 889 857 956 ἐκ
884 889 959 956 τοῦ·
985 882 1196 972 ,ἐσημειούθη
1219 879 1271 969 ἐφ’
1294 878 1379 972 ἡμᾶς
1401 881 1442 953 τὸ
1466 890 1540 970 φῶς

238 984 302 1049 τοῦ
321 981 510 1068 προσώπου
531 1005 601 1067 σου,
624 982 744 1071 κύριε.“
779 991 834 1054 καὶ
857 980 877 1074 ἦ
900 982 990 1073 ψυχὴ
1013 987 1047 1054 δὲ
1069 986 1271 1071 ἐπαιρομένη
1293 989 1349 1053 καὶ
1371 989 1423 1072 τῷ
1445 981 1539 1053 πνεύ

203 1106 317 1167 5ματι
332 1079 479 1171 ἑπομένη
501 1087 564 1153 τοῦ
585 1111 623 1153 τε
645 1082 802 1170 στόματος
822 1087 1030 1172 χωριζομένη
1052 1091 1108 1152 καὶ
1129 1078 1170 1152 ού
1191 1079 1299 1171 μόνον
1321 1083 1466 1172 ἑπομένη
1490 1089 1539 1172 τῷ

237 1177 404 1280 πνεύματι
430 1178 516 1252 ἀλλὰ
542 1188 597 1253 καὶ
620 1187 657 1254 έν
678 1178 773 1272 αύτῷ
796 1189 961 1273 γινομένη,
986 1177 1069 1270 ὅπερ
1092 1187 1255 1271 δηλοῦται
1277 1185 1313 1252 ἐκ
1335 1187 1413 1254 τοῦ·
1430 1179 1541 1270 ’,πρὸς

237 1285 272 1349 σὲ
299 1281 364 1368 ἡρα
391 1279 455 1370 τὴν
481 1279 592 1371 ψυχήν
618 1292 718 1370 μου,“
743 1291 819 1365 πῶς
848 1279 920 1372 ούχλ
941 1278 1006 1372 ἤδη
1029 1278 1258 1370 ἀποτιθεμένη
1281 1279 1322 1352 τὸ
1346 1284 1430 1353 εἶναι
1451 1280 1540 1371 ψυχὴ

237 1378 446 1468 πνευματικὴ
469 1387 612 1468 γίνεται,·

321 1489 348 1551 3.
385 1483 413 1550 εί
439 1484 474 1549 δὲ
503 1476 661 1568 μέγιστόν
692 1487 762 1552 ἐστι
791 1478 1002 1571 κατόρθωμα
1033 1477 1252 1570 αἷμνησικακία
1283 1479 1330 1564 οδς
1361 1480 1448 1552 κατὰ
1478 1479 1541 1551 τὸν

187 1605 220 1658 10
238 1576 422 1668 προφήτην
443 1573 606 1668 Ἱερεμίαν,
639 1578 754 1652 πάντα
783 1577 1119 1668 ἇνακεφαλαιούσθαι
1149 1578 1212 1650 τόν
1243 1577 1349 1669 νόμον
1380 1583 1417 1649 ἐν
1448 1574 1541 1668 αύτῷ
1597 1577 1599 1580 ’

238 1683 397 1766 λέγοντα·
412 1675 474 1762 ,ού
493 1685 602 1750 ταῦτα
622 1677 841 1768 ἐνετειλάμην
862 1699 936 1762 τοῖς
957 1678 1125 1767 πατράσιν
1146 1677 1242 1770 ύμῶν
1264 1685 1552 1768 ἐκπορευομένων

240 1773 357 1847 αὐτῶν
390 1779 428 1846 ἐκ
463 1783 524 1866 τῆς
558 1777 743 1864 Αἰγύπτου,
779 1777 865 1850 ἀλλὰ
904 1785 1010 1850 τοῦτο
1046 1776 1283 1869 ἐνεΙτειλύμην·
1319 1781 1458 1862 ἐκαστος
1489 1783 1540 1866 τῷ
1558 1792 1609 1846 212

238 1882 384 1965 πλησίον
398 1879 435 1947 ἐν
452 1883 494 1964 τῇ
510 1882 630 1968 καρδίᾳ
649 1877 694 1967 μὴ
716 1885 994 1966 μνησικακείτω,“
1016 1875 1083 1950 ἀπὸ
1105 1886 1321 1969 μνησικακίας
1344 1883 1379 1948 δὲ
1401 1872 1541 1966 ἥκοντες

238 1979 294 2045 ἐπὶ
323 1973 364 2045 τὸ
392 1971 549 2064 εὔχεσθαι
577 1976 641 2065 τὴν
668 1982 732 2048 τοῦ
758 1984 914 2069 σωτῆρος
941 1975 1154 2066 φυλάσσομεν
1179 1977 1339 2067 ἐντολὴν,
1366 1984 1541 2067 λέγοντος·

189 2097 221 2150 15
239 2072 318 2156 ,ἐὰν
344 2071 490 2164 στὴκητε
516 2072 787 2165 προσευχόμενοι,
815 2073 932 2165 ύφίετε
958 2082 987 2150 εί
1013 2107 1047 2155 τι
1070 2081 1159 2167 ἔχετε
1180 2075 1267 2149 κατά
1289 2087 1415 2161 τινος,“
1438 2082 1542 2166 δῆλον

240 2167 294 2244 ότι
331 2181 484 2246 τοιοῦτοι
519 2172 690 2264 ἱστάμενοι
725 2175 811 2263 πρὸς
845 2175 885 2249 τδ
919 2174 1081 2264 εὔξασθαι
1118 2177 1159 2248 τὰ
1198 2174 1362 2248 κάλλιστα
1392 2172 1456 2265 ἤδη
1490 2203 1540 2245 κε·

237 2269 399 2362 κτήμεθα.

323 2379 353 2442 X
377 2386 402 2444 1.
441 2381 505 2445 Καὶ
539 2380 649 2445 ταῦτα
677 2381 739 2464 μὲν
765 2373 812 2458 οδς
839 2372 918 2448 καθ’
945 2372 1110 2447 δπόθεσιν
1139 2380 1278 2466 εἴρηται,
1304 2384 1360 2448 καὶ
1388 2381 1415 2446 εἰ
1440 2381 1542 2466 μηδὲν

241 2475 359 2562 ἕτερον
376 2469 454 2564 ἡμῖν
476 2471 747 2564 ἐπακολουθήσει
768 2470 966 2564 εὐχομένοις,
990 2469 1044 2548 ότι
1066 2475 1110 2547 τὰ
1131 2472 1294 2547 κάλλιστα
1315 2481 1541 2565 κερδαίνομεν,

187 2601 221 2656 20
239 2573 281 2645 τὸ
307 2574 399 2645 καθὸ
427 2579 477 2644 δεῖ
501 2569 659 2662 εὔχεσθαι
685 2571 886 2664 νενοηκότος
913 2581 968 2644 καὶ
994 2580 1265 2663 κατορθοῦντες·
1301 2579 1404 2663 σαφὲς
1430 2581 1466 2646 δέ
1489 2569 1542 2647 ότι
1614 2587 1617 2596 “

240 2667 258 2742 ὁ
286 2667 400 2756 σύτως
427 2668 605 2761 εύχόμενος
633 2677 683 2743 ἔτι
710 2681 826 2745 λαλῶν
852 2671 1041 2760 ἀκούσεται,
1069 2680 1111 2761 τῇ
1137 2678 1284 2766 ἐνεργείᾳ
1312 2682 1376 2746 τοῦ
1401 2675 1542 2747 ἐπακού

240 2799 341 2854 οντος
372 2776 518 2860 ἐνορῶν,
549 2771 590 2844 τό
621 2773 718 2856 ,1δού
742 2771 910 2864 πύρειμι,“
945 2779 1058 2856 πᾶσαν
1083 2773 1148 2864 τὴν
1173 2773 1260 2863 πρὸς
1287 2773 1351 2864 την
1376 2772 1543 2865 πρόνοιαν

240 2877 485 2962 δυσαρέστησιν,
511 2879 594 2962 πρὶν
621 2869 793 2958 εὔξασθαι,
824 2869 1071 2963 ἀποβεβληκώς.
1114 2881 1218 2945 τοῦτο
1245 2872 1307 2963 γάρ
1330 2879 1400 2945 ἐστι
1422 2874 1543 2963 δηλού-
1612 2879 1613 2884 ’

239 2999 342 3060 μενον
369 2975 406 3042 ἐκ
432 2978 508 3043 τοῦ·
537 2971 616 3056 ,ἐὰν
643 2969 770 3059 ἅφέλης
794 2969 861 3044 ἀπὸ
889 2979 951 3042 σοῦ
972 2970 1156 3060 σύνδεσμον
1177 2981 1234 3044 καὶ
1254 2981 1467 3062 χειροτονίαν
1488 2981 1543 3046 καὶ

189 3098 221 3152 25
240 3073 328 3160 ῥῆμα
363 3079 585 3160 γογγυσμοῦ,“
618 3079 682 3143 τοῦ
721 3069 1005 3162 εὐαρεστουμένου
1039 3090 1112 3155 τοῖς
1143 3080 1331 3162 γινομένοις
1363 3077 1545 3162 ἐλευθέρου

239 3166 308 3242 ἀπὸ
328 3170 459 3252 παντὸς
482 3177 603 3260 δεσμοῦ
626 3177 848 3260 γεγενημένου
867 3177 922 3240 καὶ
943 3169 988 3260 μὴ
1011 3167 1368 3260 όντιχειροτονοῦντος
1390 3179 1441 3264 τῷ
1461 3181 1543 3263 θεῷ,

240 3265 260 3340 δ
284 3268 443 3354 βούλεται
464 3267 552 3358 πρὸς
573 3267 755 3359 γυμνάσιον
776 3265 873 3360 ἡμῶν
895 3275 1159 3361 διατασσομένῳ,
1181 3268 1267 3343 ἀλλὰ
1289 3276 1372 3362 μηδὲ
1393 3271 1479 3343 κατὰ
1502 3272 1543 3344 τό

239 3367 394 3457 κρυπτὸν
435 3377 508 3440 τῶν
543 3377 713 3459 λογισμῶν
746 3369 972 3458 γογγύζοντος
1006 3377 1109 3460 χωρίς
1144 3365 1311 3460 όκουστῆς
1345 3366 1544 3460 ἀνθρώποις

240 3475 373 3558 φωνῆς·
404 3460 525 3541 όντινα
551 3466 739 3559 γογγυσμδν
765 3477 862 3558 δίκην
887 3477 1053 3559 πονηρῶν
1074 3475 1227 3556 οἰκετῶν,
1250 3467 1310 3542 ούκ
1332 3476 1369 3543 ἐν
1392 3499 1544 3560 φανερω-

324 3672 474 3736 epam,
494 3672 749 3736 7.-8Ρεα1.24,
769 3677 843 3728 1.-
870 3673 1347 3743 7v31.1K0r.2‚14.15.—11
1369 3677 1430 3746 Vgl.
1446 3678 1543 3732 Jerem.

241 3759 264 3821 7,
283 3758 323 3812 22.
342 3759 383 3812 23.
407 3757 516 3811 Sachar.
535 3759 559 3823 7,
579 3760 617 3813 11).
641 3787 674 3796 -
698 3757 735 3813 15
758 3757 845 3812 Merk.
865 3761 905 3825 11,
923 3759 964 3814 25.
987 3789 1020 3797 -
1042 3758 1079 3814 21
1105 3758 1167 3827 Vgl.
1190 3759 1314 3814 Clemens
1337 3761 1423 3824 Alex„
1446 3761 1543 3816 Strom.

241 3841 333 3906 V118‚
351 3844 384 3897 49
401 3859 429 3910 p.
447 3841 496 3896 861
515 3840 557 3895 ed.
575 3841 676 3896 Potter.
695 3842 832 3911 Origenes,
851 3841 955 3896 Oomm.
974 3842 1004 3896 in
1021 3843 1083 3897 Joh.
1095 3843 1212 3898 XXVIII
1230 3849 1246 3900 5
1265 3847 1300 3914 (6)
1322 3847 1399 3914 (tom.
1412 3847 1437 3898 II
1455 3864 1480 3917 p.
1494 3847 1545 3900 318

240 3927 282 3980 ed.
300 3927 413 3992 Lomm.‚
431 3927 457 3980 11
477 3929 534 3988 113,
552 3927 585 3982 30
595 3943 653 3994 sqq.
672 3926 713 3980 ed.
731 3927 857 3995 Brooke).
875 3956 908 3966 —
926 3927 989 3996 Vgl.
1006 3926 1060 3982 Jes.
1078 3930 1119 3995 58,
1138 3930 1161 3983 9.
1180 3959 1212 3968 -
1231 3929 1271 3984 24
1289 3930 1341 3985 Jes.
1360 3933 1400 3996 58,
1419 3933 1443 3986 9.

325 4095 341 4148 1
364 4090 662 4165 μεταμορφουμένονς
679 4093 758 4148 Bent.
777 4093 832 4160 (bei
850 4094 934 4148 Del.I
951 4097 999 4150 211
1019 4098 1099 4149 Anm.
1113 4099 1137 4164 e)
1155 4114 1180 4150 u.
1193 4097 1274 4167 Angl.
1288 4098 1439 4166 (beiDe1.1
1456 4099 1543 4166 9152).

240 4175 522 4248 μεταμορφουμένην
533 4177 661 4249 TAusgg.
678 4179 765 4246 14-5
783 4196 828 4233 em
841 4178 920 4233 Rend
939 4183 976 4248 οη·
993 4195 1046 4234 von
1058 4181 1078 4235 l.
1092 4180 1124 4234 H.
1137 4181 1160 4234 Τ
1174 4185 1176 4248 Ι
1192 4182 1228 4237 12
1246 4184 1303 4253 τῆς]
1320 4189 1373 4254 γῆς
1390 4183 1451 4238 lieet
1463 4183 1543 4252 Angl.

241 4266 274 4329 (e.
289 4281 313 4317 a„
327 4262 368 4332 O.)
386 4263 457 4316 nach
480 4263 504 4316 d.
524 4262 596 4316 LXX
618 4263 692 4318 wohl
712 4263 764 4318 mie
784 4263 872 4318 Recht
895 4265 899 4332 Ι
921 4264 957 4319 18
976 4257 1033 4318 αἰιδ
1052 4267 1248 4336 μνησικακίας]
1272 4261 1320 4321 ἄπ’
1339 4263 1545 4338 οίμνησικακίας

121 4338 126 4348 “
241 4347 384 4402 schreiben
403 4349 479 4401 Bent.
499 4347 552 4416 (bei
566 4347 651 4402 De1.1
667 4349 718 4402 212
734 4349 814 4402 Δαιυ.
827 4349 853 4418 ει)
871 4366 897 4404 u.
915 4349 998 4417 Angl.
1011 4350 1044 4418 (e
1057 4367 1081 4404 e.
1094 4349 1144 4418 0.),
1162 4350 1229 4404 eber
1246 4351 1321 4406 deun
1338 4358 1412 4426 were
1424 4353 1472 4406 dae
1484 4353 1543 4407 Fol-

240 4433 328 4501 gende
349 4424 411 4500 (τὴν
432 4437 485 4487 τοῦ
508 4437 638 4502 σωτῆρος
660 4427 847 4501 φυλάσσομεν
869 4427 991 4502 ἐντολὴν
1012 4435 1071 4488 κτλ.
1090 4433 1116 4486 Ζ.
1131 4437 1173 4502 14)
1196 4435 1357 4508 flberflfiseig
1378 4439 1382 4504 Ι
1402 4439 1440 4494 15
1460 4440 1545 4506 δῆλον

241 4509 287 4572 ὅτι
305 4518 382 4572 Bent.
402 4517 457 4585 (bei
474 4517 534 4571 Del.
552 4517 564 4569 I
582 4517 633 4571 212
650 4520 730 4570 Anm.
748 4515 777 4584 b)
796 4517 882 4571 Lond.
906 4511 1037 4588 δηλονότι
1058 4517 1138 4586 T03.
1145 4519 1204 4573 Del.
1220 4521 1224 4588 Ι
1241 4521 1279 4576 18
1303 4516 1403 4593 ἕτερον
1420 4531 1453 4582 <
1471 4521 1544 4576 Wet.

220 4601 300 4657 ¹Del.
320 4603 324 4670 Ι
344 4601 382 4656 22
407 4597 527 4671 ἐνορῶν]
551 4595 581 4655 έν
605 4595 721 4675 σύρανηῐ
743 4603 877 4656 vermutet
894 4601 975 4671 Angl.
995 4607 1029 4671 (ο.
1047 4620 1070 4657 ει
1088 4603 1141 4672 0.),
1166 4604 1202 4658 de
1220 4605 1349 4676 OrIgenee
1367 4607 1427 4661 hier
1444 4608 1457 4661 I
1476 4607 1543 4660 Κδο.

240 4687 264 4750 8,
283 4687 316 4741 30
333 4686 371 4738 im
390 4690 467 4753 Auge
484 4684 556 4740 habe
572 4687 576 4754 Ι
591 4685 706 4742 21-28
724 4702 769 4740 em
787 4687 865 4740 Rend
885 4691 921 4754 σῇ
940 4703 993 4741 von
1011 4687 1030 4741 1.
1043 4687 1076 4741 Η.
1094 4687 1123 4742 Τ.
