3780 5532
615 499 714 554 κιαι
740 501 900 557 Amor
921 503 980 559 vn
1002 505 1042 558 33.
1061 504 1101 557 ει.
1120 504 1161 558 35.
1487 509 1544 574 185

158 665 288 740 1781444
318 657 501 744 θάνατον,“
534 657 594 750 ούχ
624 656 737 747 ούτως
767 693 819 748 τις
843 675 847 748 ί
870 661 1099 754 έμβρόντητός
1131 671 1232 750 ἐστιν,
1265 663 1312 748 ῶς
1340 675 1486 757 νομίζειν
1508 661 1545 738 ό-

243 768 446 847 φθαλμοῖς
461 761 643 850 σώματος
657 773 897 835 κατανοεῖσθαι
911 763 975 848 ,τά
991 763 1180 854 θαυμάσιαι(
1197 772 1259 836 τοῦ
1276 775 1374 837 θείου
1388 764 1544 856 ,,νόμου,“

243 855 263 948 ἢ
295 857 359 948 τήν
390 865 454 930 τού
490 867 607 950 κυρίου
635 861 780 951 ἐντολήν
811 863 1025 953 φωτιστικήν
1058 865 1246 937 εἶναιτῶν
1272 871 1335 936 τού
1362 865 1545 954 σώματος

242 953 483 1046 ὀφθαλμῶν,
506 955 526 1048 ἢ
549 955 663 1033 ύπνον
684 960 840 1034 θανάτου
862 963 1058 1036 έποιστικόν
1081 971 1273 1052 συμβαίνειν
1294 971 1370 1051 περὶ
1389 964 1468 1047 τούς
1484 970 1546 1035 τοῦ

208 1077 223 1129 5
242 1059 426 1148 σῶματος
448 1054 693 1150 όφθαλμούς.

324 1155 410 1231 άλλόι
442 1169 498 1230 καὶ
533 1160 618 1232 έπάν
649 1165 726 1251 λέγη
759 1157 778 1232 ό
811 1161 927 1251 σωτήρ
955 1158 1063 1250 ήμῶν·
1093 1158 1133 1246 ,,ό
1161 1165 1249 1252 ἔχων
1276 1155 1360 1235 ῶτα
1381 1159 1546 1235 άκούειν

242 1254 455 1344 άκουέτω,“
484 1267 539 1330 καὶ
571 1256 589 1330 ό
620 1263 734 1349 τυχῶν
765 1267 892 1348 συνίησι
922 1268 999 1350 περὶ
1029 1270 1219 1351 θειοτέρων
1250 1269 1360 1334 ταῦτα
1391 1267 1547 1350 λέγεσθαι

243 1354 368 1430 ῶτων.
404 1355 468 1432 κάν
491 1366 627 1449 λέγηται
650 1356 771 1448 ,λόγος
792 1365 928 1447 κυρίου(
949 1367 1122 1449 γεγονέναι
1138 1367 1175 1432 έν
1194 1369 1296 1450 χειρί
1317 1358 1470 1448 Ἱερεμίου
1485 1367 1547 1432 τοῦ

242 1455 423 1546 προφήτου
445 1454 465 1548 ἢ
488 1455 594 1531 ἄλλου
615 1459 717 1543 τινός,
741 1456 761 1547 ἢ
783 1455 887 1546 νόμος
910 1463 966 1542 ,ἐν
988 1469 1110 1548 χειρὶίί
1128 1467 1311 1547 Μωύσέως,
1334 1457 1354 1551 ἢ
1379 1457 1432 1534 ότι
1453 1479 1546 1546 ,ταῖς

193 1573 225 1627 10
242 1565 348 1643 χερσί
375 1585 440 1642 μου
465 1557 609 1648 ἐζήτησα
638 1559 832 1632 τὸνθεόν
856 1566 912 1629 καί
933 1553 997 1628 ούκ
1019 1555 1233 1649 ήπατήθην,“
1258 1559 1317 1650 ούχ
1340 1556 1454 1644 οὕτως
1476 1567 1546 1632 έστί

244 1683 295 1736 τις
321 1651 481 1744 ἀνόητος,
508 1655 555 1740 ῶς
582 1657 625 1748 μή
652 1655 871 1746 ἐκλαμβάνειν
894 1655 1029 1746 χεῖράς
1055 1687 1150 1740 τινας
1178 1661 1263 1730 εἶναι
1290 1668 1464 1750 τροπικῶς
1490 1689 1546 1730 κα-

243 1761 415 1842 λουμένας,
437 1763 512 1843 περὶ
536 1748 586 1827 ῶν
608 1765 662 1826 καί
678 1754 834 1846 Ἰωάννης
856 1763 957 1845 λέγει·
982 1761 1034 1839 ,αἱ
1055 1775 1182 1846 χεῖρες
1204 1755 1300 1848 ήμῶν
1323 1757 1547 1849 ἐψηλάφησαν

241 1861 317 1942 περὶ
345 1859 409 1925 τοῦ
436 1852 539 1942 λόγου
566 1862 625 1946 τῆς
655 1863 772 1945 ζωῆς.“
812 1860 839 1925 εί
866 1861 902 1926 δὲ
928 1863 982 1926 καί
1010 1864 1084 1940 περὶ
1107 1863 1167 1947 τῆς
1189 1864 1386 1945 κρείττονος
1409 1856 1544 1948 αίσθή·

242 1976 341 2035 σεως
366 1961 421 2024 καὶ
450 1953 490 2026 ού
516 1962 707 2045 σωματικῆς
732 1954 844 2039 βούλει
870 1951 938 2026 άπὸ
962 1962 1035 2026 τῶν
1056 1957 1159 2043 ἱερῶν
1180 1955 1387 2048 γραμμάτιον
1409 1968 1542 2047 μαθεῖν,

193 2077 223 2130 15
241 2047 387 2124 άκουσον
424 2061 659 2142 Σολομῶντος
695 2059 731 2125 έν
772 2073 845 2137 ταῖς
880 2060 1076 2142 Παρσιμίαις
1111 2061 1289 2144 λέγοντος·
1329 2061 1545 2146 ,αἴσθησιν

241 2161 339 2224 θείαν
361 2150 534 2244 εύρήσεις.“

325 2274 450 2340 XXXV.
498 2267 546 2340 04²
575 2277 668 2359 χρεία
700 2278 817 2341 τοίνυν
855 2266 932 2359 ήμῖν
968 2267 1015 2352 ῶς
1049 2264 1144 2341 ούτω
1176 2279 1313 2361 ζητοῦσι
1345 2270 1418 2342 τὸν
1448 2271 1546 2345 θεόν

243 2365 417 2454 άπιέναι,
450 2362 538 2442 όπσυ
568 2366 653 2459 ἡμᾶς
683 2376 805 2459 πέμπει
838 2366 1022 2451 όΚέλσος,
1054 2373 1108 2452 είς
1139 2380 1375 2458 Τροφωνίου
1400 2380 1465 2442 καὶ
1492 2375 1545 2455 είς

241 2464 463 2558 Ἀμφιάρεω
486 2477 551 2540 καὶ
578 2475 633 2552 είς
656 2467 812 2556 Μόψου,
841 2473 938 2539 ένθα
967 2477 1070 2558 φησὶν
1096 2466 1418 2558 ἀνθρωποειδεῖς
1444 2481 1545 2543 θεοσ-

190 2578 399 2658 εορεῖσθαι
429 2569 550 2651 θεούς
583 2577 661 2652 καὶ,
697 2568 744 2652 ῶς
777 2576 863 2656 λέγει
889 2574 1027 2651 Κέλσος,
1062 2566 1108 2638 ού
1143 2577 1416 2660 ψευδομένους
1446 2568 1544 2643 άλλά

241 2675 306 2738 καὶ
337 2671 521 2756 ἐναργεῖς.
564 2673 657 2756 ἰ’σμεν
690 2667 751 2758 γάρ
784 2664 874 2756 ἡμεῖς
906 2667 1052 2748 τούτους
1082 2673 1243 2757 δαίμονας
1276 2666 1391 2757 ὄντας,
1424 2699 1544 2760 τρεφο-

241 2774 360 2856 μένους
387 2777 534 2851 κνίσσαις
561 2775 615 2838 καὶ
644 2772 755 2857 αίμασι
780 2775 834 2836 καί
858 2786 930 2851 ταῖς
952 2765 1020 2840 άπὸ
1044 2775 1118 2840 τῶν
1140 2779 1272 2841 θυσιῶν
1294 2767 1544 2860 ἀναθυμιάσεσι.

241 2875 296 2937 καὶ
322 2862 417 2938 ούτω
444 2873 780 2956 παρακατεχομένους
807 2873 844 2937 ἐν
872 2887 944 2950 τοῖς
972 2865 1040 2938 άπὸ
1068 2875 1128 2957 της
1151 2874 1329 2956 ἐπιθυμίας
1351 2867 1467 2941 αύτῶν
1488 2898 1544 2940 κα-

243 2977 495 3038 τασκευασθεῖσι
522 2975 775 3057 δεσμωτηρίοις·
805 2961 905 3037 άτινα
932 2967 1003 3056 ίερά
1030 2974 1126 3038 θεῶν
1141 2963 1299 3057 Ἕλληνες
1323 2978 1543 3057 νενομίκασιν,

191 3089 224 3143 25
241 3062 312 3137 ἀλλ’
334 3063 425 3156 ἡμεῖς
446 3072 538 3156 ἴσμεν
560 3065 775 3139 άπατεῶνων
797 3063 967 3155 δαιμόνων
991 3070 1075 3139 είναι
1097 3066 1139 3138 τά
1162 3075 1304 3138 τοιαῦτα
1319 3066 1504 3158 οίκητήρια.

323 3165 407 3255 μετὰ
438 3173 546 3237 ταῦτα
576 3163 759 3254 κακοήθως
786 3161 804 3235 ό
830 3172 955 3248 Κέλσος
982 3173 1062 3255 φησὶ
1093 3175 1263 3254 περὶτῶν
1290 3174 1545 3256 προειρημένων

242 3261 563 3354 άνθρωποειδῶν
588 3262 663 3337 κατ’
686 3261 792 3336 αύτόν
818 3274 926 3336 θεῶν
958 3259 1012 3338 ότι
1043 3264 1186 3352 ὄψεταί
1214 3295 1276 3348 τις
1304 3264 1450 3348 αύτούς
1476 3263 1544 3354 ούχ

242 3360 344 3452 άπαξ
385 3367 688 3454 παραδρυέντας
734 3360 867 3451 ῶσπερ
913 3364 985 3435 τὸν
1028 3365 1201 3447 τούτους
1238 3365 1546 3456 ἐξαπατήσαντα

243 3461 324 3536 ἄλλ’
348 3461 406 3536 άεὶ
437 3486 524 3549 τοῖς
554 3471 816 3553 βουλομένοις
841 3459 1094 3552 ὁμιλοῦντας.
1137 3471 1192 3535 καί
1220 3468 1309 3535 έοικέ
1334 3495 1369 3554 γε
1392 3466 1445 3537 διὰ
1469 3466 1543 3538 τού-

191 3586 224 3639 30
242 3593 313 3635 των
336 3563 468 3655 φάσμα
489 3571 550 3654 μέν
573 3570 784 3652 νενομικέναι
807 3561 869 3634 τόν
890 3559 1024 3653 Ἰησοῦν,
1047 3563 1130 3653 μετὰ
1154 3563 1218 3652 τήν
1240 3569 1276 3634 έκ
1299 3571 1430 3656 νεκρῶν
1452 3563 1546 3637 άνά-
1626 3597 1629 3604 ’

242 3688 380 3735 στασιν
402 3670 611 3752 ἐπιφανέντα
635 3683 706 3744 τοῖς
728 3674 910 3752 μαθηταῖς,
939 3659 1081 3750 ῶσπερεί
1104 3663 1437 3752 παροῤῥεύσαντα
1459 3665 1545 3754 πρός

325 3869 343 3923 2
363 3869 426 3938 Vgl.
440 3867 510 3922 Psal.
525 3869 581 3928 118.
596 3869 636 3923 18.
655 3899 687 3906 -
704 3869 721 3922 3
740 3867 800 3937 Vgl.
814 3867 887 3922 Psal.
901 3869 941 3932 18,
954 3869 978 3922 9.
997 3898 1030 3906 -
1049 3867 1068 3922 4
1086 3867 1149 3937 vgl.
1169 3867 1239 3922 Psal.
1254 3867 1292 3931 12,
1310 3875 1334 3922 4.
1358 3899 1390 3908 -
1410 3873 1428 3926 6
1447 3871 1546 3924 Matth.

242 3956 281 4016 n,
301 3955 341 4008 15.
365 3955 405 4016 13,
423 3955 447 4007 9.
465 3955 506 4008 43.
536 3953 624 4008 Mark.
642 3955 666 4018 4,
684 3953 708 4006 9.
727 3953 769 4006 23.
793 3952 860 4007 Luk.
879 3955 902 4018 ε,
921 3953 945 4007 8.
973 3955 1012 4018 14,
1031 3954 1072 4008 ετ.
1096 3983 1128 3991 -
1148 3953 1166 4006 s
1191 3930 1251 4020 τψ.
1270 3954 1369 4007 Jerem.
1389 3958 1411 4014 1.
1430 3959 1455 4007 4.
1473 3955 1496 4008 υ.
1515 3984 1547 3992 -

239 4037 341 4114 ευρ.
360 4037 439 4092 Num.
461 4040 505 4098 τε,
529 4040 570 4094 40.
590 4069 622 4076 -
645 4037 715 4091 Ρω.
736 4040 780 4104 το,
798 4040 822 4092 3.
841 4067 873 4076 -
893 4037 931 4092 ιε
955 4036 1096 4100 IJoh.1‚
1117 4042 1139 4092 1.
1159 4068 1191 4076 -
1211 4039 1247 4093 τε
1273 4039 1352 4092 prov.
1371 4039 1394 4098 2.
1414 4042 1436 4093 τ.
1456 4069 1487 4078 —
1506 4037 1546 4093 οο

240 4119 606 4192 vgl.0be11141.1922.
627 4127 648 4178 1.
666 4123 691 4176 3.

327 4309 342 4362 l
363 4297 456 4372 ούτιυς
472 4311 496 4360 A
515 4297 590 4362 ούτιο
608 4310 710 4375 Ausgg.
731 4309 735 4373 Ι
755 4307 772 4361 θ
791 4303 937 4370 Μωύσέιος
964 4306 1086 4360 schreibe
1113 4307 1158 4360 ich
1176 4307 1228 4360 mit
1251 4307 1299 4360 Bo.
1318 4306 1415 4374 (Notae
1432 4325 1460 4376 p.
1478 4309 1546 4375 401).

240 4394 344 4460 μωΰσῆ
361 4395 492 4461 AAusgg.
508 4391 512 4459 ί
529 4393 568 4448 10
588 4381 663 4448 υύτοι
682 4392 725 4459 ΑΙ
744 4390 782 4446 15
801 4392 990 4458 σαλομῶντος
1007 4391 1107 4456 4120
1126 4408 1174 4445 vor
1187 4385 1370 4455 Κέλσος-εδ
1389 4391 1526 4460 MAusgg.

241 4487 314 4549 ἄλλά
331 4493 388 4563 καί]
407 4487 427 4546 α’
444 4493 473 4546 in
492 4493 641 4554 conentur,
664 4487 726 4547 ὰιι.
744 4512 762 4546 κ
785 4492 836 4546 auf
850 4493 937 4546 Rasur
954 4495 978 4545 A
998 4495 1001 4559 Ι
1023 4493 1059 4548 21
1084 4491 1285 4563 τρεφομένους
1302 4495 1327 4545 A
1347 4494 1352 4560 Ι
1372 4493 1410 4548 22
1437 4475 1548 4558 κνιόαις

241 4579 289 4648 [so]
307 4582 344 4634 A¹
369 4581 373 4648 Ι
397 4580 445 4633 καί
464 4581 523 4646 (vor
541 4572 662 4646 αίμασιη
681 4595 699 4632 κ
717 4577 769 4630 auf
783 4577 870 4632 Rasur
887 4580 912 4630 A
935 4579 939 4643 Ι
963 4576 1002 4632 25
1025 4570 1105 4646 εἶναι]
1129 4595 1145 4630 ν
1166 4577 1195 4629 in
1214 4577 1355 4632 Correetur
1372 4581 1397 4632 A
1412 4581 1416 4648 Ι
1432 4579 1470 4635 41
1494 4571 1545 4632 ὡσ-

240 4665 306 4734 περὶ
322 4666 355 4716 A.
