3790 5526
631 464 731 518 ΚΑΤΑ
757 463 917 518 mmor
939 463 981 520 vl
1001 462 1042 517 46.
1061 464 1101 516 47.
1118 462 1160 516 48.
1492 467 1549 528 119

249 655 330 712 νος,
363 657 403 700 ον
432 624 598 709 πολλάκις
628 631 814 715 ἐσέμνυνεν,
846 622 1043 714 ἀναγκασθῇ
1073 629 1324 712 παραδέξασθαι
1355 616 1409 695 ότι
1440 618 1459 694 δ
1490 629 1551 714 μὲν

251 724 452 817 δημιουργός
474 731 574 798 τοῦδε
596 733 660 797 τοῦ
681 725 812 809 παντὸς
833 721 918 808 υἱός
940 730 1011 796 ἐστι
1033 729 1096 795 τοῦ
1119 730 1233 808 θεοῦ,
1257 719 1326 796 όδὲ
1342 731 1482 813 πρῶτος
1496 730 1551 793 καὶ

250 832 305 898 ἐπὶ
327 833 409 899 πᾶσι
430 825 524 909 θεδς
546 825 659 916 πατήρ
681 831 773 898 ἐστιν
795 822 909 898 αὐτοῦ.

334 931 362 998 εί
383 933 419 998 δὲ
441 932 492 1016 τῷ
516 924 708 1016 τηλικούτῳ
729 930 803 1014 υίρῦ
826 931 888 996 τοῦ
909 931 1008 995 θεοῦ
1030 919 1184 1012 ἡνῶσθαι
1199 920 1387 1011 φάσκοντες
1408 930 1450 1011 τῇ
1465 919 1551 1016 άκρῳ

216 1033 373 1116 5μετοχῖγ
392 1031 522 1097 ἐκείνου
543 1026 607 1116 τὴν
630 1032 693 1097 τοῦ
715 1022 821 1115 Ἰησοῦ
842 1023 956 1114 ψυχὴν
982 1020 1095 1095 οῦκέτι
1120 1031 1303 1112 χωρίζομεν
1333 1018 1396 1095 ἀπ’
1423 1027 1552 1096 ἐκείνου

251 1123 367 1216 αῦτὴν,
391 1122 489 1198 οῦδὲν
510 1121 716 1214 θαυμαστόν.
749 1130 857 1196 οίδασι
879 1123 941 1212 γάρ
964 1127 997 1195 οἱ
1018 1126 1102 1212 ίεροὶ
1124 1128 1197 1194 τῶν
1219 1128 1324 1193 θείων
1346 1121 1551 1213 γραμμάτων

251 1223 347 1314 λόγοι
367 1232 423 1296 καί
445 1222 541 1308 ἀλλα,
570 1225 631 1296 δύο
658 1232 701 1313 τῇ
728 1225 860 1296 ἑαυτῶν
886 1223 982 1312 φύσει
1007 1219 1228 1312 τυγχάνοντα,
1256 1227 1302 1304 είς
1328 1225 1364 1292 ἓν
1392 1219 1551 1312 ἀλλήλοις

251 1325 336 1396 εἶναι
358 1331 572 1415 λελογισμένα
593 1332 648 1396 καί
672 1321 767 1398 ὄντα.
808 1325 883 1396 οίον
907 1331 982 1411 περὶ
1009 1329 1070 1412 μὲν
1095 1319 1218 1410 ἀνδρὸς
1242 1329 1296 1392 καὶ
1323 1321 1479 1411 γυναικός
1501 1329 1551 1394 λέ·

166 1435 379 1496 1551λεκται·
400 1423 536 1511 ,οάκέτι
558 1431 620 1496 εἰσὶ
646 1424 705 1496 δύο
733 1420 818 1496 άλλά
845 1423 927 1514 σάρξ
953 1432 1040 1511 μία,“
1060 1427 1065 1512 Ι
1083 1427 1157 1510 περί
1185 1427 1220 1492 δὲ
1249 1427 1311 1492 τοῦ
1340 1430 1470 1494 τελείου
1496 1430 1551 1494 καί

200 1539 234 1593 10
251 1531 472 1612 κολλωμένου
499 1531 549 1614 τηῦ
576 1522 733 1614 ἀληθινῷ
759 1533 874 1612 κυρίῳ,
904 1520 995 1613 λόγῳ
1022 1529 1078 1593 καὶ
1105 1529 1207 1612 σοφίᾳ
1236 1529 1292 1592 καὶ
1317 1517 1469 1615 ἀληθείᾳ,
1497 1517 1551 1597 ότι

252 1619 293 1709 ,ό
318 1623 533 1711 κολλώμενος
558 1630 610 1712 τῶ
637 1632 742 1713 κυρίῳ
771 1627 807 1694 έν
836 1620 968 1709 πνεῦμά
999 1627 1120 1692 έστιν.“
1161 1626 1188 1692 εί
1215 1617 1247 1692 δ’
1275 1615 1315 1706 ,,ό
1336 1623 1552 1712 κολλώμενος

252 1729 304 1812 τῶ
326 1729 432 1812 κυρίῳ
457 1726 492 1792 ἓν
513 1721 647 1810 πνεῦμά
668 1729 769 1807 έστι,“
793 1729 843 1805 τίς
862 1729 993 1809 μᾶλλον
1008 1727 1070 1810 τῆς
1083 1716 1188 1808 Ἰησοῦ
1211 1726 1318 1810 ψυχῆς
1333 1715 1354 1810 ἢ
1368 1716 1433 1792 κάν
1446 1751 1553 1812 παρα·

252 1828 404 1911 πλησίας
435 1818 636 1912 κεκόλληται
667 1827 718 1912 τηῦ
750 1829 867 1910 κυρίῳ,
901 1827 952 1910 τῶ
986 1816 1163 1910 αῦτολόγῳ
1195 1825 1251 1890 καὶ
1281 1817 1470 1913 αῦτοσοφίᾳ
1499 1829 1556 1892 καὶ

252 1918 482 2012 αῦτοαληθείᾳ
504 1930 560 1991 καὶ
583 1917 878 2007 αάτοδικαιοσῦνη,·
899 1914 982 2008 όπερ
1004 1923 1031 1990 εί
1054 1913 1166 2000 οὕτως
1188 1919 1261 2007 ἔχει,
1285 1916 1348 1990 οῦκ
1369 1922 1431 1992 είσί
1451 1919 1511 1993 δύο
1535 1918 1556 2011 ἦ

203 2039 235 2093 15
253 2020 343 2109 ψυχὴ
366 2027 429 2092 τοῦ
444 2015 549 2109 Ἰησοῦ
570 2019 657 2108 πρός
681 2017 743 2090 τόν
764 2017 894 2108 ,πάσης
915 2026 1078 2102 κτίσεωςίί
1099 2015 1329 2107 πρωτότοκον
1343 2017 1429 2090 θεόν
1442 2017 1556 2108 λόγον.

336 2139 476 2207 XLVIII.
495 2145 499 2220 Ι
519 2136 605 2208 Είτα
628 2135 687 2207 ἐάν
707 2143 768 2226 μὲν
787 2135 851 2225 τὴν
865 2132 972 2225 αῦτὴν
987 2131 1112 2225 ἀρετὴν
1127 2140 1282 2224 λέγοντες
1297 2131 1487 2224 άνθρῶπου
1500 2143 1555 2208 καί
1575 2145 1627 2200 670

252 2243 337 2306 θεοῦ
358 2238 390 2307 οί
412 2232 479 2307 ἀπό
502 2242 564 2326 τῆς
581 2242 696 2318 Στοᾶς
717 2232 901 2322 φιλόσοφοι
921 2235 966 2324 μὴ
990 2232 1285 2325 εὐδαιμονέστερον
1308 2241 1451 2324 λέγωσιν
1473 2238 1556 2308 είναι

253 2334 316 2408 τόν
343 2342 397 2407 έπὶ
423 2342 504 2407 πάσι
532 2334 617 2408 θεὸν
639 2341 702 2406 τοῦ
723 2338 760 2405 έν
782 2331 983 2424 ἀνθρώποις
1002 2331 1078 2407 κατ’
1099 2330 1223 2418 αάτοῦς
1244 2341 1365 2422 σοφοῦ,
1388 2331 1462 2406 ἀλλ’
1480 2341 1556 2426 ίσην

253 2437 338 2506 είναι
360 2433 423 2524 τὴν
445 2431 652 2522 ἀμφοτέρων
675 2431 897 2524 εὐδαιμονίαν,
922 2440 1049 2517 Κέλσος
1069 2431 1110 2505 οῦ
1131 2440 1301 2527 καταγελᾷ
1316 2431 1393 2506 οῦδὲ
1405 2433 1556 2524 χλευάζει

201 2554 236 2609 *10
253 2533 294 2605 τό
318 2531 436 2624 δόγμα·
459 2533 518 2605 έάν
540 2530 569 2604 δ
586 2529 604 2604 δ
627 2543 722 2616 θεῖος
744 2530 844 2620 λόγος
865 2531 978 2621 φάσκη
998 2541 1186 2606 κολλᾶσθαι
1207 2530 1275 2606 ῦπό
1290 2539 1351 2624 τῆς
1366 2531 1488 2624 ἀρετῆς
1501 2543 1556 2606 καὶ

253 2636 416 2706 ἑνοῦσθαι
442 2641 494 2724 τῷ
521 2630 699 2724 αῦτολόγῳ
731 2634 793 2705 τὸν
820 2640 962 2717 τέλειον,
994 2630 1042 2716 ῶς
1067 2633 1154 2705 κατά
1181 2641 1286 2705 τοῦτο
1309 2629 1555 2726 ἀναβεβηκότας

251 2734 296 2825 μὴ
323 2741 479 2824 χωρίζειν
506 2730 590 2825 ἡμᾶς
616 2732 680 2823 τὴν
704 2729 811 2824 Ἰησοῦ
839 2732 951 2822 φυγὴν
977 2739 1040 2804 τοῦ
1070 2730 1297 2822 πρωτοτόκου
1325 2730 1455 2823 ,πάσης
1484 2745 1554 2806 κτί-

252 2843 370 2918 σεως,“
395 2839 475 2926 γελᾷ
502 2835 543 2906 τό
570 2838 726 2921 λέγεσθαι
757 2835 846 2906 υίὸν
873 2838 970 2903 θεοῦ
993 2828 1129 2923 Ἰησοῦν,
1155 2830 1216 2922 οῦχ
1243 2829 1345 2922 δρῶν,
1376 2841 1455 2905 τίνα
1485 2839 1556 2906 έστλ

252 2936 295 3006 τά
317 2941 394 3022 περὶ
417 2931 524 3004 αὐτοῦ
551 2938 588 3004 έν
616 2930 802 3024 άποῤῥήτῳ
829 2941 998 3022 μυστικῶς
1028 2939 1065 3006 έν
1087 2951 1160 3016 ταῖς
1190 2939 1298 3016 θείαις
1331 2952 1474 3022 γραφαῖς
1505 2945 1556 3006 λε-

200 3052 234 3106 25
252 3031 385 3124 γόμενα.

336 3135 390 3204 ἵνα
412 3138 448 3204 δὲ
469 3129 737 3222 προσαγάγωμεν
767 3139 809 3219 τῇ
841 3138 1015 3221 παραδοχῇ
1038 3139 1102 3204 τοῦ
1135 3138 1316 3222 λεγομένου
1345 3133 1409 3205 τόν
1439 3131 1557 3217 βουλό-

253 3261 356 3323 μενον
382 3228 602 3314 άκολουθίαις
630 3228 810 3320 δογμάτων
837 3232 978 3302 ἕπεσθαι
1004 3237 1059 3302 καὶ
1089 3229 1306 3320 ἀφελεῖσθαι,
1338 3239 1476 3321 λέγομεν
1503 3228 1557 3306 ότι

254 3339 351 3422 σῶμα
373 3337 525 3421 Χριστοῦ
548 3353 651 3417 φασιν
673 3333 758 3402 εἶναι
779 3334 811 3402 οί
832 3341 921 3402 θεῖοι
943 3327 1039 3420 λόγοι
1060 3328 1127 3403 ἀπὸ
1155 3338 1219 3402 τοῦ
1247 3335 1340 3402 υίοῦ
1367 3338 1431 3403 τοῦ
1458 3339 1556 3404 θεοῦ

254 3431 467 3521 ψυχούμενον
496 3429 560 3520 τὴν
588 3437 701 3502 πᾶσαν
730 3437 792 3502 τοῦ
825 3436 910 3502 θεοῦ
941 3435 1127 3520 έκκλησίαν,
1158 3438 1241 3520 μέλη
1271 3436 1305 3502 δὲ
1335 3429 1464 3502 τοῦτου
1494 3436 1557 3502 τοῦ

339 3621 359 3675 θ
377 3617 561 3683 11161166
578 3618 656 3686 (Gen.
675 3617 699 3678 2.
717 3618 757 3672 24.
784 3617 883 3672 Matth.
902 3618 942 3682 19,
960 3619 984 3672 5.
1003 3616 1127 3684 1Κοε.6,
1140 3620 1180 3674 16.
1203 3617 1300 3688 Ερλεεε.
1312 3621 1337 3682 5,
1354 3619 1405 3686 31).
1423 3648 1456 3658 -
1475 3617 1514 3674 10
1532 3637 1558 3674 ιι.

255 3703 373 3774 13ng
393 3703 538 3767 Joh.1,1.
564 3705 603 3763 14.
622 3705 646 3758 6.
671 3704 770 3770 17,17.
801 3702 988 3762 Luk.11‚49.
1012 3702 1106 3758 IXor.
1119 3707 1142 3771 1,
1155 3704 1195 3758 30.
1214 3733 1245 3742 —
1267 3703 1303 3758 11
1323 3702 1336 3756 I
1353 3703 1453 3770 Κοτδ,
1467 3707 1507 3758 17.
1525 3732 1559 3744 -

255 3789 292 3846 15
312 3787 374 3858 VgI.
393 3787 454 3844 Xol.
473 3790 497 3854 1,
516 3791 555 3844 15.
579 3787 643 3843 Joh.
662 3791 685 3852 1,
705 3790 728 3842 1.
746 3819 779 3828 -
798 3788 836 3843 16
857 3787 918 3857 Vgl.
936 3787 1075 3852 Plutarch,
1095 3787 1135 3842 De
1153 3787 1265 3842 Stoicor.
1284 3804 1395 3858 repugn.
1413 3787 1476 3860 Gap.
1495 3788 1560 3842 XIII

253 3893 278 3944 p.
297 3873 372 3930 1038.
390 3872 431 3928 De
453 3889 551 3926 comm.
575 3873 654 3928 notit.
677 3873 739 3926 adv.
762 3872 842 3929 Stoic.
866 3871 929 3943 Cap.
952 3873 1067 3928 XXXIII
1090 3891 1114 3944 p.
1134 3873 1208 3928 1076.
1239 3871 1374 3942 Diogenes
1400 3873 1489 3929 LaIrt.
1507 3871 1559 3927 VII

255 3961 277 4024 1,
296 3957 431 4012 117.119.
450 3958 507 4012 127.
527 3956 584 4011 128.
613 3955 674 4010 Joh.
693 3956 767 4011 Stob.
786 3957 888 4012 101.ss
907 3961 921 4011 7
940 3959 1008 4027 (116.
1028 3959 1094 4023 1201.
1112 3987 1146 3997 -
1168 3957 1210 4013 20
1232 3956 1295 4026 Vgl.
1313 3958 1326 4010 Ι
1344 3957 1407 4011 Xor.
1425 3959 1449 4020 6,
1468 3959 1508 4012 17.
1524 3985 1560 3998 -

254 4042 292 4098 22
311 4041 374 4112 Vgl.
393 4041 453 4096 Kol.
473 4043 603 4106 1,15.-
624 4041 664 4096 28
682 4041 745 4112 vgl.
765 4041 824 4096 Kol.
845 4043 867 4106 1,
885 4043 926 4096 24.

337 4210 355 4264 4
373 4204 544 4278 φάσκοντες]
564 4202 717 4278 φάσκομεν
734 4209 797 4264 lieet
813 4209 862 4264 Bo.
880 4208 978 4278 (Notae
994 4227 1020 4280 p.
1038 4211 1099 4276 397)
1114 4211 1118 4278 Ι
1134 4209 1152 4264 5
1169 4203 1262 4278 Ἰησοῦ
1278 4209 1329 4263 HI.
1347 4227 1393 4262 am
1410 4207 1498 4274 fland,
1515 4207 1559 4278 Sp.

255 4294 312 4348 Del.
330 4293 369 4346 im
386 4293 463 4360 Text,
482 4294 537 4363 vgl.
555 4297 640 4348 σιτίου
658 4295 685 4348 Ζ.
705 4294 749 4357 12;
767 4289 831 4348 υίοῦ
849 4292 933 4348 Auo.
951 4293 990 4347 im
1007 4293 1077 4349 Text
1091 4295 1095 4362 1
1109 4293 1270 4364 χωρίζομεν
1287 4293 1411 4348 schreibe
1427 4291 1484 4356 ich,
1503 4291 1558 4362 τρὶ.

254 4382 342 4434 unten
356 4377 396 4432 VI
413 4379 455 4442 48,
473 4378 500 4432 Z.
518 4380 563 4442 22;
591 4375 790 4448 χωριζομένην
807 4381 940 4448 AAusgg.
955 4379 960 4446 Ι
977 4378 1017 4434 10
1035 4371 1170 4452 ἀληθινῷ]
1190 4373 1294 4446 ἀληθεῖ
1309 4381 1349 4433 νῶ
1366 4381 1392 4432 A
1406 4377 1411 4442 Ι
1427 4377 1465 4434 ll
1485 4375 1511 4433 εί
1530 4377 1559 4430 in

255 4461 399 4518 eorreetur
418 4465 517 4531 1115
536 4464 627 4518 hinter
643 4461 716 4518 θεὸν
735 4469 768 4526 ÷
785 4453 833 4529 θλ,
852 4461 922 4516 doch
939 4463 1109 4533 expungiert,
1126 4465 1151 4517 A
1166 4465 1170 4531 Ι
1189 4461 1228 4518 20
1253 4459 1351 4533 φάσκῃ
1370 4461 1559 4532 PMVAuagg.

255 4543 360 4616 φάσκει
369 4551 394 4602 A
409 4550 413 4616 Ι
429 4547 468 4604 21
481 4554 569 4604 τοῦτο
580 4553 605 4604 A
617 4552 723 4603 τοῦτον
734 4546 871 4616 MAusgg.
886 4547 890 4614 1
907 4540 1120 4619 ἀναβεβηκότας
1131 4547 1228 4602 Μθθπ·
1238 4545 1349 4602 1012130.
1362 4545 1459 4615 (Notae
1468 4547 1559 4616 11397)

254 4632 315 4688 Del.
334 4628 548 4704 άναβεβηκδτος
565 4633 698 4702 ΑΗ6.θρ.
