3790 5526
580 486 679 540 ΚΑΤΑ
704 485 864 541 ΚΕΔΣΟΥ
886 487 928 544 VI
952 487 992 542 19.
1009 486 1050 541 20.
1069 487 1110 542 21.
1128 484 1169 541 22.
1192 537 1194 542 ,
1476 488 1516 550 91

215 644 497 736 ἐπαγγειλάμενον
532 667 605 730 τοῖς
640 656 782 740 γνησίως
816 655 964 739 μαθοῦσι
1000 648 1043 719 τὰ
1079 659 1157 720 θεία
1184 653 1240 718 καὶ
1272 642 1374 732 άξίως
1399 639 1517 716 αὐτῶν

215 746 354 831 βιώσασι
379 747 540 836 προάξειν
565 745 692 832 αὐτοῦς
718 751 773 820 ἐπὶ
799 748 842 821 τὰ
867 745 1086 838 ῦπερκόσμια·
1120 753 1202 838 φησὶ
1228 743 1303 836 γάρ·
1340 741 1402 830 „Iv'
1431 737 1520 815 όπου

215 847 282 935 ἐγιό
314 843 434 935 όπάγω
462 853 518 918 καί
547 845 639 937 ῦμείς
669 839 757 936 ἧτε.“
801 849 855 920 διὰ
884 854 991 920 τοῦτο
1022 845 1112 939 ἡμεῖς
1142 845 1225 937 μετά
1259 845 1337 928 τοῦς
1367 849 1517 916 ἐνταῦθα
1618 849 1620 855 ’

215 946 366 1031 πόνους
388 954 453 1018 καί
474 947 555 1030 τοῦς
576 943 736 1038 άγοὸνας
757 953 936 1038 ἐλπίζομεν
956 949 1057 1034 πρὸς
1079 943 1217 1038 ἄκροις
1238 951 1423 1036 γενέσθαι
1445 962 1518 1024 τοῖς

181 1044 416 1135 δοῦρανοτς,
443 1054 500 1118 καὶ
525 1049 635 1138 πηγὰς
656 1042 802 1131 ,βόδατος
823 1044 1013 1139 ἁλλομένου
1033 1053 1079 1132 εἰς
1101 1046 1193 1137 ζωὴν
1214 1045 1374 1117 αἰώνιονΗ
1397 1040 1517 1114 άναλα·

215 1145 333 1230 βόντες
357 1146 449 1217 κατόι4
471 1147 536 1236 τὴν
560 1143 666 1237 Ἰησοῦ
696 1153 912 1220 διδασκαλίαν
938 1147 1114 1236 ποταμούς
1139 1175 1177 1218 τε
1202 1141 1416 1234 χωρήσαντες
1442 1149 1517 1215 τῶν

215 1243 451 1336 θεωρημάτων
472 1246 625 1330 οὖντοῖς
646 1253 838 1337 λεγομένοις
859 1242 978 1318 ῦδασιν
997 1244 1178 1336 ,,όπεράνω
1201 1251 1275 1316 τῶν
1302 1240 1517 1332 οῦρανῶν,“

216 1341 346 1417 αἰνοῦσι
376 1345 439 1430 ,πὸ
466 1341 574 1433 ὄνομα
601 1355 748 1435 κυρίου,“
779 1351 920 1419 έσεσθαι.
961 1354 1016 1418 καὶ
1043 1341 1126 1419 όσον
1152 1373 1189 1435 γε
1214 1347 1374 1434 αίνοῦμεν
1398 1339 1517 1426 αὐτὸν,

215 1440 257 1515 οῦ
286 1443 646 1536 περιαχθησόμεθα
677 1442 746 1519 ἀπό
785 1453 855 1537 τῆς
889 1453 961 1518 τοῦ
995 1442 1171 1534 οῦρανοῦ
1200 1449 1436 1533 περιφορᾶς,
1466 1439 1517 1514 άεί

165 1557 198 1612 10
216 1549 250 1614 δὲ
285 1543 370 1630 πρὸς
406 1552 449 1633 τῇ
483 1552 557 1636 θέᾳ
592 1543 739 1636 ἐσόμεθα
772 1553 848 1617 τῶν
876 1543 1035 1634 ἀοράτων
1063 1551 1127 1618 τοῦ
1154 1551 1252 1623 θεοῦ,
1284 1539 1400 1615 οῦκέτι
1430 1538 1518 1626 ,άπὸ

215 1649 357 1726 κτίσεως
381 1641 511 1734 κόσμου
538 1663 610 1727 τοῖς
635 1642 816 1735 ποιήμασι“
844 1651 1039 1735 νοουμένων
1064 1643 1152 1734 ἡμῖν,
1176 1639 1249 1716 ἀλλ’
1272 1641 1320 1727 αἱς
1342 1640 1518 1732 ω’νόμασεν

216 1737 235 1812 ό
264 1739 399 1832 γνήσιος
434 1749 498 1814 τοῦ
531 1740 634 1832 Ἰησοῦ
662 1745 820 1835 μαθητὴς
848 1751 974 1834 λέγων·
1007 1746 1108 1829 ,πότε
1137 1750 1173 1814 δὲ
1208 1741 1398 1834 πρόσωπον
1432 1741 1518 1832 πρός

214 1840 423 1930 πρόσωπον(
448 1849 504 1914 καὶ
532 1841 587 1915 τό·
617 1843 699 1927 ,ἐὰν
726 1847 809 1932 ἐλθη
837 1844 878 1916 τό
906 1850 1049 1929 τέλειον,
1078 1846 1118 1917 τό
1145 1847 1182 1915 έκ
1207 1850 1328 1934 μέρους
1354 1869 1518 1931 καταργη-

214 1938 386 2030 θήσεται.“
1544 1960 1546 1964 ’

165 2081 198 2134 15
298 2061 380 2127 XXI.
415 2053 530 2130 Ἑπτά
558 2065 592 2130 δὲ
619 2057 814 2147 οόρανοῦς
839 2053 861 2149 ἢ
888 2055 979 2142 όλως
1005 2065 1270 2149 περιωρισμένον
1291 2055 1439 2148 άριθμόν
1460 2054 1518 2128 αῦ-

217 2164 290 2229 τῦν
320 2161 353 2228 αἱ
384 2153 564 2245 φερόμεναι
594 2163 631 2230 ἐν
661 2177 735 2241 ταῖς
765 2163 954 2250 ἐκκλησίαις
983 2165 1046 2231 τοῦ
1076 2165 1161 2230 θεοῦ
1187 2155 1248 2230 οῦκ
1274 2154 1519 2250 ἀπαγγέλλουσι

216 2264 355 2345 γραφαὶ,
383 2251 457 2328 ἀλλ’
483 2253 694 2346 οῦρανοῦς,
721 2263 788 2332 είτε
815 2258 875 2342 τὰς
902 2267 1046 2347 σφαίρας
1070 2266 1144 2330 τῶν
1170 2253 1251 2347 παρ>
1263 2251 1401 2347 Ἕλλησι
1427 2269 1519 2346 λεγο-

215 2362 326 2444 μένων
365 2353 583 2446 πλανήτων
617 2362 685 2429 εἴτε
724 2365 781 2429 καί
816 2354 900 2430 άλλο
937 2387 971 2429 τι
1007 2353 1286 2447 άποῤῥητότερον
1319 2362 1445 2429 ἐοίκασι
1474 2362 1520 2426 δι-

216 2451 348 2526 δάσκειν
379 2459 411 2527 οἱ
442 2453 546 2546 λόγοι.
587 2466 644 2528 καί
670 2455 711 2528 τό
745 2453 841 2530 ὁδόν
869 2468 873 2544 ί
901 2463 936 2529 δέ
962 2459 1063 2529 εἶναι
1095 2475 1182 2542 ταῖς
1213 2477 1356 2546 ψυχαῖς
1383 2461 1421 2539 ἐς
1448 2461 1519 2546 γῆν
1537 2467 1591 2523 646

132 2559 304 2644 14511καί
327 2552 404 2627 άπὸ
427 2562 495 2645 γῆς
511 2563 637 2642 Κέλσος
650 2562 711 2645 μὲν
725 2557 812 2629 κατὰ
827 2555 1025 2629 Πλάτωνά
1044 2581 1137 2648 φησι
1155 2565 1338 2647 γίνεσθαι
1356 2555 1420 2628 διὰ
1438 2563 1520 2627 τῶν

215 2653 446 2744 πλανήτων·
463 2661 611 2744 Μωῦσῆς
632 2662 677 2740 δὲ,
700 2652 720 2728 ό
742 2653 968 2747 ἀρχαιότατος
988 2654 1086 2747 ἡμῶν
1099 2655 1290 2747 προφήτης,
1313 2662 1349 2728 ἐν
1364 2653 1442 2744 όιμει
1458 2661 1521 2726 τοῦ

214 2752 426 2844 πατριάρχου
456 2749 554 2844 ἡμῶν
578 2752 695 2842 Ἰακεόβ
715 2782 818 2847 φησιν
841 2759 1013 2848 ἑωρᾶσθαι
1036 2768 1133 2829 θετον
1155 2757 1324 2841 ἐνύπνιον,
1351 2763 1519 2846 κλίμακα

215 2860 282 2939 ,εἰς
297 2852 465 2944 οὕρανόν“
487 2852 693 2942 φθάνουσαι
713 2864 768 2928 καὶ
790 2853 951 2946 άγγέλους
971 2863 1056 2943 ,ποῦ
1076 2863 1181 2928 θεοῦ(
1203 2853 1451 2941 ἀναβαίνοντας
1464 2862 1519 2924 καὶ

215 2962 483 3039 καταβαίνοντας
513 2951 565 3025 ἐπ’
596 2952 712 3046 αὐτῆς,
743 2955 807 3028 τόν
840 2962 875 3027 δέ
905 2953 1023 3044 κόριον
1052 2958 1335 3045 ἐπεστηριγμένον
1362 2960 1416 3026 ἐπί
1447 2973 1520 3036 τοῖς

164 3070 197 3125 25
216 3049 354 3140 ἄκροις
377 3051 489 3144 αὐτῆς,
518 3058 584 3125 εἴτε
606 3062 714 3127 ταῦτα
737 3061 802 3127 εἴτε
824 3054 901 3128 τινὰ
923 3064 1060 3145 μείζονα
1081 3055 1219 3126 τούτων
1240 3051 1521 3144 αἰνιττόμενος

216 3158 252 3225 ἐν
278 3160 330 3244 τῷ
358 3160 434 3242 περὶ
462 3159 522 3242 τῆς
548 3161 739 3242 κλίμακος
765 3152 870 3244 λόγην
906 3163 983 3243 περί
1009 3145 1048 3242 ἧς
1074 3163 1129 3226 καὶ
1161 3162 1212 3246 τῷ
1246 3163 1376 3225 Φίλωνι
1408 3158 1521 3224 συντέ-

216 3279 338 3324 τακται
364 3260 502 3337 βιβλίον,
529 3248 624 3339 όξιον
651 3262 820 3344 φρονίμου
843 3262 900 3326 καὶ
925 3262 1066 3345 συνετῆς
1091 3254 1182 3342 παρὰ
1205 3273 1276 3337 τοῖς
1299 3250 1521 3342 φιλαλήθεσιν

216 3349 406 3438 ἐξετάσεως.

298 3473 395 3540 XXII.
416 3465 508 3560 Ἑξῆς
527 3474 563 3540 δε
584 3468 721 3552 τούτοις
742 3466 945 3557 βουλόμενος
968 3467 987 3542 ὁ
1009 3477 1137 3553 Κέλσος
1151 3467 1384 3558 πολυμάθειαν
1400 3469 1521 3540 ἑαυτοῦ

165 3587 199 3642 30
217 3573 445 3656 ἐπιδείξασθαι
477 3573 514 3640 ἐν
543 3577 594 3660 τῷ
612 3565 703 3639 ’καθ’
734 3565 831 3658 ἡμῶν
861 3565 953 3658 λόγῳ
980 3574 1152 3642 ἐκτίθεταί
1182 3598 1259 3641 τινα
1291 3577 1348 3640 καὶ
1376 3569 1522 3659 Περσικά

301 3739 319 3794 2
341 3739 403 3794 Joh.
419 3741 457 3802 14,
476 3740 499 3794 3.
518 3769 552 3780 -
568 3740 586 3795 4
602 3739 666 3810 Vgl.
684 3739 772 3806 Plato,
790 3739 890 3794 Phadr.
904 3740 968 3810 Cap.
981 3739 1071 3794 XXVI
1083 3759 1110 3810 p.
1123 3743 1172 3796 247
1185 3742 1216 3796 B.
1229 3771 1262 3780 -
1274 3740 1337 3810 Vgl.
1350 3740 1430 3796 Deut.
1442 3742 1467 3808 4,
1480 3741 1521 3796 32.

216 3824 314 3878 Με111ι.
333 3826 374 3886 24,
393 3825 434 3878 31.
456 3823 544 3879 Μεελε.
562 3826 602 3890 13,
620 3827 661 3880 27.
679 3853 713 3863 -
731 3825 749 3881 5
768 3823 831 3893 Vgl.
849 3824 910 3878 Joh.
928 3827 952 3890 4,
971 3827 1011 3878 14.
1029 3855 1062 3864 -
1081 3825 1099 3880 θ
1118 3826 1181 3894 Vgl.
1201 3825 1262 3880 Joh.
1276 3828 1299 3892 7,
1312 3826 1354 3880 38.
1368 3855 1402 3864 -
1422 3826 1436 3882 I
1458 3824 1522 3894 Vgl.

217 3907 287 3962 Ρεελ.
301 3911 359 3970 148,
370 3911 396 3964 4.
408 3913 433 3965 5.
451 3939 484 3949 —-
501 3911 520 3966 8
539 3909 602 3979 Vgl.
618 3909 707 3975 Plato,
726 3909 826 3964 Phadr.
839 3907 903 3980 Gap.
917 3909 1006 3963 XXVI
1022 3927 1048 3979 p.
1060 3909 1110 3963 241
1121 3909 1149 3964 C.
1167 3939 1201 3950 -
1220 3910 1259 3966 10
1278 3910 1341 3980 Vgl.
1354 3909 1430 3965 Rom.
1444 3913 1467 3975 1,
1480 3911 1522 3966 20.

215 4023 248 4032 -
268 3994 305 4048 12
324 3993 337 4046 Ι
356 3994 418 4049 Kor.
438 3997 479 4061 13,
498 3996 537 4048 12.
556 4025 588 4033 -
609 3995 647 4050 18
665 3995 677 4048 I
695 3995 759 4050 Kor.
780 3995 819 4059 13,
839 3993 878 4048 10.
897 4023 930 4032 -
954 3993 992 4048 19
1011 3993 1073 4063 Vgl.
1092 3993 1183 4058 Plato.
1202 3993 1303 4048 PhIIdr.
1324 3995 1387 4064 Gap.
1406 3994 1522 4048 XXVIII

216 4097 241 4148 p.
253 4079 303 4133 248
315 4077 401 4133 c-E.
419 4077 489 4132 Tim.
502 4079 566 4150 Gap.
578 4079 643 4133 XIV
660 4097 686 4149 p.
703 4081 737 4133 41
749 4079 849 4134 D-42
861 4077 893 4132 Ε.
905 4075 973 4133 Tim.
984 4079 1061 4134 Locr.
1074 4078 1137 4150 Cap.
1150 4079 1175 4132 X
1187 4097 1212 4150 p.
1225 4079 1290 4134 991)
1300 4077 1331 4133 Ε.
1355 4110 1386 4118 -
1406 4079 1445 4135 22
1458 4077 1523 4148 Vgl.

217 4163 282 4218 Gen.
300 4165 342 4226 28,
361 4163 400 4244 12.
420 4163 460 4218 13.
479 4193 512 4202 -
529 4163 569 4218 28
588 4162 649 4232 Vgl.
667 4161 755 4224 Philo,
774 4164 814 4217 De
832 4161 943 4216 somniis
960 4164 974 4216 1
991 4163 1024 4217 22
1043 4163 1106 4234 (vol.
1124 4165 1136 4216 I
1153 4182 1179 4234 p.
1192 4165 1249 4218 641.
1262 4165 1313 4219 642
1330 4165 1371 4218 ed.
1385 4165 1520 4234 Mangey).

303 4315 317 4371 7
337 4305 409 4386 ῦπὲρ
428 4305 488 4368 ἄνω
506 4317 531 4368 A
546 4314 584 4382 18
603 4304 676 4369 ὅσον
692 4331 725 4384 γε
744 4311 890 4384 αἰνοῦμεν]
910 4304 977 4370 όσοι
994 4332 1027 4384 γε
1045 4311 1181 4382 αἰνοῠμεν
1198 4315 1264 4369 oder
1282 4305 1349 4369 όσοι
1362 4333 1394 4384 γε
1406 4309 1520 4384 αἰνήσο-

215 4417 267 4466 μεν
284 4401 421 4454 νεεαιιιίεί
438 4399 486 4454 Bo.
503 4397 600 4468 (Νοίεε
616 4415 642 4469 p.
654 4398 714 4465 394)
733 4397 805 4452 ohne
823 4397 918 4452 Grund
938 4399 942 4466 Ι
959 4398 997 4454 111
1017 4395 1045 4454 δέ
1063 4398 1192 4471 ΑΗσ.8ρ.
1216 4396 1270 4467 μέν
1286 4399 1373 4454 PDeI.
1390 4401 1394 4467 Ι
1410 4399 1449 4454 22
1467 4415 1520 4453 πα-

215 4479 355 4556 τριάρχου
371 4483 494 4539 schreibe
511 4483 557 4536 ich
574 4483 646 4536 nach
665 4482 713 4536 der
731 4481 903 4551 Vermutung
920 4499 975 4536 von
993 4483 1040 4537 Bo.
1054 4483 1152 4552 (Notae
1169 4503 1195 4555 p.
1207 4485 1280 4553 394),
1298 4484 1363 4538 weil
1380 4484 1447 4538 kurz
1460 4499 1520 4538 vor·

215 4569 265 4622 her
276 4568 363 4636 (2.211
375 4569 463 4623 Moses
475 4561 491 4624 ὃ
510 4562 614 4637 α’ρχαι
622 4562 749 4630 ότατος
766 4557 812 4635 Iu.
822 4565 973 4638 προφήτης
985 4572 1109 4636 genannt
1120 4569 1202 4632 wird;
1215 4566 1369 4641 προφήτου
1379 4570 1519 4639 ΑΑαεςς.

216 4653 264 4708 der
275 4653 373 4708 Fehler
384 4653 458 4708 wohl
470 4653 555 4706 durch
569 4652 617 4706 das
631 4651 853 4721 vorhergehende
864 4650 1016 4723 προφήτης
1028 4653 1191 4708 εαίείειειὶεα
1205 4655 1210 4723 1
1226 4654 1264 4710 27
1285 4652 1475 4724 φιλαληθέσιν
1487 4657 1519 4708 Α.
