<?xml version="1.0" encoding="UTF-8"?>
<!DOCTYPE html PUBLIC "-//W3C//DTD XHTML 1.0 Transitional//EN"
    "http://www.w3.org/TR/xhtml1/DTD/xhtml1-transitional.dtd">
<html xmlns="http://www.w3.org/1999/xhtml" xml:lang="en" lang="en">
 <head>
  <title>
</title>
<meta http-equiv="Content-Type" content="text/html;charset=utf-8" />
  <meta name='ocr-system' content='tesseract 3.04.00' />
  <meta name='ocr-capabilities' content='ocr_page ocr_carea ocr_par ocr_line ocrx_word'/>
</head>
<body>
  <div class='ocr_page' id='page_1' title='image "./diegriechischen01wissgoog/diegriechischen01wissgoog_0489.png"; bbox 0 0 3758 5564; ppageno 0'>
   <div class='ocr_carea' id='block_1_1' title="bbox 623 476 1550 552">
    <p class='ocr_par' dir='ltr' id='par_1_1' title="bbox 623 476 1550 552">
     <span class='ocr_line' id='line_1_1' title="bbox 623 476 1550 552; baseline 0.009 -22"><span class='ocrx_word' id='word_1_1' title='bbox 623 476 716 532; x_wconf 80' lang='grc' dir='ltr'><strong><em>οοει</em></strong></span> <span class='ocrx_word' id='word_1_2' title='bbox 732 477 866 534; x_wconf 63' lang='lat' dir='ltr'><strong><em>ems</em></strong></span> <span class='ocrx_word' id='word_1_3' title='bbox 889 477 940 552; x_wconf 80' lang='grc' dir='ltr'><strong><em>ιε,</em></strong></span> <span class='ocrx_word' id='word_1_4' title='bbox 958 480 998 535; x_wconf 90' lang='lat'><strong><em>10.</em></strong></span> <span class='ocrx_word' id='word_1_5' title='bbox 1017 480 1057 532; x_wconf 93' lang='lat'><strong><em>11.</em></strong></span> <span class='ocrx_word' id='word_1_6' title='bbox 1076 477 1117 532; x_wconf 84' lang='lat'><strong><em>12.</em></strong></span> <span class='ocrx_word' id='word_1_7' title='bbox 1135 478 1175 532; x_wconf 78' lang='grc' dir='ltr'><strong><em>ιε.</em></strong></span> <span class='ocrx_word' id='word_1_8' title='bbox 1490 481 1550 546; x_wconf 78' lang='lat'><strong><em>387</em></strong></span> 
     </span>
    </p>
   </div>
   <div class='ocr_carea' id='block_1_2' title="bbox 245 635 1551 934">
    <p class='ocr_par' dir='ltr' id='par_1_2' title="bbox 245 635 1551 934">
     <span class='ocr_line' id='line_1_2' title="bbox 248 635 1551 732; baseline -0.003 -20"><span class='ocrx_word' id='word_1_9' title='bbox 248 646 293 722; x_wconf 89' lang='grc' dir='ltr'><strong><em>εἰς</em></strong></span> <span class='ocrx_word' id='word_1_10' title='bbox 313 635 411 729; x_wconf 88' lang='grc' dir='ltr'><strong><em>πάθη</em></strong></span> <span class='ocrx_word' id='word_1_11' title='bbox 433 635 579 729; x_wconf 87' lang='grc' dir='ltr'><strong><em>ἀτιμίας·</em></strong></span> <span class='ocrx_word' id='word_1_12' title='bbox 603 643 640 712; x_wconf 85' lang='grc' dir='ltr'><strong><em>αί</em></strong></span> <span class='ocrx_word' id='word_1_13' title='bbox 659 669 696 711; x_wconf 93' lang='grc' dir='ltr'><strong><em>τε</em></strong></span> <span class='ocrx_word' id='word_1_14' title='bbox 717 639 780 730; x_wconf 79' lang='grc' dir='ltr'><strong><em>γάρ</em></strong></span> <span class='ocrx_word' id='word_1_15' title='bbox 801 638 937 732; x_wconf 75' lang='grc' dir='ltr'><em>θήλειαι</em></span> <span class='ocrx_word' id='word_1_16' title='bbox 958 637 1076 712; x_wconf 73' lang='grc' dir='ltr'><strong><em>αύταίν</em></strong></span> <span class='ocrx_word' id='word_1_17' title='bbox 1096 637 1306 730; x_wconf 76' lang='grc' dir='ltr'><strong><em>μετήλλαξαν</em></strong></span> <span class='ocrx_word' id='word_1_18' title='bbox 1327 637 1392 729; x_wconf 82' lang='grc' dir='ltr'><strong><em>τὴν</em></strong></span> <span class='ocrx_word' id='word_1_19' title='bbox 1400 635 1551 728; x_wconf 69' lang='grc' dir='ltr'><strong><em>φυσικὴν</em></strong></span> 
     </span>
     <span class='ocr_line' id='line_1_3' title="bbox 245 735 1549 832; baseline -0.003 -20"><span class='ocrx_word' id='word_1_20' title='bbox 245 746 364 832; x_wconf 81' lang='grc' dir='ltr'><strong><em>χρῆσιν</em></strong></span> <span class='ocrx_word' id='word_1_21' title='bbox 385 743 432 824; x_wconf 88' lang='grc' dir='ltr'><strong><em>εἰς</em></strong></span> <span class='ocrx_word' id='word_1_22' title='bbox 453 737 517 828; x_wconf 83' lang='grc' dir='ltr'><strong><em>τὴν</em></strong></span> <span class='ocrx_word' id='word_1_23' title='bbox 539 738 631 828; x_wconf 81' lang='grc' dir='ltr'><strong><em>παρὰ</em></strong></span> <span class='ocrx_word' id='word_1_24' title='bbox 654 738 768 828; x_wconf 82' lang='grc' dir='ltr'><strong><em>φύσιν·</em></strong></span> <span class='ocrx_word' id='word_1_25' title='bbox 790 736 917 830; x_wconf 83' lang='grc' dir='ltr'><strong><em>ὁμοίως</em></strong></span> <span class='ocrx_word' id='word_1_26' title='bbox 937 747 993 812; x_wconf 87' lang='grc' dir='ltr'><strong><em>καί</em></strong></span> <span class='ocrx_word' id='word_1_27' title='bbox 1015 744 1047 812; x_wconf 91' lang='grc' dir='ltr'><strong><em>οί</em></strong></span> <span class='ocrx_word' id='word_1_28' title='bbox 1069 735 1204 830; x_wconf 81' lang='grc' dir='ltr'><strong><em>ἄρσενες</em></strong></span> <span class='ocrx_word' id='word_1_29' title='bbox 1218 736 1361 828; x_wconf 79' lang='grc' dir='ltr'><em>ἀφέντες</em></span> <span class='ocrx_word' id='word_1_30' title='bbox 1376 737 1441 829; x_wconf 79' lang='grc' dir='ltr'><strong><em>τὴν</em></strong></span> <span class='ocrx_word' id='word_1_31' title='bbox 1456 761 1549 826; x_wconf 82' lang='grc' dir='ltr'><strong><em>φυσι-</em></strong></span> 
     </span>
     <span class='ocr_line' id='line_1_4' title="bbox 246 832 1550 934; baseline -0.004 -22"><span class='ocrx_word' id='word_1_32' title='bbox 246 839 311 930; x_wconf 78' lang='grc' dir='ltr'><strong><em>κὴν</em></strong></span> <span class='ocrx_word' id='word_1_33' title='bbox 332 845 450 930; x_wconf 83' lang='grc' dir='ltr'><strong><em>χρῆσιν</em></strong></span> <span class='ocrx_word' id='word_1_34' title='bbox 475 845 536 929; x_wconf 80' lang='grc' dir='ltr'><strong><em>τῆς</em></strong></span> <span class='ocrx_word' id='word_1_35' title='bbox 562 846 702 929; x_wconf 89' lang='grc' dir='ltr'><strong><em>θηλείας</em></strong></span> <span class='ocrx_word' id='word_1_36' title='bbox 732 838 980 930; x_wconf 53' lang='grc' dir='ltr'><strong><em>ἐξεκαύθησαν(</em></strong></span> <span class='ocrx_word' id='word_1_37' title='bbox 1010 847 1066 912; x_wconf 85' lang='grc' dir='ltr'><strong><em>καί</em></strong></span> <span class='ocrx_word' id='word_1_38' title='bbox 1087 837 1132 912; x_wconf 83' lang='grc' dir='ltr'><strong><em>τὰ</em></strong></span> <span class='ocrx_word' id='word_1_39' title='bbox 1158 840 1243 929; x_wconf 76' lang='grc' dir='ltr'><strong><em>ἑξῆς·</em></strong></span> <span class='ocrx_word' id='word_1_40' title='bbox 1265 846 1321 910; x_wconf 88' lang='grc' dir='ltr'><strong><em>καί</em></strong></span> <span class='ocrx_word' id='word_1_41' title='bbox 1345 835 1451 911; x_wconf 86' lang='grc' dir='ltr'><strong><em>πάλιν</em></strong></span> <span class='ocrx_word' id='word_1_42' title='bbox 1477 832 1550 934; x_wconf 38' lang='grc' dir='ltr'><strong><em>μετ’,</em></strong></span> 
     </span>
    </p>
   </div>
   <div class='ocr_carea' id='block_1_3' title="bbox 195 936 1619 3317">
    <p class='ocr_par' dir='ltr' id='par_1_3' title="bbox 195 936 1619 3317">
     <span class='ocr_line' id='line_1_5' title="bbox 247 936 1550 1029; baseline -0.006 -15"><span class='ocrx_word' id='word_1_43' title='bbox 247 937 356 1029; x_wconf 80' lang='grc' dir='ltr'><strong><em>ὀλίγα·</em></strong></span> <span class='ocrx_word' id='word_1_44' title='bbox 379 945 454 1024; x_wconf 76' lang='grc' dir='ltr'><strong><em>,καί</em></strong></span> <span class='ocrx_word' id='word_1_45' title='bbox 476 939 595 1022; x_wconf 77' lang='grc' dir='ltr'><strong><em>καθὼς</em></strong></span> <span class='ocrx_word' id='word_1_46' title='bbox 611 936 673 1010; x_wconf 90' lang='grc' dir='ltr'><strong><em>ούκ</em></strong></span> <span class='ocrx_word' id='word_1_47' title='bbox 687 943 888 1029; x_wconf 79' lang='grc' dir='ltr'><strong><em>ἐδοκίμασαν</em></strong></span> <span class='ocrx_word' id='word_1_48' title='bbox 902 937 966 1012; x_wconf 86' lang='grc' dir='ltr'><strong><em>τὸν</em></strong></span> <span class='ocrx_word' id='word_1_49' title='bbox 981 936 1066 1010; x_wconf 86' lang='grc' dir='ltr'><strong><em>θεὸν</em></strong></span> <span class='ocrx_word' id='word_1_50' title='bbox 1081 941 1169 1028; x_wconf 76' lang='grc' dir='ltr'><strong><em>ἔχειν</em></strong></span> <span class='ocrx_word' id='word_1_51' title='bbox 1183 942 1220 1010; x_wconf 88' lang='grc' dir='ltr'><strong><em>ἐν</em></strong></span> <span class='ocrx_word' id='word_1_52' title='bbox 1242 937 1429 1028; x_wconf 77' lang='grc' dir='ltr'><strong><em>ἐπιγνώσει,</em></strong></span> <span class='ocrx_word' id='word_1_53' title='bbox 1449 942 1550 1026; x_wconf 90' lang='grc' dir='ltr'><strong><em>παρέ-</em></strong></span> 
     </span>
     <span class='ocr_line' id='line_1_6' title="bbox 213 1034 1551 1128; baseline 0.001 -21"><span class='ocrx_word' id='word_1_54' title='bbox 213 1046 357 1112; x_wconf 77' lang='grc' dir='ltr'><strong><em>οδωκεν</em></strong></span> <span class='ocrx_word' id='word_1_55' title='bbox 383 1035 507 1122; x_wconf 82' lang='grc' dir='ltr'><strong><em>αύτούς</em></strong></span> <span class='ocrx_word' id='word_1_56' title='bbox 534 1034 553 1111; x_wconf 83' lang='grc' dir='ltr'>ὁ</span> <span class='ocrx_word' id='word_1_57' title='bbox 582 1037 664 1122; x_wconf 87' lang='grc' dir='ltr'><strong><em>θεὸς</em></strong></span> <span class='ocrx_word' id='word_1_58' title='bbox 686 1043 732 1122; x_wconf 87' lang='grc' dir='ltr'><strong><em>εἰς</em></strong></span> <span class='ocrx_word' id='word_1_59' title='bbox 752 1034 915 1128; x_wconf 88' lang='grc' dir='ltr'><strong><em>ἀδόκιμον</em></strong></span> <span class='ocrx_word' id='word_1_60' title='bbox 937 1044 1029 1122; x_wconf 85' lang='grc' dir='ltr'><strong><em>νοῦν,</em></strong></span> <span class='ocrx_word' id='word_1_61' title='bbox 1051 1055 1162 1109; x_wconf 88' lang='grc' dir='ltr'><strong><em>ποιεῖν</em></strong></span> <span class='ocrx_word' id='word_1_62' title='bbox 1184 1036 1227 1110; x_wconf 84' lang='grc' dir='ltr'><strong><em>τὰ</em></strong></span> <span class='ocrx_word' id='word_1_63' title='bbox 1252 1037 1297 1128; x_wconf 82' lang='grc' dir='ltr'><strong><em>μὴ</em></strong></span> <span class='ocrx_word' id='word_1_64' title='bbox 1322 1034 1551 1128; x_wconf 80' lang='grc' dir='ltr'><strong><em>καθήκοντα.“</em></strong></span> 
     </span>
     <span class='ocr_line' id='line_1_7' title="bbox 246 1133 1550 1230; baseline -0.005 -18"><span class='ocrx_word' id='word_1_65' title='bbox 246 1139 338 1230; x_wconf 82' lang='grc' dir='ltr'><strong><em>πλὴν</em></strong></span> <span class='ocrx_word' id='word_1_66' title='bbox 362 1145 470 1210; x_wconf 83' lang='grc' dir='ltr'><strong><em>ταῦτα</em></strong></span> <span class='ocrx_word' id='word_1_67' title='bbox 497 1135 610 1210; x_wconf 89' lang='grc' dir='ltr'><strong><em>πάντα</em></strong></span> <span class='ocrx_word' id='word_1_68' title='bbox 637 1142 843 1228; x_wconf 79' lang='grc' dir='ltr'><strong><em>προσεκτέον</em></strong></span> <span class='ocrx_word' id='word_1_69' title='bbox 866 1155 938 1225; x_wconf 88' lang='grc' dir='ltr'><strong><em>τοῖς</em></strong></span> <span class='ocrx_word' id='word_1_70' title='bbox 965 1133 1185 1210; x_wconf 87' lang='grc' dir='ltr'><strong><em>διακύπτουσι</em></strong></span> <span class='ocrx_word' id='word_1_71' title='bbox 1210 1136 1276 1228; x_wconf 82' lang='grc' dir='ltr'><strong><em>τὴν</em></strong></span> <span class='ocrx_word' id='word_1_72' title='bbox 1301 1133 1467 1227; x_wconf 87' lang='grc' dir='ltr'><strong><em>θεύτητα,</em></strong></span> <span class='ocrx_word' id='word_1_73' title='bbox 1494 1143 1550 1206; x_wconf 86' lang='grc' dir='ltr'><strong><em>καί</em></strong></span> 
     </span>
     <span class='ocr_line' id='line_1_8' title="bbox 247 1232 1550 1327; baseline -0.001 -19"><span class='ocrx_word' id='word_1_74' title='bbox 247 1244 387 1312; x_wconf 76' lang='grc' dir='ltr'><strong><em>λεκτέον</em></strong></span> <span class='ocrx_word' id='word_1_75' title='bbox 408 1235 495 1327; x_wconf 87' lang='grc' dir='ltr'><strong><em>πρὸς</em></strong></span> <span class='ocrx_word' id='word_1_76' title='bbox 523 1234 659 1322; x_wconf 83' lang='grc' dir='ltr'><strong><em>αύτούς,</em></strong></span> <span class='ocrx_word' id='word_1_77' title='bbox 688 1237 806 1324; x_wconf 85' lang='grc' dir='ltr'><strong><em>έτερον</em></strong></span> <span class='ocrx_word' id='word_1_78' title='bbox 836 1244 1037 1327; x_wconf 77' lang='grc' dir='ltr'><strong><em>νομίζοντας</em></strong></span> <span class='ocrx_word' id='word_1_79' title='bbox 1066 1239 1151 1308; x_wconf 89' lang='grc' dir='ltr'><strong><em>εἰναι</em></strong></span> <span class='ocrx_word' id='word_1_80' title='bbox 1177 1234 1240 1308; x_wconf 87' lang='grc' dir='ltr'><strong><em>τὸν</em></strong></span> <span class='ocrx_word' id='word_1_81' title='bbox 1265 1232 1399 1326; x_wconf 85' lang='grc' dir='ltr'><strong><em>ἀγαθὸν</em></strong></span> <span class='ocrx_word' id='word_1_82' title='bbox 1419 1242 1550 1324; x_wconf 91' lang='grc' dir='ltr'><strong><em>πατέρα</em></strong></span> 
     </span>
     <span class='ocr_line' id='line_1_9' title="bbox 247 1331 1550 1426; baseline -0.002 -17"><span class='ocrx_word' id='word_1_83' title='bbox 247 1344 310 1410; x_wconf 85' lang='grc' dir='ltr'><strong><em>τοῦ</em></strong></span> <span class='ocrx_word' id='word_1_84' title='bbox 330 1344 448 1424; x_wconf 89' lang='grc' dir='ltr'><strong><em>κυρίου</em></strong></span> <span class='ocrx_word' id='word_1_85' title='bbox 470 1332 568 1426; x_wconf 78' lang='grc' dir='ltr'><strong><em>ἡμῶν</em></strong></span> <span class='ocrx_word' id='word_1_86' title='bbox 588 1335 679 1426; x_wconf 82' lang='grc' dir='ltr'><strong><em>παρά</em></strong></span> <span class='ocrx_word' id='word_1_87' title='bbox 701 1335 764 1410; x_wconf 86' lang='grc' dir='ltr'><strong><em>τὸν</em></strong></span> <span class='ocrx_word' id='word_1_88' title='bbox 790 1343 853 1408; x_wconf 86' lang='grc' dir='ltr'><strong><em>τοῦ</em></strong></span> <span class='ocrx_word' id='word_1_89' title='bbox 875 1332 982 1426; x_wconf 85' lang='grc' dir='ltr'><strong><em>νόμον</em></strong></span> <span class='ocrx_word' id='word_1_90' title='bbox 1007 1333 1107 1420; x_wconf 86' lang='grc' dir='ltr'><strong><em>θεὸν,</em></strong></span> <span class='ocrx_word' id='word_1_91' title='bbox 1134 1332 1201 1407; x_wconf 87' lang='grc' dir='ltr'><strong><em>είὸ</em></strong></span> <span class='ocrx_word' id='word_1_92' title='bbox 1227 1331 1356 1426; x_wconf 86' lang='grc' dir='ltr'><strong><em>ἀγαθὸς</em></strong></span> <span class='ocrx_word' id='word_1_93' title='bbox 1383 1334 1465 1420; x_wconf 89' lang='grc' dir='ltr'><strong><em>θεὸς</em></strong></span> <span class='ocrx_word' id='word_1_94' title='bbox 1487 1333 1550 1407; x_wconf 86' lang='grc' dir='ltr'><strong><em>τὸν</em></strong></span> 
     </span>
     <span class='ocr_line' id='line_1_10' title="bbox 246 1429 1551 1528; baseline -0.002 -19"><span class='ocrx_word' id='word_1_95' title='bbox 246 1435 290 1528; x_wconf 81' lang='grc' dir='ltr'><strong><em>μὴ</em></strong></span> <span class='ocrx_word' id='word_1_96' title='bbox 315 1433 528 1525; x_wconf 80' lang='grc' dir='ltr'><strong><em>τυγχάνοντα</em></strong></span> <span class='ocrx_word' id='word_1_97' title='bbox 550 1441 612 1526; x_wconf 83' lang='grc' dir='ltr'><strong><em>τῆς</em></strong></span> <span class='ocrx_word' id='word_1_98' title='bbox 638 1433 734 1527; x_wconf 84' lang='grc' dir='ltr'><strong><em>εύχῆς</em></strong></span> <span class='ocrx_word' id='word_1_99' title='bbox 757 1433 877 1526; x_wconf 81' lang='grc' dir='ltr'><strong><em>εἰσάγει</em></strong></span> <span class='ocrx_word' id='word_1_100' title='bbox 898 1442 974 1522; x_wconf 78' lang='grc' dir='ltr'><strong><em>,εἰς</em></strong></span> <span class='ocrx_word' id='word_1_101' title='bbox 995 1433 1248 1525; x_wconf 84' lang='grc' dir='ltr'><strong><em>πειρασμὸν,“</em></strong></span> <span class='ocrx_word' id='word_1_102' title='bbox 1270 1443 1326 1507; x_wconf 80' lang='grc' dir='ltr'><strong><em>καί</em></strong></span> <span class='ocrx_word' id='word_1_103' title='bbox 1348 1441 1376 1507; x_wconf 88' lang='grc' dir='ltr'><strong><em>εἰ</em></strong></span> <span class='ocrx_word' id='word_1_104' title='bbox 1397 1429 1416 1506; x_wconf 84' lang='grc' dir='ltr'><strong><em>ύ</em></strong></span> <span class='ocrx_word' id='word_1_105' title='bbox 1437 1434 1551 1525; x_wconf 84' lang='grc' dir='ltr'><strong><em>πατὴρ</em></strong></span> 
     </span>
     <span class='ocr_line' id='line_1_11' title="bbox 196 1533 1550 1625; baseline 0.004 -23"><span class='ocrx_word' id='word_1_106' title='bbox 196 1547 230 1602; x_wconf 90' lang='grc'><strong><em>10</em></strong></span> <span class='ocrx_word' id='word_1_107' title='bbox 247 1542 311 1609; x_wconf 82' lang='grc' dir='ltr'><strong><em>τοῦ</em></strong></span> <span class='ocrx_word' id='word_1_108' title='bbox 336 1542 457 1625; x_wconf 77' lang='grc' dir='ltr'><strong><em>κυρίου</em></strong></span> <span class='ocrx_word' id='word_1_109' title='bbox 482 1542 715 1624; x_wconf 88' lang='grc' dir='ltr'><strong><em>παραδίδωσιν</em></strong></span> <span class='ocrx_word' id='word_1_110' title='bbox 743 1539 802 1620; x_wconf 71' lang='grc' dir='ltr'><strong><em>,ἐν</em></strong></span> <span class='ocrx_word' id='word_1_111' title='bbox 833 1555 907 1620; x_wconf 87' lang='grc' dir='ltr'><strong><em>ταῖς</em></strong></span> <span class='ocrx_word' id='word_1_112' title='bbox 938 1540 1130 1624; x_wconf 75' lang='grc' dir='ltr'><strong><em>ἐπιθυμίαις</em></strong></span> <span class='ocrx_word' id='word_1_113' title='bbox 1160 1539 1235 1607; x_wconf 78' lang='grc' dir='ltr'><strong><em>τῶν</em></strong></span> <span class='ocrx_word' id='word_1_114' title='bbox 1262 1541 1435 1624; x_wconf 60' lang='grc' dir='ltr'><strong><em>καρδιῶν(</em></strong></span> <span class='ocrx_word' id='word_1_115' title='bbox 1469 1533 1550 1618; x_wconf 77' lang='grc' dir='ltr'><strong><em>τοὺς</em></strong></span> 
     </span>
     <span class='ocr_line' id='line_1_12' title="bbox 248 1630 1551 1725; baseline -0.003 -17"><span class='ocrx_word' id='word_1_116' title='bbox 248 1631 557 1724; x_wconf 87' lang='grc' dir='ltr'><strong><em>προημαρτηκότας</em></strong></span> <span class='ocrx_word' id='word_1_117' title='bbox 582 1664 616 1708; x_wconf 93' lang='grc' dir='ltr'><strong><em>τι</em></strong></span> <span class='ocrx_word' id='word_1_118' title='bbox 645 1638 714 1720; x_wconf 72' lang='grc' dir='ltr'><strong><em>,εἰς</em></strong></span> <span class='ocrx_word' id='word_1_119' title='bbox 744 1631 965 1725; x_wconf 88' lang='grc' dir='ltr'><strong><em>ἀκαθαρσίαν,</em></strong></span> <span class='ocrx_word' id='word_1_120' title='bbox 998 1640 1061 1706; x_wconf 82' lang='grc' dir='ltr'><strong><em>τοῦ</em></strong></span> <span class='ocrx_word' id='word_1_121' title='bbox 1092 1630 1312 1725; x_wconf 75' lang='grc' dir='ltr'><strong><em>ἀτιμάζεσθαι</em></strong></span> <span class='ocrx_word' id='word_1_122' title='bbox 1342 1633 1551 1722; x_wconf 81' lang='grc' dir='ltr'><strong><em>τὰσώματα</em></strong></span> 
     </span>
     <span class='ocr_line' id='line_1_13' title="bbox 247 1730 1551 1824; baseline -0.002 -18"><span class='ocrx_word' id='word_1_123' title='bbox 247 1730 365 1806; x_wconf 80' lang='grc' dir='ltr'><strong><em>αύτων</em></strong></span> <span class='ocrx_word' id='word_1_124' title='bbox 387 1738 424 1806; x_wconf 92' lang='grc' dir='ltr'><strong><em>ἐν</em></strong></span> <span class='ocrx_word' id='word_1_125' title='bbox 445 1731 593 1819; x_wconf 79' lang='grc' dir='ltr'><strong><em>αύτοῖς,“</em></strong></span> <span class='ocrx_word' id='word_1_126' title='bbox 614 1743 671 1808; x_wconf 86' lang='grc' dir='ltr'><strong><em>καί</em></strong></span> <span class='ocrx_word' id='word_1_127' title='bbox 693 1740 730 1820; x_wconf 89' lang='grc' dir='ltr'><strong><em>εἰ,</em></strong></span> <span class='ocrx_word' id='word_1_128' title='bbox 753 1733 801 1819; x_wconf 78' lang='grc' dir='ltr'><strong><em>σάς</em></strong></span> <span class='ocrx_word' id='word_1_129' title='bbox 823 1731 921 1808; x_wconf 87' lang='grc' dir='ltr'><strong><em>αύτοί</em></strong></span> <span class='ocrx_word' id='word_1_130' title='bbox 942 1757 1036 1822; x_wconf 86' lang='grc' dir='ltr'><strong><em>φασι,</em></strong></span> <span class='ocrx_word' id='word_1_131' title='bbox 1068 1741 1130 1807; x_wconf 86' lang='grc' dir='ltr'><strong><em>τοῦ</em></strong></span> <span class='ocrx_word' id='word_1_132' title='bbox 1155 1743 1283 1824; x_wconf 91' lang='grc' dir='ltr'><strong><em>κρίνειν</em></strong></span> <span class='ocrx_word' id='word_1_133' title='bbox 1307 1741 1363 1806; x_wconf 82' lang='grc' dir='ltr'><strong><em>καί</em></strong></span> <span class='ocrx_word' id='word_1_134' title='bbox 1394 1730 1551 1822; x_wconf 74' lang='grc' dir='ltr'><strong><em>κολάζειν</em></strong></span> 
     </span>
     <span class='ocr_line' id='line_1_14' title="bbox 247 1829 1550 1924; baseline -0.003 -16"><span class='ocrx_word' id='word_1_135' title='bbox 247 1830 506 1924; x_wconf 72' lang='grc' dir='ltr'><strong><em>ἀπηλλαγμένος</em></strong></span> <span class='ocrx_word' id='word_1_136' title='bbox 537 1841 768 1923; x_wconf 90' lang='grc' dir='ltr'><strong><em>παραδίδωσιν</em></strong></span> <span class='ocrx_word' id='word_1_137' title='bbox 803 1838 868 1919; x_wconf 81' lang='grc' dir='ltr'><strong><em>,εἰς</em></strong></span> <span class='ocrx_word' id='word_1_138' title='bbox 900 1830 996 1923; x_wconf 87' lang='grc' dir='ltr'><strong><em>πάθη</em></strong></span> <span class='ocrx_word' id='word_1_139' title='bbox 1028 1829 1181 1923; x_wconf 84' lang='grc' dir='ltr'><strong><em>ἀτιμίας“</em></strong></span> <span class='ocrx_word' id='word_1_140' title='bbox 1209 1841 1267 1904; x_wconf 87' lang='grc' dir='ltr'><strong><em>καὶ</em></strong></span> <span class='ocrx_word' id='word_1_141' title='bbox 1291 1836 1357 1918; x_wconf 72' lang='grc' dir='ltr'><strong><em>,εἰς</em></strong></span> <span class='ocrx_word' id='word_1_142' title='bbox 1387 1829 1550 1922; x_wconf 85' lang='grc' dir='ltr'><strong><em>ἀδόκιμον</em></strong></span> 
     </span>
     <span class='ocr_line' id='line_1_15' title="bbox 249 1927 1550 2025; baseline -0.002 -17"><span class='ocrx_word' id='word_1_143' title='bbox 249 1941 341 2019; x_wconf 83' lang='grc' dir='ltr'><strong><em>νοῦν,</em></strong></span> <span class='ocrx_word' id='word_1_144' title='bbox 365 1952 476 2006; x_wconf 82' lang='grc' dir='ltr'><strong><em>ποιεῖν</em></strong></span> <span class='ocrx_word' id='word_1_145' title='bbox 497 1931 541 2004; x_wconf 86' lang='grc' dir='ltr'><strong><em>τὰ</em></strong></span> <span class='ocrx_word' id='word_1_146' title='bbox 561 1931 607 2022; x_wconf 85' lang='grc' dir='ltr'><strong><em>μὴ</em></strong></span> <span class='ocrx_word' id='word_1_147' title='bbox 628 1932 859 2025; x_wconf 79' lang='grc' dir='ltr'><strong><em>καθήκοντα,“</em></strong></span> <span class='ocrx_word' id='word_1_148' title='bbox 880 1929 942 2004; x_wconf 85' lang='grc' dir='ltr'><strong><em>ούκ</em></strong></span> <span class='ocrx_word' id='word_1_149' title='bbox 957 1927 999 2004; x_wconf 77' lang='grc' dir='ltr'><strong><em>ἀν</em></strong></span> <span class='ocrx_word' id='word_1_150' title='bbox 1013 1936 1071 2018; x_wconf 74' lang='grc' dir='ltr'><strong><em>,ἐν</em></strong></span> <span class='ocrx_word' id='word_1_151' title='bbox 1086 1951 1160 2013; x_wconf 88' lang='grc' dir='ltr'><strong><em>ταῖς</em></strong></span> <span class='ocrx_word' id='word_1_152' title='bbox 1174 1935 1367 2020; x_wconf 87' lang='grc' dir='ltr'><strong><em>ἐπιθυμίαις</em></strong></span> <span class='ocrx_word' id='word_1_153' title='bbox 1381 1939 1456 2004; x_wconf 78' lang='grc' dir='ltr'><strong><em>τῶν</em></strong></span> <span class='ocrx_word' id='word_1_154' title='bbox 1472 1961 1550 2022; x_wconf 90' lang='grc' dir='ltr'><strong><em>καρ-</em></strong></span> 
     </span>
     <span class='ocr_line' id='line_1_16' title="bbox 196 2027 1551 2124; baseline 0.005 -27"><span class='ocrx_word' id='word_1_155' title='bbox 196 2044 229 2098; x_wconf 80' lang='grc'><strong><em>15</em></strong></span> <span class='ocrx_word' id='word_1_156' title='bbox 248 2039 333 2105; x_wconf 82' lang='grc' dir='ltr'><strong><em>διιύν</em></strong></span> <span class='ocrx_word' id='word_1_157' title='bbox 356 2034 512 2104; x_wconf 66' lang='grc' dir='ltr'><strong><em>ἑαυτῶνκ</em></strong></span> <span class='ocrx_word' id='word_1_158' title='bbox 533 2038 765 2124; x_wconf 80' lang='grc' dir='ltr'><strong><em>γεγενημένων</em></strong></span> <span class='ocrx_word' id='word_1_159' title='bbox 788 2039 862 2105; x_wconf 78' lang='grc' dir='ltr'><strong><em>τῶν</em></strong></span> <span class='ocrx_word' id='word_1_160' title='bbox 883 2031 928 2123; x_wconf 85' lang='grc' dir='ltr'><strong><em>μὴ</em></strong></span> <span class='ocrx_word' id='word_1_161' title='bbox 954 2037 1224 2120; x_wconf 78' lang='grc' dir='ltr'><strong><em>παραδοθέντων</em></strong></span> <span class='ocrx_word' id='word_1_162' title='bbox 1251 2028 1367 2115; x_wconf 88' lang='grc' dir='ltr'><strong><em>αύτοῖς</em></strong></span> <span class='ocrx_word' id='word_1_163' title='bbox 1393 2027 1460 2104; x_wconf 86' lang='grc' dir='ltr'><strong><em>ύπὸ</em></strong></span> <span class='ocrx_word' id='word_1_164' title='bbox 1487 2040 1551 2104; x_wconf 82' lang='grc' dir='ltr'><strong><em>τοῦ</em></strong></span> 
     </span>
     <span class='ocr_line' id='line_1_17' title="bbox 246 2124 1551 2223; baseline -0.002 -18"><span class='ocrx_word' id='word_1_165' title='bbox 246 2139 341 2218; x_wconf 81' lang='grc' dir='ltr'><strong><em>θεοῦ,</em></strong></span> <span class='ocrx_word' id='word_1_166' title='bbox 356 2127 428 2204; x_wconf 72' lang='grc' dir='ltr'><strong><em>οὐδ’</em></strong></span> <span class='ocrx_word' id='word_1_167' title='bbox 442 2124 486 2204; x_wconf 82' lang='grc' dir='ltr'><strong><em>ἀν</em></strong></span> <span class='ocrx_word' id='word_1_168' title='bbox 499 2129 645 2204; x_wconf 79' lang='grc' dir='ltr'><strong><em>πάθεσιν</em></strong></span> <span class='ocrx_word' id='word_1_169' title='bbox 654 2127 1146 2223; x_wconf 83' lang='grc' dir='ltr'><strong><em>,,ἀτιμίας“ύποπεπτωκύτων</em></strong></span> <span class='ocrx_word' id='word_1_170' title='bbox 1161 2137 1234 2203; x_wconf 81' lang='grc' dir='ltr'><strong><em>τῶν</em></strong></span> <span class='ocrx_word' id='word_1_171' title='bbox 1247 2129 1292 2221; x_wconf 82' lang='grc' dir='ltr'><strong><em>μὴ</em></strong></span> <span class='ocrx_word' id='word_1_172' title='bbox 1306 2128 1373 2202; x_wconf 86' lang='grc' dir='ltr'><strong><em>ύπὸ</em></strong></span> <span class='ocrx_word' id='word_1_173' title='bbox 1390 2138 1452 2203; x_wconf 86' lang='grc' dir='ltr'><strong><em>τοῦ</em></strong></span> <span class='ocrx_word' id='word_1_174' title='bbox 1465 2138 1551 2204; x_wconf 81' lang='grc' dir='ltr'><strong><em>θεοῦ</em></strong></span> 
     </span>
     <span class='ocr_line' id='line_1_18' title="bbox 246 2226 1551 2321; baseline -0.003 -15"><span class='ocrx_word' id='word_1_175' title='bbox 246 2237 520 2321; x_wconf 80' lang='grc' dir='ltr'><strong><em>παραδοθέντων</em></strong></span> <span class='ocrx_word' id='word_1_176' title='bbox 542 2228 669 2315; x_wconf 76' lang='grc' dir='ltr'><strong><em>αὐτοῖς,</em></strong></span> <span class='ocrx_word' id='word_1_177' title='bbox 692 2228 762 2304; x_wconf 82' lang='grc' dir='ltr'><strong><em>σύδ</em></strong></span> <span class='ocrx_word' id='word_1_178' title='bbox 785 2227 828 2304; x_wconf 84' lang='grc' dir='ltr'><strong><em>ἀν</em></strong></span> <span class='ocrx_word' id='word_1_179' title='bbox 854 2234 921 2317; x_wconf 82' lang='grc' dir='ltr'><strong><em>,εἰς</em></strong></span> <span class='ocrx_word' id='word_1_180' title='bbox 948 2226 1111 2320; x_wconf 86' lang='grc' dir='ltr'><strong><em>ἀδόκιμον</em></strong></span> <span class='ocrx_word' id='word_1_181' title='bbox 1135 2235 1237 2302; x_wconf 46' lang='grc' dir='ltr'><strong><em>νοῦνίέ</em></strong></span> <span class='ocrx_word' id='word_1_182' title='bbox 1258 2226 1551 2302; x_wconf 87' lang='grc' dir='ltr'><strong><em>καταπιπτύντων</em></strong></span> 
     </span>
     <span class='ocr_line' id='line_1_19' title="bbox 245 2324 1550 2422; baseline -0.002 -18"><span class='ocrx_word' id='word_1_183' title='bbox 245 2339 348 2422; x_wconf 86' lang='grc' dir='ltr'><strong><em>χωρὶς</em></strong></span> <span class='ocrx_word' id='word_1_184' title='bbox 369 2337 433 2404; x_wconf 87' lang='grc' dir='ltr'><strong><em>τοῦ</em></strong></span> <span class='ocrx_word' id='word_1_185' title='bbox 454 2335 701 2418; x_wconf 87' lang='grc' dir='ltr'><strong><em>παραδίδοσθαι</em></strong></span> <span class='ocrx_word' id='word_1_186' title='bbox 722 2329 817 2422; x_wconf 80' lang='grc' dir='ltr'><strong><em>αύτῷ</em></strong></span> <span class='ocrx_word' id='word_1_187' title='bbox 832 2329 899 2404; x_wconf 84' lang='grc' dir='ltr'><strong><em>ύπὸ</em></strong></span> <span class='ocrx_word' id='word_1_188' title='bbox 914 2337 998 2401; x_wconf 84' lang='grc' dir='ltr'><strong><em>θεοῦ</em></strong></span> <span class='ocrx_word' id='word_1_189' title='bbox 1016 2328 1096 2412; x_wconf 82' lang='grc' dir='ltr'><strong><em>τούς</em></strong></span> <span class='ocrx_word' id='word_1_190' title='bbox 1111 2324 1206 2402; x_wconf 81' lang='grc' dir='ltr'><strong><em>οὕτω</em></strong></span> <span class='ocrx_word' id='word_1_191' title='bbox 1220 2335 1532 2416; x_wconf 89' lang='grc' dir='ltr'><strong><em>καταδικασθέντας</em></strong></span> <span class='ocrx_word' id='word_1_192' title='bbox 1538 2363 1550 2414; x_wconf 89' lang='grc'><strong><em>,·</em></strong></span> 
     </span>
     <span class='ocr_line' id='line_1_20' title="bbox 334 2423 1550 2521; baseline -0.001 -18"><span class='ocrx_word' id='word_1_193' title='bbox 334 2442 379 2504; x_wconf 86' lang='grc'><strong><em>13.</em></strong></span> <span class='ocrx_word' id='word_1_194' title='bbox 415 2435 563 2515; x_wconf 89' lang='grc' dir='ltr'><strong><em>ἐκείνους</em></strong></span> <span class='ocrx_word' id='word_1_195' title='bbox 588 2438 649 2521; x_wconf 79' lang='grc' dir='ltr'><strong><em>μὲν</em></strong></span> <span class='ocrx_word' id='word_1_196' title='bbox 676 2423 739 2504; x_wconf 82' lang='grc' dir='ltr'><strong><em>οὖν</em></strong></span> <span class='ocrx_word' id='word_1_197' title='bbox 766 2423 801 2502; x_wconf 81' lang='grc' dir='ltr'><strong><em>εὖ</em></strong></span> <span class='ocrx_word' id='word_1_198' title='bbox 830 2433 905 2504; x_wconf 92' lang='grc' dir='ltr'><strong><em>οἰδα</em></strong></span> <span class='ocrx_word' id='word_1_199' title='bbox 932 2423 987 2503; x_wconf 82' lang='grc' dir='ltr'><strong><em>ὅτι</em></strong></span> <span class='ocrx_word' id='word_1_200' title='bbox 1016 2425 1149 2519; x_wconf 84' lang='grc' dir='ltr'><strong><em>σφόδρα</em></strong></span> <span class='ocrx_word' id='word_1_201' title='bbox 1179 2425 1315 2518; x_wconf 79' lang='grc' dir='ltr'><strong><em>ταράξει</em></strong></span> <span class='ocrx_word' id='word_1_202' title='bbox 1345 2435 1465 2515; x_wconf 85' lang='grc' dir='ltr'><strong><em>ταῦτα,</em></strong></span> <span class='ocrx_word' id='word_1_203' title='bbox 1496 2429 1550 2502; x_wconf 81' lang='grc' dir='ltr'><strong><em>διὰ</em></strong></span> 
     </span>
     <span class='ocr_line' id='line_1_21' title="bbox 196 2525 1549 2619; baseline 0.001 -19"><span class='ocrx_word' id='word_1_204' title='bbox 196 2543 230 2600; x_wconf 85' lang='lat'><strong><em>20</em></strong></span> <span class='ocrx_word' id='word_1_205' title='bbox 247 2538 352 2604; x_wconf 85' lang='grc' dir='ltr'><strong><em>τοῦτο</em></strong></span> <span class='ocrx_word' id='word_1_206' title='bbox 376 2525 482 2602; x_wconf 80' lang='grc' dir='ltr'><strong><em>ἄλλον</em></strong></span> <span class='ocrx_word' id='word_1_207' title='bbox 503 2527 765 2614; x_wconf 78' lang='grc' dir='ltr'><strong><em>ἀνακλάσαντας</em></strong></span> <span class='ocrx_word' id='word_1_208' title='bbox 786 2529 878 2619; x_wconf 83' lang='grc' dir='ltr'><strong><em>παρὰ</em></strong></span> <span class='ocrx_word' id='word_1_209' title='bbox 900 2527 963 2602; x_wconf 87' lang='grc' dir='ltr'><strong><em>τὸν</em></strong></span> <span class='ocrx_word' id='word_1_210' title='bbox 985 2525 1131 2618; x_wconf 82' lang='grc' dir='ltr'><strong><em>ποιητὴν</em></strong></span> <span class='ocrx_word' id='word_1_211' title='bbox 1146 2525 1293 2618; x_wconf 83' lang='grc' dir='ltr'><strong><em>ούρανοῦ</em></strong></span> <span class='ocrx_word' id='word_1_212' title='bbox 1307 2535 1362 2600; x_wconf 86' lang='grc' dir='ltr'><strong><em>καί</em></strong></span> <span class='ocrx_word' id='word_1_213' title='bbox 1380 2535 1441 2619; x_wconf 84' lang='grc' dir='ltr'><strong><em>γῆς</em></strong></span> <span class='ocrx_word' id='word_1_214' title='bbox 1455 2527 1549 2616; x_wconf 87' lang='grc' dir='ltr'><strong><em>θεὸν,</em></strong></span> 
     </span>
     <span class='ocr_line' id='line_1_22' title="bbox 247 2624 1619 2721; baseline -0.001 -18"><span class='ocrx_word' id='word_1_215' title='bbox 247 2635 318 2703; x_wconf 89' lang='grc' dir='ltr'><strong><em>ἐπεί</em></strong></span> <span class='ocrx_word' id='word_1_216' title='bbox 339 2627 453 2702; x_wconf 80' lang='grc' dir='ltr'><strong><em>πολλὰ</em></strong></span> <span class='ocrx_word' id='word_1_217' title='bbox 474 2637 618 2702; x_wconf 81' lang='grc' dir='ltr'><strong><em>τοιαῦτα</em></strong></span> <span class='ocrx_word' id='word_1_218' title='bbox 646 2627 864 2721; x_wconf 74' lang='grc' dir='ltr'><strong><em>εύρίσκονίτες</em></strong></span> <span class='ocrx_word' id='word_1_219' title='bbox 894 2633 931 2701; x_wconf 87' lang='grc' dir='ltr'><strong><em>ἐν</em></strong></span> <span class='ocrx_word' id='word_1_220' title='bbox 961 2634 1012 2718; x_wconf 79' lang='grc' dir='ltr'><strong><em>τῷ</em></strong></span> <span class='ocrx_word' id='word_1_221' title='bbox 1043 2624 1138 2718; x_wconf 85' lang='grc' dir='ltr'><strong><em>νόμῳ</em></strong></span> <span class='ocrx_word' id='word_1_222' title='bbox 1169 2634 1224 2700; x_wconf 87' lang='grc' dir='ltr'><strong><em>καί</em></strong></span> <span class='ocrx_word' id='word_1_223' title='bbox 1255 2648 1327 2710; x_wconf 81' lang='grc' dir='ltr'><strong><em>τοῖς</em></strong></span> <span class='ocrx_word' id='word_1_224' title='bbox 1357 2625 1550 2720; x_wconf 81' lang='grc' dir='ltr'><strong><em>προφήταις</em></strong></span> <span class='ocrx_word' id='word_1_225' title='bbox 1568 2648 1619 2704; x_wconf 85' lang='lat'><strong><em>261</em></strong></span> 
     </span>
     <span class='ocr_line' id='line_1_23' title="bbox 246 2723 1550 2820; baseline -0.004 -18"><span class='ocrx_word' id='word_1_226' title='bbox 246 2736 466 2818; x_wconf 82' lang='grc' dir='ltr'><strong><em>προσέκοψαν</em></strong></span> <span class='ocrx_word' id='word_1_227' title='bbox 493 2727 541 2812; x_wconf 73' lang='grc' dir='ltr'><strong><em>είς</em></strong></span> <span class='ocrx_word' id='word_1_228' title='bbox 561 2726 624 2802; x_wconf 86' lang='grc' dir='ltr'><strong><em>ούκ</em></strong></span> <span class='ocrx_word' id='word_1_229' title='bbox 650 2727 771 2820; x_wconf 83' lang='grc' dir='ltr'><strong><em>ἀγαθῷ</em></strong></span> <span class='ocrx_word' id='word_1_230' title='bbox 797 2735 849 2820; x_wconf 76' lang='grc' dir='ltr'><strong><em>τῷ</em></strong></span> <span class='ocrx_word' id='word_1_231' title='bbox 871 2727 1031 2812; x_wconf 81' lang='grc' dir='ltr'><strong><em>τοιαύτας</em></strong></span> <span class='ocrx_word' id='word_1_232' title='bbox 1051 2733 1296 2818; x_wconf 75' lang='grc' dir='ltr'><strong><em>προφερομένη)</em></strong></span> <span class='ocrx_word' id='word_1_233' title='bbox 1319 2725 1449 2816; x_wconf 83' lang='grc' dir='ltr'><strong><em>φωνάς·</em></strong></span> <span class='ocrx_word' id='word_1_234' title='bbox 1471 2723 1550 2818; x_wconf 83' lang='grc' dir='ltr'><strong><em>ἡμῖν</em></strong></span> 
     </span>
     <span class='ocr_line' id='line_1_24' title="bbox 247 2825 1548 2920; baseline -0.003 -18"><span class='ocrx_word' id='word_1_235' title='bbox 247 2837 283 2902; x_wconf 78' lang='grc' dir='ltr'><strong><em>δὲ</em></strong></span> <span class='ocrx_word' id='word_1_236' title='bbox 305 2825 368 2920; x_wconf 82' lang='grc' dir='ltr'><strong><em>ἤδη</em></strong></span> <span class='ocrx_word' id='word_1_237' title='bbox 390 2829 445 2902; x_wconf 82' lang='grc' dir='ltr'><strong><em>διὰ</em></strong></span> <span class='ocrx_word' id='word_1_238' title='bbox 466 2829 510 2901; x_wconf 86' lang='grc' dir='ltr'><strong><em>τὰ</em></strong></span> <span class='ocrx_word' id='word_1_239' title='bbox 543 2835 809 2919; x_wconf 88' lang='grc' dir='ltr'><strong><em>ἐπαπορηθέντα</em></strong></span> <span class='ocrx_word' id='word_1_240' title='bbox 838 2835 913 2917; x_wconf 85' lang='grc' dir='ltr'><strong><em>περὶ</em></strong></span> <span class='ocrx_word' id='word_1_241' title='bbox 943 2835 1006 2900; x_wconf 85' lang='grc' dir='ltr'><strong><em>τοῦ</em></strong></span> <span class='ocrx_word' id='word_1_242' title='bbox 1027 2827 1097 2917; x_wconf 78' lang='grc' dir='ltr'><strong><em>,μὴ</em></strong></span> <span class='ocrx_word' id='word_1_243' title='bbox 1131 2829 1357 2915; x_wconf 78' lang='grc' dir='ltr'><strong><em>εἰσενέγκῃς</em></strong></span> <span class='ocrx_word' id='word_1_244' title='bbox 1387 2833 1442 2910; x_wconf 87' lang='grc' dir='ltr'><strong><em>εἰς</em></strong></span> <span class='ocrx_word' id='word_1_245' title='bbox 1466 2855 1548 2898; x_wconf 87' lang='grc' dir='ltr'><strong><em>πει-</em></strong></span> 
     </span>
     <span class='ocr_line' id='line_1_25' title="bbox 247 2923 1548 3019; baseline -0.001 -19"><span class='ocrx_word' id='word_1_246' title='bbox 247 2927 400 3018; x_wconf 88' lang='grc' dir='ltr'><strong><em>ρασμὸν</em></strong></span> <span class='ocrx_word' id='word_1_247' title='bbox 426 2923 562 3019; x_wconf 79' lang='grc' dir='ltr'><strong><em>ἤμᾶς,“</em></strong></span> <span class='ocrx_word' id='word_1_248' title='bbox 585 2923 627 3001; x_wconf 82' lang='grc' dir='ltr'><strong><em>δι’</em></strong></span> <span class='ocrx_word' id='word_1_249' title='bbox 653 2923 740 3018; x_wconf 84' lang='grc' dir='ltr'><strong><em>άπερ</em></strong></span> <span class='ocrx_word' id='word_1_250' title='bbox 765 2935 821 2998; x_wconf 86' lang='grc' dir='ltr'><strong><em>καί</em></strong></span> <span class='ocrx_word' id='word_1_251' title='bbox 847 2926 908 3012; x_wconf 87' lang='grc' dir='ltr'><strong><em>τάς</em></strong></span> <span class='ocrx_word' id='word_1_252' title='bbox 934 2924 1164 3010; x_wconf 85' lang='grc' dir='ltr'><strong><em>ἀποστολικάς</em></strong></span> <span class='ocrx_word' id='word_1_253' title='bbox 1193 2934 1297 3014; x_wconf 80' lang='grc' dir='ltr'><strong><em>λέξεις</em></strong></span> <span class='ocrx_word' id='word_1_254' title='bbox 1321 2931 1548 3017; x_wconf 85' lang='grc' dir='ltr'><strong><em>παρεθέμεθα,</em></strong></span> 
     </span>
     <span class='ocr_line' id='line_1_26' title="bbox 195 3023 1549 3118; baseline -0.001 -18"><span class='ocrx_word' id='word_1_255' title='bbox 195 3038 228 3094; x_wconf 80' lang='lat'><strong><em>25</em></strong></span> <span class='ocrx_word' id='word_1_256' title='bbox 245 3033 445 3118; x_wconf 86' lang='grc' dir='ltr'><strong><em>θεωρητέον</em></strong></span> <span class='ocrx_word' id='word_1_257' title='bbox 481 3032 509 3098; x_wconf 93' lang='grc' dir='ltr'><strong><em>εί</em></strong></span> <span class='ocrx_word' id='word_1_258' title='bbox 544 3034 601 3100; x_wconf 88' lang='grc' dir='ltr'><strong><em>καί</em></strong></span> <span class='ocrx_word' id='word_1_259' title='bbox 631 3023 722 3118; x_wconf 80' lang='grc' dir='ltr'><strong><em>ἡμεῖς</em></strong></span> <span class='ocrx_word' id='word_1_260' title='bbox 758 3025 951 3118; x_wconf 74' lang='grc' dir='ltr'><strong><em>εὑρίσκομεν</em></strong></span> <span class='ocrx_word' id='word_1_261' title='bbox 985 3024 1182 3115; x_wconf 77' lang='grc' dir='ltr'><strong><em>ἀξιολόγους</em></strong></span> <span class='ocrx_word' id='word_1_262' title='bbox 1216 3033 1289 3098; x_wconf 83' lang='grc' dir='ltr'><strong><em>τῶν</em></strong></span> <span class='ocrx_word' id='word_1_263' title='bbox 1323 3023 1549 3116; x_wconf 85' lang='grc' dir='ltr'><strong><em>ἀπεμφάσεων</em></strong></span> 
     </span>
     <span class='ocr_line' id='line_1_27' title="bbox 247 3121 1548 3218; baseline -0.001 -19"><span class='ocrx_word' id='word_1_264' title='bbox 247 3127 364 3212; x_wconf 82' lang='grc' dir='ltr'><strong><em>λύσεις.</em></strong></span> <span class='ocrx_word' id='word_1_265' title='bbox 400 3122 542 3218; x_wconf 81' lang='grc' dir='ltr'><strong><em>ἡγοῦμαι</em></strong></span> <span class='ocrx_word' id='word_1_266' title='bbox 563 3127 603 3218; x_wconf 83' lang='grc' dir='ltr'><strong><em>δὴ</em></strong></span> <span class='ocrx_word' id='word_1_267' title='bbox 625 3127 689 3201; x_wconf 85' lang='grc' dir='ltr'><strong><em>τὸν</em></strong></span> <span class='ocrx_word' id='word_1_268' title='bbox 703 3124 788 3200; x_wconf 85' lang='grc' dir='ltr'><strong><em>θεὸν</em></strong></span> <span class='ocrx_word' id='word_1_269' title='bbox 802 3125 946 3216; x_wconf 78' lang='grc' dir='ltr'><strong><em>ἑκάστην</em></strong></span> <span class='ocrx_word' id='word_1_270' title='bbox 961 3125 1100 3217; x_wconf 81' lang='grc' dir='ltr'><strong><em>λογικὴν</em></strong></span> <span class='ocrx_word' id='word_1_271' title='bbox 1114 3131 1305 3215; x_wconf 80' lang='grc' dir='ltr'><strong><em>οἰκονομεῖν</em></strong></span> <span class='ocrx_word' id='word_1_272' title='bbox 1320 3124 1442 3215; x_wconf 78' lang='grc' dir='ltr'><strong><em>ψυχὴν,</em></strong></span> <span class='ocrx_word' id='word_1_273' title='bbox 1464 3121 1548 3214; x_wconf 85' lang='grc' dir='ltr'><strong><em>ἀφο-</em></strong></span> 
     </span>
     <span class='ocr_line' id='line_1_28' title="bbox 246 3221 1549 3317; baseline -0.001 -20"><span class='ocrx_word' id='word_1_274' title='bbox 246 3232 364 3316; x_wconf 78' lang='grc' dir='ltr'><strong><em>ρῶντα</em></strong></span> <span class='ocrx_word' id='word_1_275' title='bbox 387 3233 432 3308; x_wconf 91' lang='grc' dir='ltr'><strong><em>είς</em></strong></span> <span class='ocrx_word' id='word_1_276' title='bbox 454 3225 519 3316; x_wconf 79' lang='grc' dir='ltr'><strong><em>τὴν</em></strong></span> <span class='ocrx_word' id='word_1_277' title='bbox 547 3222 658 3300; x_wconf 85' lang='grc' dir='ltr'><strong><em>ἀίδιον</em></strong></span> <span class='ocrx_word' id='word_1_278' title='bbox 683 3222 788 3317; x_wconf 81' lang='grc' dir='ltr'><strong><em>αύτῆς</em></strong></span> <span class='ocrx_word' id='word_1_279' title='bbox 814 3225 920 3316; x_wconf 74' lang='grc' dir='ltr'><strong><em>ζωὴν,</em></strong></span> <span class='ocrx_word' id='word_1_280' title='bbox 947 3223 996 3299; x_wconf 88' lang='grc' dir='ltr'><strong><em>ἀεί</em></strong></span> <span class='ocrx_word' id='word_1_281' title='bbox 1024 3228 1164 3315; x_wconf 85' lang='grc' dir='ltr'><strong><em>ἐχουσαν</em></strong></span> <span class='ocrx_word' id='word_1_282' title='bbox 1189 3223 1230 3296; x_wconf 86' lang='grc' dir='ltr'><strong><em>τὸ</em></strong></span> <span class='ocrx_word' id='word_1_283' title='bbox 1258 3221 1474 3312; x_wconf 75' lang='grc' dir='ltr'><strong><em>αὐτεξούσιον</em></strong></span> <span class='ocrx_word' id='word_1_284' title='bbox 1493 3231 1549 3296; x_wconf 84' lang='grc' dir='ltr'><strong><em>καί</em></strong></span> 
     </span>
    </p>
   </div>
   <div class='ocr_carea' id='block_1_4' title="bbox 243 3445 1548 4194">
    <p class='ocr_par' dir='ltr' id='par_1_4' title="bbox 243 3445 1548 4194">
     <span class='ocr_line' id='line_1_29' title="bbox 329 3445 1547 3516; baseline -0.001 -14"><span class='ocrx_word' id='word_1_285' title='bbox 329 3445 347 3502; x_wconf 76' lang='lat'>4</span> <span class='ocrx_word' id='word_1_286' title='bbox 364 3446 441 3500; x_wconf 65' lang='lat' dir='ltr'><strong><em>Rem</em></strong></span> <span class='ocrx_word' id='word_1_287' title='bbox 456 3449 478 3510; x_wconf 86' lang='lat'><strong><em>1,</em></strong></span> <span class='ocrx_word' id='word_1_288' title='bbox 496 3447 539 3502; x_wconf 86' lang='grc'><strong><em>28.</em></strong></span> <span class='ocrx_word' id='word_1_289' title='bbox 557 3475 590 3486; x_wconf 95' lang='grc'>-</span> <span class='ocrx_word' id='word_1_290' title='bbox 610 3448 629 3502; x_wconf 84' lang='grc' dir='ltr'><strong><em>θ</em></strong></span> <span class='ocrx_word' id='word_1_291' title='bbox 648 3446 860 3515; x_wconf 75' lang='lat' dir='ltr'>Vgl.1reneeus.</span> <span class='ocrx_word' id='word_1_292' title='bbox 878 3447 947 3502; x_wconf 83' lang='lat' dir='ltr'>Adv.</span> <span class='ocrx_word' id='word_1_293' title='bbox 960 3447 1034 3501; x_wconf 79' lang='lat' dir='ltr'>haer.</span> <span class='ocrx_word' id='word_1_294' title='bbox 1047 3445 1139 3510; x_wconf 83' lang='grc'><strong><em>11140,</em></strong></span> <span class='ocrx_word' id='word_1_295' title='bbox 1153 3447 1170 3502; x_wconf 87' lang='lat'>2</span> <span class='ocrx_word' id='word_1_296' title='bbox 1187 3445 1243 3500; x_wconf 86' lang='lat' dir='ltr'><strong><em>und</em></strong></span> <span class='ocrx_word' id='word_1_297' title='bbox 1260 3445 1398 3515; x_wconf 70' lang='lat' dir='ltr'>origem,</span> <span class='ocrx_word' id='word_1_298' title='bbox 1411 3446 1452 3501; x_wconf 83' lang='lat' dir='ltr'><strong><em>De</em></strong></span> <span class='ocrx_word' id='word_1_299' title='bbox 1463 3446 1547 3516; x_wconf 70' lang='lat' dir='ltr'>ptine</span> 
     </span>
     <span class='ocr_line' id='line_1_30' title="bbox 246 3530 1548 3602; baseline 0 -16"><span class='ocrx_word' id='word_1_300' title='bbox 246 3533 347 3588; x_wconf 84' lang='lat'>114.5</span> <span class='ocrx_word' id='word_1_301' title='bbox 371 3533 447 3600; x_wconf 75' lang='lat' dir='ltr'><strong>(tom.</strong></span> <span class='ocrx_word' id='word_1_302' title='bbox 465 3531 529 3586; x_wconf 87' lang='lat' dir='ltr'><strong><em>XXI</em></strong></span> <span class='ocrx_word' id='word_1_303' title='bbox 555 3549 581 3601; x_wconf 90' lang='lat' dir='ltr'><strong><em>p.</em></strong></span> <span class='ocrx_word' id='word_1_304' title='bbox 600 3531 734 3588; x_wconf 79' lang='grc'>165-185</span> <span class='ocrx_word' id='word_1_305' title='bbox 760 3531 803 3585; x_wconf 86' lang='grc' dir='ltr'><strong><em>εδ.</em></strong></span> <span class='ocrx_word' id='word_1_306' title='bbox 825 3531 950 3601; x_wconf 69' lang='lat' dir='ltr'>Lotum).</span> <span class='ocrx_word' id='word_1_307' title='bbox 984 3531 1016 3586; x_wconf 92' lang='lat' dir='ltr'><strong><em>In</em></strong></span> <span class='ocrx_word' id='word_1_308' title='bbox 1042 3531 1103 3586; x_wconf 86' lang='lat' dir='ltr'><strong>Joh.</strong></span> <span class='ocrx_word' id='word_1_309' title='bbox 1121 3531 1133 3584; x_wconf 95' lang='lat' dir='ltr'>I</span> <span class='ocrx_word' id='word_1_310' title='bbox 1152 3532 1184 3586; x_wconf 81' lang='lat'><strong><em>14</em></strong></span> <span class='ocrx_word' id='word_1_311' title='bbox 1202 3530 1255 3598; x_wconf 89' lang='grc'><strong><em>(13)</em></strong></span> <span class='ocrx_word' id='word_1_312' title='bbox 1282 3531 1357 3598; x_wconf 75' lang='lat' dir='ltr'>(tom.</span> <span class='ocrx_word' id='word_1_313' title='bbox 1375 3531 1388 3586; x_wconf 93' lang='lat' dir='ltr'>l</span> <span class='ocrx_word' id='word_1_314' title='bbox 1405 3548 1432 3602; x_wconf 88' lang='lat' dir='ltr'><strong><em>p.</em></strong></span> <span class='ocrx_word' id='word_1_315' title='bbox 1448 3535 1481 3590; x_wconf 82' lang='lat'><strong><em>31</em></strong></span> <span class='ocrx_word' id='word_1_316' title='bbox 1504 3532 1548 3588; x_wconf 83' lang='lat' dir='ltr'><strong><em>ed.</em></strong></span> 
     </span>
     <span class='ocr_line' id='line_1_31' title="bbox 245 3614 1547 3686; baseline 0 -16"><span class='ocrx_word' id='word_1_317' title='bbox 245 3615 360 3680; x_wconf 75' lang='lat' dir='ltr'><strong>houm,</strong></span> <span class='ocrx_word' id='word_1_318' title='bbox 378 3617 391 3670; x_wconf 94' lang='lat' dir='ltr'>I</span> <span class='ocrx_word' id='word_1_319' title='bbox 410 3617 450 3679; x_wconf 83' lang='lat'><strong><em>18,</em></strong></span> <span class='ocrx_word' id='word_1_320' title='bbox 469 3617 552 3684; x_wconf 83' lang='lat' dir='ltr'>2sqq.</span> <span class='ocrx_word' id='word_1_321' title='bbox 570 3616 612 3672; x_wconf 87' lang='lat' dir='ltr'><strong><em>ed.</em></strong></span> <span class='ocrx_word' id='word_1_322' title='bbox 631 3615 756 3686; x_wconf 83' lang='lat' dir='ltr'>Brooke).</span> <span class='ocrx_word' id='word_1_323' title='bbox 786 3615 818 3670; x_wconf 92' lang='lat' dir='ltr'><strong><em>In</em></strong></span> <span class='ocrx_word' id='word_1_324' title='bbox 834 3615 934 3672; x_wconf 88' lang='lat' dir='ltr'>Jerem.</span> <span class='ocrx_word' id='word_1_325' title='bbox 952 3615 1103 3670; x_wconf 87' lang='lat' dir='ltr'>hom.1X1</span> <span class='ocrx_word' id='word_1_326' title='bbox 1121 3617 1195 3684; x_wconf 81' lang='lat' dir='ltr'><strong>(tom.</strong></span> <span class='ocrx_word' id='word_1_327' title='bbox 1207 3614 1259 3669; x_wconf 89' lang='lat' dir='ltr'><strong><em>XV</em></strong></span> <span class='ocrx_word' id='word_1_328' title='bbox 1270 3631 1296 3686; x_wconf 90' lang='lat' dir='ltr'><strong><em>p.</em></strong></span> <span class='ocrx_word' id='word_1_329' title='bbox 1309 3617 1358 3672; x_wconf 73' lang='lat'><strong><em>205</em></strong></span> <span class='ocrx_word' id='word_1_330' title='bbox 1371 3615 1413 3670; x_wconf 86' lang='lat' dir='ltr'><strong><em>ed.</em></strong></span> <span class='ocrx_word' id='word_1_331' title='bbox 1425 3616 1547 3686; x_wconf 86' lang='lat' dir='ltr'><strong>Lomm.).</strong></span> 
     </span>
     <span class='ocr_line' id='line_1_32' title="bbox 245 3697 1547 3772; baseline -0.001 -15"><span class='ocrx_word' id='word_1_332' title='bbox 245 3731 278 3740; x_wconf 92' lang='lat'>-</span> <span class='ocrx_word' id='word_1_333' title='bbox 296 3703 315 3758; x_wconf 86' lang='grc'>8</span> <span class='ocrx_word' id='word_1_334' title='bbox 333 3700 395 3772; x_wconf 78' lang='lat' dir='ltr'><strong>Vgl.</strong></span> <span class='ocrx_word' id='word_1_335' title='bbox 414 3701 514 3756; x_wconf 77' lang='lat' dir='ltr'><strong>Matth.</strong></span> <span class='ocrx_word' id='word_1_336' title='bbox 533 3701 557 3763; x_wconf 88' lang='grc'><strong><em>6,</em></strong></span> <span class='ocrx_word' id='word_1_337' title='bbox 576 3701 616 3755; x_wconf 89' lang='lat'><strong><em>13.</em></strong></span> <span class='ocrx_word' id='word_1_338' title='bbox 640 3699 709 3754; x_wconf 82' lang='lat' dir='ltr'>Luk.</span> <span class='ocrx_word' id='word_1_339' title='bbox 723 3703 763 3764; x_wconf 90' lang='lat'><strong><em>11,</em></strong></span> <span class='ocrx_word' id='word_1_340' title='bbox 780 3703 806 3755; x_wconf 89' lang='grc'><strong><em>4.</em></strong></span> <span class='ocrx_word' id='word_1_341' title='bbox 824 3731 857 3740; x_wconf 92' lang='grc'>-</span> <span class='ocrx_word' id='word_1_342' title='bbox 875 3700 915 3757; x_wconf 88' lang='grc'><strong><em>10</em></strong></span> <span class='ocrx_word' id='word_1_343' title='bbox 933 3699 995 3769; x_wconf 83' lang='lat' dir='ltr'><strong>Vgl.</strong></span> <span class='ocrx_word' id='word_1_344' title='bbox 1007 3700 1084 3754; x_wconf 75' lang='lat' dir='ltr'>Rem.</span> <span class='ocrx_word' id='word_1_345' title='bbox 1098 3702 1120 3764; x_wconf 86' lang='lat'><strong><em>1,</em></strong></span> <span class='ocrx_word' id='word_1_346' title='bbox 1137 3699 1178 3754; x_wconf 83' lang='lat'><strong><em>24.</em></strong></span> <span class='ocrx_word' id='word_1_347' title='bbox 1196 3729 1229 3739; x_wconf 89' lang='lat'><em>-</em></span> <span class='ocrx_word' id='word_1_348' title='bbox 1248 3699 1287 3756; x_wconf 76' lang='lat'><strong><em>18</em></strong></span> <span class='ocrx_word' id='word_1_349' title='bbox 1305 3697 1368 3768; x_wconf 80' lang='lat' dir='ltr'>Vgl.</span> <span class='ocrx_word' id='word_1_350' title='bbox 1380 3697 1457 3755; x_wconf 70' lang='lat' dir='ltr'>Rem.</span> <span class='ocrx_word' id='word_1_351' title='bbox 1470 3704 1493 3768; x_wconf 87' lang='lat'><strong><em>1,</em></strong></span> <span class='ocrx_word' id='word_1_352' title='bbox 1505 3703 1547 3758; x_wconf 83' lang='grc'><strong><em>26.</em></strong></span> 
     </span>
     <span class='ocr_line' id='line_1_33' title="bbox 248 3783 1546 3855; baseline 0.002 -17"><span class='ocrx_word' id='word_1_353' title='bbox 248 3815 278 3825; x_wconf 93' lang='lat'>—</span> <span class='ocrx_word' id='word_1_354' title='bbox 296 3785 359 3854; x_wconf 78' lang='lat' dir='ltr'><strong>vgl.</strong></span> <span class='ocrx_word' id='word_1_355' title='bbox 378 3785 455 3840; x_wconf 77' lang='lat' dir='ltr'>Rem.</span> <span class='ocrx_word' id='word_1_356' title='bbox 475 3788 497 3852; x_wconf 86' lang='lat'><strong><em>1,</em></strong></span> <span class='ocrx_word' id='word_1_357' title='bbox 516 3785 556 3841; x_wconf 83' lang='lat'><strong><em>28.</em></strong></span> <span class='ocrx_word' id='word_1_358' title='bbox 580 3814 613 3823; x_wconf 97' lang='lat'><em>-</em></span> <span class='ocrx_word' id='word_1_359' title='bbox 638 3785 677 3841; x_wconf 81' lang='lat'><strong><em>14</em></strong></span> <span class='ocrx_word' id='word_1_360' title='bbox 693 3783 755 3855; x_wconf 76' lang='lat' dir='ltr'>vgl.</span> <span class='ocrx_word' id='word_1_361' title='bbox 773 3785 850 3839; x_wconf 72' lang='lat' dir='ltr'>Rem.</span> <span class='ocrx_word' id='word_1_362' title='bbox 869 3788 892 3846; x_wconf 82' lang='lat'><strong><em>1.</em></strong></span> <span class='ocrx_word' id='word_1_363' title='bbox 910 3786 951 3841; x_wconf 82' lang='lat'><strong><em>24.</em></strong></span> <span class='ocrx_word' id='word_1_364' title='bbox 973 3814 1007 3824; x_wconf 90' lang='lat'>—</span> <span class='ocrx_word' id='word_1_365' title='bbox 1031 3784 1069 3840; x_wconf 80' lang='grc'><strong><em>18</em></strong></span> <span class='ocrx_word' id='word_1_366' title='bbox 1094 3783 1154 3853; x_wconf 81' lang='lat' dir='ltr'><strong>Vgl.</strong></span> <span class='ocrx_word' id='word_1_367' title='bbox 1173 3784 1250 3839; x_wconf 74' lang='lat' dir='ltr'>Rem.</span> <span class='ocrx_word' id='word_1_368' title='bbox 1269 3787 1292 3852; x_wconf 87' lang='lat'><strong><em>1,</em></strong></span> <span class='ocrx_word' id='word_1_369' title='bbox 1311 3785 1351 3839; x_wconf 89' lang='grc'><strong><em>26.</em></strong></span> <span class='ocrx_word' id='word_1_370' title='bbox 1372 3815 1402 3824; x_wconf 90' lang='lat'><em>-</em></span> <span class='ocrx_word' id='word_1_371' title='bbox 1427 3785 1463 3842; x_wconf 72' lang='lat'><strong><em>1⁷</em></strong></span> <span class='ocrx_word' id='word_1_372' title='bbox 1484 3785 1546 3855; x_wconf 78' lang='lat' dir='ltr'>vgl.</span> 
     </span>
     <span class='ocr_line' id='line_1_34' title="bbox 245 3867 1546 3939; baseline 0.002 -15"><span class='ocrx_word' id='word_1_373' title='bbox 245 3869 321 3924; x_wconf 66' lang='lat' dir='ltr'><strong>Rom.</strong></span> <span class='ocrx_word' id='word_1_374' title='bbox 341 3871 364 3934; x_wconf 90' lang='lat'><strong><em>1,</em></strong></span> <span class='ocrx_word' id='word_1_375' title='bbox 382 3871 425 3928; x_wconf 83' lang='lat'><strong><em>28.</em></strong></span> <span class='ocrx_word' id='word_1_376' title='bbox 441 3900 474 3910; x_wconf 91' lang='lat'>—</span> <span class='ocrx_word' id='word_1_377' title='bbox 494 3870 534 3927; x_wconf 88' lang='grc'>80</span> <span class='ocrx_word' id='word_1_378' title='bbox 552 3869 615 3939; x_wconf 83' lang='lat' dir='ltr'><strong>Vgl.</strong></span> <span class='ocrx_word' id='word_1_379' title='bbox 632 3869 699 3924; x_wconf 86' lang='lat' dir='ltr'>Gen.</span> <span class='ocrx_word' id='word_1_380' title='bbox 713 3871 736 3934; x_wconf 93' lang='grc'><strong><em>1,</em></strong></span> <span class='ocrx_word' id='word_1_381' title='bbox 750 3873 772 3923; x_wconf 92' lang='grc'><strong><em>1.</em></strong></span> <span class='ocrx_word' id='word_1_382' title='bbox 790 3899 824 3908; x_wconf 93' lang='lat'>-</span> <span class='ocrx_word' id='word_1_383' title='bbox 842 3869 881 3925; x_wconf 89' lang='grc'><strong><em>88</em></strong></span> <span class='ocrx_word' id='word_1_384' title='bbox 900 3869 962 3938; x_wconf 83' lang='lat' dir='ltr'><strong>Vgl.</strong></span> <span class='ocrx_word' id='word_1_385' title='bbox 979 3867 1117 3938; x_wconf 75' lang='lat' dir='ltr'>Origenes,</span> <span class='ocrx_word' id='word_1_386' title='bbox 1135 3870 1167 3923; x_wconf 92' lang='lat' dir='ltr'><strong><em>In</em></strong></span> <span class='ocrx_word' id='word_1_387' title='bbox 1183 3869 1282 3924; x_wconf 82' lang='grc' dir='ltr'><strong><em>ίειεω.</em></strong></span> <span class='ocrx_word' id='word_1_388' title='bbox 1294 3870 1444 3924; x_wconf 68' lang='lat' dir='ltr'>homme.</span> <span class='ocrx_word' id='word_1_389' title='bbox 1462 3871 1546 3926; x_wconf 80' lang='lat' dir='ltr'>XII5</span> 
     </span>
     <span class='ocr_line' id='line_1_35' title="bbox 245 3951 1547 4027; baseline 0.002 -18"><span class='ocrx_word' id='word_1_390' title='bbox 245 3956 320 4024; x_wconf 73' lang='lat' dir='ltr'><strong>(tom.</strong></span> <span class='ocrx_word' id='word_1_391' title='bbox 338 3955 389 4008; x_wconf 90' lang='lat' dir='ltr'><strong><em>XV</em></strong></span> <span class='ocrx_word' id='word_1_392' title='bbox 407 3971 433 4025; x_wconf 90' lang='lat' dir='ltr'><strong><em>p.</em></strong></span> <span class='ocrx_word' id='word_1_393' title='bbox 452 3955 502 4010; x_wconf 85' lang='grc'><strong><em>126</em></strong></span> <span class='ocrx_word' id='word_1_394' title='bbox 511 3971 549 4023; x_wconf 83' lang='lat' dir='ltr'><strong><em>sq.</em></strong></span> <span class='ocrx_word' id='word_1_395' title='bbox 573 3955 672 4022; x_wconf 78' lang='lat' dir='ltr'><strong>237sq.</strong></span> <span class='ocrx_word' id='word_1_396' title='bbox 690 3952 732 4007; x_wconf 87' lang='lat' dir='ltr'><strong><em>ed.</em></strong></span> <span class='ocrx_word' id='word_1_397' title='bbox 749 3953 871 4023; x_wconf 85' lang='lat' dir='ltr'>Lomm.).</span> <span class='ocrx_word' id='word_1_398' title='bbox 906 3951 1009 4008; x_wconf 74' lang='lat' dir='ltr'><strong>comm.</strong></span> <span class='ocrx_word' id='word_1_399' title='bbox 1028 3953 1057 4006; x_wconf 88' lang='lat' dir='ltr'><strong><em>in</em></strong></span> <span class='ocrx_word' id='word_1_400' title='bbox 1075 3954 1172 4006; x_wconf 73' lang='lat' dir='ltr'><strong>Matth.</strong></span> <span class='ocrx_word' id='word_1_401' title='bbox 1186 3952 1236 4006; x_wconf 88' lang='lat' dir='ltr'><strong><em>XV</em></strong></span> <span class='ocrx_word' id='word_1_402' title='bbox 1254 3956 1285 4007; x_wconf 88' lang='lat'><strong><em>11</em></strong></span> <span class='ocrx_word' id='word_1_403' title='bbox 1305 3955 1379 4022; x_wconf 75' lang='lat' dir='ltr'><strong>(tom.</strong></span> <span class='ocrx_word' id='word_1_404' title='bbox 1398 3953 1437 4009; x_wconf 87' lang='lat' dir='ltr'><strong><em>III</em></strong></span> <span class='ocrx_word' id='word_1_405' title='bbox 1453 3973 1478 4027; x_wconf 88' lang='lat' dir='ltr'><strong><em>p.</em></strong></span> <span class='ocrx_word' id='word_1_406' title='bbox 1496 3957 1547 4012; x_wconf 79' lang='lat'><strong><em>349</em></strong></span> 
     </span>
     <span class='ocr_line' id='line_1_36' title="bbox 244 4036 1546 4110; baseline 0 -16"><span class='ocrx_word' id='word_1_407' title='bbox 244 4038 287 4094; x_wconf 83' lang='grc' dir='ltr'><strong><em>εδ.</em></strong></span> <span class='ocrx_word' id='word_1_408' title='bbox 305 4038 697 4106; x_wconf 55' lang='lat' dir='ltr'><strong><em>honum-nnete&amp;</em></strong></span> <span class='ocrx_word' id='word_1_409' title='bbox 716 4039 756 4094; x_wconf 85' lang='grc'><strong><em>13.</em></strong></span> <span class='ocrx_word' id='word_1_410' title='bbox 779 4038 847 4093; x_wconf 79' lang='lat' dir='ltr'><strong>Luk.</strong></span> <span class='ocrx_word' id='word_1_411' title='bbox 866 4039 906 4100; x_wconf 90' lang='lat'><strong><em>11,</em></strong></span> <span class='ocrx_word' id='word_1_412' title='bbox 923 4039 948 4090; x_wconf 87' lang='grc'><strong><em>4.</em></strong></span> <span class='ocrx_word' id='word_1_413' title='bbox 974 4065 1008 4078; x_wconf 85' lang='grc'><strong>-</strong></span> <span class='ocrx_word' id='word_1_414' title='bbox 1034 4037 1074 4094; x_wconf 81' lang='grc'><strong><em>88</em></strong></span> <span class='ocrx_word' id='word_1_415' title='bbox 1102 4036 1166 4106; x_wconf 81' lang='lat' dir='ltr'><strong>vgl.</strong></span> <span class='ocrx_word' id='word_1_416' title='bbox 1183 4036 1326 4107; x_wconf 80' lang='lat' dir='ltr'>Origenes,</span> <span class='ocrx_word' id='word_1_417' title='bbox 1349 4038 1390 4093; x_wconf 80' lang='lat' dir='ltr'><strong><em>De</em></strong></span> <span class='ocrx_word' id='word_1_418' title='bbox 1407 4039 1490 4110; x_wconf 77' lang='lat' dir='ltr'><strong>prino.</strong></span> <span class='ocrx_word' id='word_1_419' title='bbox 1507 4041 1546 4094; x_wconf 88' lang='lat'><strong><em>111</em></strong></span> 
     </span>
     <span class='ocr_line' id='line_1_37' title="bbox 243 4122 900 4194; baseline 0 -16"><span class='ocrx_word' id='word_1_420' title='bbox 243 4126 268 4187; x_wconf 90' lang='grc'><strong><em>4,</em></strong></span> <span class='ocrx_word' id='word_1_421' title='bbox 286 4125 310 4178; x_wconf 86' lang='grc'><strong><em>8.</em></strong></span> <span class='ocrx_word' id='word_1_422' title='bbox 328 4125 345 4178; x_wconf 83' lang='grc'>3</span> <span class='ocrx_word' id='word_1_423' title='bbox 362 4124 439 4192; x_wconf 74' lang='lat' dir='ltr'><strong>(tom.</strong></span> <span class='ocrx_word' id='word_1_424' title='bbox 457 4123 521 4178; x_wconf 88' lang='lat' dir='ltr'><strong><em>XXI</em></strong></span> <span class='ocrx_word' id='word_1_425' title='bbox 537 4142 562 4194; x_wconf 90' lang='lat' dir='ltr'><strong><em>p.</em></strong></span> <span class='ocrx_word' id='word_1_426' title='bbox 580 4124 631 4179; x_wconf 82' lang='lat'><strong><em>334</em></strong></span> <span class='ocrx_word' id='word_1_427' title='bbox 640 4139 698 4191; x_wconf 82' lang='lat' dir='ltr'><strong>sqq.</strong></span> <span class='ocrx_word' id='word_1_428' title='bbox 715 4122 758 4186; x_wconf 86' lang='grc' dir='ltr'><strong><em>εδ.</em></strong></span> <span class='ocrx_word' id='word_1_429' title='bbox 776 4124 900 4192; x_wconf 70' lang='lat' dir='ltr'><strong>Lomm).</strong></span> 
     </span>
    </p>
   </div>
   <div class='ocr_carea' id='block_1_5' title="bbox 244 4303 1545 4786">
    <p class='ocr_par' dir='ltr' id='par_1_5' title="bbox 244 4303 1545 4786">
     <span class='ocr_line' id='line_1_38' title="bbox 329 4303 1542 4380; baseline 0 -16"><span class='ocrx_word' id='word_1_430' title='bbox 329 4307 348 4364; x_wconf 80' lang='grc' dir='ltr'><strong><em>θ</em></strong></span> <span class='ocrx_word' id='word_1_431' title='bbox 370 4304 559 4380; x_wconf 86' lang='grc' dir='ltr'><strong><em>προσεκτέον]</em></strong></span> <span class='ocrx_word' id='word_1_432' title='bbox 583 4303 770 4379; x_wconf 87' lang='grc' dir='ltr'><strong><em>προσακτέον</em></strong></span> <span class='ocrx_word' id='word_1_433' title='bbox 793 4308 928 4362; x_wconf 73' lang='lat' dir='ltr'>vermubet</span> <span class='ocrx_word' id='word_1_434' title='bbox 948 4306 1029 4376; x_wconf 76' lang='lat' dir='ltr'>Angl.</span> <span class='ocrx_word' id='word_1_435' title='bbox 1052 4307 1108 4375; x_wconf 86' lang='lat' dir='ltr'>(bei</span> <span class='ocrx_word' id='word_1_436' title='bbox 1126 4307 1185 4361; x_wconf 83' lang='lat' dir='ltr'>Del.</span> <span class='ocrx_word' id='word_1_437' title='bbox 1203 4308 1215 4360; x_wconf 92' lang='lat'>1</span> <span class='ocrx_word' id='word_1_438' title='bbox 1232 4309 1313 4376; x_wconf 69' lang='lat'>9272)</span> <span class='ocrx_word' id='word_1_439' title='bbox 1336 4309 1408 4364; x_wconf 89' lang='lat' dir='ltr'>ohne</span> <span class='ocrx_word' id='word_1_440' title='bbox 1426 4310 1542 4380; x_wconf 50' lang='lat' dir='ltr'>Grundl</span> 
     </span>
     <span class='ocr_line' id='line_1_39' title="bbox 246 4382 1545 4462; baseline 0 -12"><span class='ocrx_word' id='word_1_441' title='bbox 246 4393 283 4450; x_wconf 92' lang='grc'><strong><em>18</em></strong></span> <span class='ocrx_word' id='word_1_442' title='bbox 303 4386 407 4462; x_wconf 74' lang='grc' dir='ltr'><strong><em>αὐτῶν]</em></strong></span> <span class='ocrx_word' id='word_1_443' title='bbox 427 4384 523 4450; x_wconf 77' lang='grc' dir='ltr'><strong><em>αύτιῦν</em></strong></span> <span class='ocrx_word' id='word_1_444' title='bbox 540 4392 626 4446; x_wconf 85' lang='lat' dir='ltr'>Lond.</span> <span class='ocrx_word' id='word_1_445' title='bbox 647 4394 651 4460; x_wconf 74' lang='grc' dir='ltr'><strong><em>ί</em></strong></span> <span class='ocrx_word' id='word_1_446' title='bbox 673 4382 771 4456; x_wconf 71' lang='grc' dir='ltr'><strong><em>αἰετοῖς</em></strong></span> <span class='ocrx_word' id='word_1_447' title='bbox 792 4391 915 4446; x_wconf 79' lang='lat' dir='ltr'>schreibe</span> <span class='ocrx_word' id='word_1_448' title='bbox 937 4390 981 4444; x_wconf 82' lang='lat' dir='ltr'><strong><em>ich</em></strong></span> <span class='ocrx_word' id='word_1_449' title='bbox 1000 4392 1051 4446; x_wconf 76' lang='lat' dir='ltr'><strong><em>mit</em></strong></span> <span class='ocrx_word' id='word_1_450' title='bbox 1069 4391 1163 4456; x_wconf 71' lang='lat' dir='ltr'><strong>hond..</strong></span> <span class='ocrx_word' id='word_1_451' title='bbox 1182 4391 1236 4460; x_wconf 80' lang='lat' dir='ltr'>vgl.</span> <span class='ocrx_word' id='word_1_452' title='bbox 1254 4392 1326 4447; x_wconf 86' lang='lat' dir='ltr'>oben</span> <span class='ocrx_word' id='word_1_453' title='bbox 1343 4392 1368 4447; x_wconf 89' lang='lat' dir='ltr'><strong><em>S.</em></strong></span> <span class='ocrx_word' id='word_1_454' title='bbox 1387 4394 1437 4450; x_wconf 79' lang='lat'><strong><em>386</em></strong></span> <span class='ocrx_word' id='word_1_455' title='bbox 1454 4393 1480 4451; x_wconf 86' lang='lat' dir='ltr'><strong><em>Z.</em></strong></span> <span class='ocrx_word' id='word_1_456' title='bbox 1498 4395 1545 4459; x_wconf 67' lang='lat'><strong><em>333</em></strong></span> 
     </span>
     <span class='ocr_line' id='line_1_40' title="bbox 245 4469 1545 4546; baseline 0.001 -12"><span class='ocrx_word' id='word_1_457' title='bbox 245 4470 343 4542; x_wconf 80' lang='grc' dir='ltr'><strong><em>αὐτοῖς</em></strong></span> <span class='ocrx_word' id='word_1_458' title='bbox 359 4475 440 4532; x_wconf 86' lang='lat' dir='ltr'>TOx.</span> <span class='ocrx_word' id='word_1_459' title='bbox 451 4476 509 4534; x_wconf 89' lang='lat' dir='ltr'>Del.</span> <span class='ocrx_word' id='word_1_460' title='bbox 525 4479 529 4544; x_wconf 82' lang='grc' dir='ltr'>Ι</span> <span class='ocrx_word' id='word_1_461' title='bbox 545 4475 586 4533; x_wconf 87' lang='grc'>80</span> <span class='ocrx_word' id='word_1_462' title='bbox 604 4469 828 4542; x_wconf 85' lang='grc' dir='ltr'><strong><em>ἀναπλάσαντας</em></strong></span> <span class='ocrx_word' id='word_1_463' title='bbox 844 4475 968 4530; x_wconf 78' lang='grc' dir='ltr'><strong><em>εοίιεεὶίιε</em></strong></span> <span class='ocrx_word' id='word_1_464' title='bbox 985 4475 1029 4530; x_wconf 82' lang='lat' dir='ltr'><strong><em>ich</em></strong></span> <span class='ocrx_word' id='word_1_465' title='bbox 1047 4475 1099 4530; x_wconf 82' lang='lat' dir='ltr'><strong><em>mit</em></strong></span> <span class='ocrx_word' id='word_1_466' title='bbox 1115 4475 1195 4544; x_wconf 78' lang='lat' dir='ltr'><strong>Angl.</strong></span> <span class='ocrx_word' id='word_1_467' title='bbox 1209 4477 1243 4544; x_wconf 73' lang='grc' dir='ltr'><strong><em>(ει.</em></strong></span> <span class='ocrx_word' id='word_1_468' title='bbox 1255 4493 1280 4530; x_wconf 80' lang='grc' dir='ltr'><strong><em>ε.</em></strong></span> <span class='ocrx_word' id='word_1_469' title='bbox 1292 4476 1347 4546; x_wconf 83' lang='grc'><strong><em>0.),</em></strong></span> <span class='ocrx_word' id='word_1_470' title='bbox 1364 4471 1545 4536; x_wconf 71' lang='grc' dir='ltr'><strong><em>ἀναπλάσαι·</em></strong></span> 
     </span>
     <span class='ocr_line' id='line_1_41' title="bbox 244 4551 1544 4633; baseline 0.002 -17"><span class='ocrx_word' id='word_1_471' title='bbox 244 4577 289 4625; x_wconf 84' lang='grc' dir='ltr'><strong><em>τες</em></strong></span> <span class='ocrx_word' id='word_1_472' title='bbox 305 4561 439 4630; x_wconf 71' lang='lat' dir='ltr'>TAusgg.</span> <span class='ocrx_word' id='word_1_473' title='bbox 459 4563 463 4629; x_wconf 97' lang='grc' dir='ltr'>Ι</span> <span class='ocrx_word' id='word_1_474' title='bbox 483 4560 522 4622; x_wconf 77' lang='grc'>86</span> <span class='ocrx_word' id='word_1_475' title='bbox 546 4553 726 4633; x_wconf 75' lang='grc' dir='ltr'><strong><em>εὑρίσκομεν]</em></strong></span> <span class='ocrx_word' id='word_1_476' title='bbox 744 4551 925 4633; x_wconf 73' lang='grc' dir='ltr'><strong><em>εὑρίσκοιμεν</em></strong></span> <span class='ocrx_word' id='word_1_477' title='bbox 942 4559 1005 4615; x_wconf 73' lang='lat' dir='ltr'>lieet</span> <span class='ocrx_word' id='word_1_478' title='bbox 1021 4560 1103 4628; x_wconf 80' lang='lat' dir='ltr'><strong>Angl.</strong></span> <span class='ocrx_word' id='word_1_479' title='bbox 1121 4563 1156 4628; x_wconf 76' lang='lat' dir='ltr'><strong><em>[e.</em></strong></span> <span class='ocrx_word' id='word_1_480' title='bbox 1173 4578 1197 4614; x_wconf 79' lang='grc' dir='ltr'><strong><em>ε.</em></strong></span> <span class='ocrx_word' id='word_1_481' title='bbox 1217 4561 1259 4630; x_wconf 93' lang='grc'><strong><em>0.)</em></strong></span> <span class='ocrx_word' id='word_1_482' title='bbox 1276 4561 1347 4616; x_wconf 89' lang='lat' dir='ltr'>ohne</span> <span class='ocrx_word' id='word_1_483' title='bbox 1365 4562 1460 4618; x_wconf 84' lang='lat' dir='ltr'>Grund</span> <span class='ocrx_word' id='word_1_484' title='bbox 1480 4567 1484 4631; x_wconf 84' lang='grc' dir='ltr'>Ι</span> <span class='ocrx_word' id='word_1_485' title='bbox 1505 4563 1544 4621; x_wconf 78' lang='grc'><strong><em>88</em></strong></span> 
     </span>
     <span class='ocr_line' id='line_1_42' title="bbox 245 4639 799 4716; baseline 0.005 -18"><span class='ocrx_word' id='word_1_486' title='bbox 245 4639 286 4714; x_wconf 74' lang='grc' dir='ltr'><strong><em>δη]</em></strong></span> <span class='ocrx_word' id='word_1_487' title='bbox 305 4641 335 4699; x_wconf 80' lang='grc' dir='ltr'><strong><em>δέ</em></strong></span> <span class='ocrx_word' id='word_1_488' title='bbox 352 4643 492 4716; x_wconf 82' lang='lat' dir='ltr'><strong>Ox.Angl.</strong></span> <span class='ocrx_word' id='word_1_489' title='bbox 511 4646 545 4714; x_wconf 82' lang='grc' dir='ltr'><strong><em>(ε.</em></strong></span> <span class='ocrx_word' id='word_1_490' title='bbox 559 4663 582 4699; x_wconf 80' lang='grc' dir='ltr'><strong><em>α</em></strong></span> <span class='ocrx_word' id='word_1_491' title='bbox 595 4643 637 4714; x_wconf 90' lang='grc'><strong><em>0.)</em></strong></span> <span class='ocrx_word' id='word_1_492' title='bbox 654 4645 799 4714; x_wconf 76' lang='grc' dir='ltr'><strong><em>αοτίεἰιίίς.</em></strong></span> 
     </span>
     <span class='ocr_line' id='line_1_43' title="bbox 1288 4731 1341 4786; baseline 0 0"><span class='ocrx_word' id='word_1_493' title='bbox 1288 4731 1341 4786; x_wconf 77' lang='lat'><strong><em>25*</em></strong></span> 
     </span>
    </p>
   </div>
   <div class='ocr_carea' id='block_1_6' title="bbox 0 0 1884 5564">
    <p class='ocr_par' dir='ltr' id='par_1_6' title="bbox 0 0 1884 5564">
     <span class='ocr_line' id='line_1_44' title="bbox 0 0 1884 5564; baseline 0 0"><span class='ocrx_word' id='word_1_494' title='bbox 0 0 1884 5564; x_wconf 95' lang='lat' dir='ltr'><strong><em> </em></strong></span> 
     </span>
    </p>
   </div>
  </div>
 </body>
</html>
