3790 5526
371 568 411 631 84
908 555 1132 612 ανινννονΣ

372 720 623 810 ἁπλουστέρους
644 717 850 810 προσιόντας
872 719 960 792 κατὰ
982 718 1123 811 δύναμιν
1144 729 1187 810 τῇ
1209 727 1390 812 θεοσεβείᾳ,
1417 715 1438 808 ἡ
1460 726 1581 802 πίστις.
1624 715 1677 790 διὸ

372 829 503 912 λέγεται
528 820 620 909 παρὰ
647 828 698 912 τῷ
727 819 867 912 Παύλῳ·
903 811 953 911 ,ᾧ
980 825 1041 910 μὲν
1069 819 1131 910 γάρ
1158 820 1211 894 διὰ
1237 827 1301 892 τοῦ
1326 817 1517 908 πνεύματος
1546 823 1677 890 δίδοται

373 920 474 1012 λόγος
504 928 661 1008 σοφίας,
691 916 787 1010 άλλῳ
815 926 851 991 δὲ
882 916 982 1007 λόγος
1008 930 1013 1005 Ι
1040 920 1197 1009 γνώσεως
1232 919 1319 992 κατά
1349 917 1390 990 τὸ
1422 914 1506 988 αὐτὸ
1536 923 1677 1006 πνεῦμα,
1697 931 1749 986 640

373 1025 479 1112 ἑτέρῳ
506 1026 541 1094 δὲ
566 1028 679 1104 πίστις
705 1025 742 1092 ἐν
769 1027 819 1111 τῷ
847 1015 941 1109 αύτῷ
968 1019 1161 1110 πνεύματι.“
1204 1016 1321 1108 διόπερ
1347 1015 1388 1090 ού
1409 1017 1490 1101 τούς
1513 1011 1678 1104 τυχόντας

338 1139 354 1193 5
373 1117 485 1212 εόροις
506 1115 549 1192 ἀν
570 1116 817 1210 μετειληφότας
839 1125 900 1208 τῆς
927 1125 1041 1202 θείας
1067 1127 1211 1207 σοφίας
1237 1116 1323 1191 ἀλλὰ
1351 1117 1431 1201 τούς
1452 1113 1677 1206 ὑπερέχοντας

371 1228 427 1294 καὶ
449 1227 675 1311 διαφέροντας
695 1217 841 1291 πάντων
862 1225 936 1290 τῶν
956 1224 1199 1309 χριστιανισμῷ
1218 1215 1470 1306 προσεχόντων,
1492 1213 1570 1289 οὐδὲ
1591 1233 1677 1300 τοῖς

372 1316 741 1402 ἀπαιδευτοτάτοις
772 1313 793 1407 ἢ
825 1314 1097 1407 ἀνδραπόδοις
1124 1312 1145 1406 ἢ
1178 1313 1477 1407 ἀμαθεστάταις
1514 1321 1678 1401 διέξεισί

372 1450 424 1504 τις
446 1419 493 1492 τά
515 1426 605 1509 περὶ
627 1425 697 1510 τῆς
718 1425 831 1502 θείας
853 1425 1004 1506 σοφίας.
1742 1515 1746 1522 Ι

454 1539 538 1606 XIV.
564 1543 686 1606 Καίτοι
706 1563 742 1624 γε
764 1527 887 1618 ἀλλους
903 1539 964 1624 μέν
987 1557 1089 1624 φησιν
1113 1529 1486 1616 άπαιδευτοτάτους
1507 1534 1592 1604 εἶναι
1613 1539 1677 1603 καί

321 1652 355 1707 10
372 1631 607 1724 ἀνδράποδα
632 1641 696 1706 καὶ
722 1631 1030 1723 ἀμαθεστάτους
1057 1629 1076 1706 ό
1099 1639 1237 1718 Κέλσος,
1264 1633 1345 1717 τούς
1370 1631 1415 1722 μὴ
1437 1637 1678 1721 ἐπισταμένους

374 1733 480 1807 αὐτοῦ
500 1733 543 1806 τά
565 1730 810 1823 προστάγματα
830 1738 913 1822 μηδὲ
934 1738 1179 1816 παιδευθέντας
1201 1731 1244 1804 τά
1265 1728 1460 1822 Ἑλλήνων
1480 1729 1676 1822 μαθήματα·

288 1854 356 1908 143Γ
373 1831 466 1924 ἡμεῖς
488 1839 523 1904 δὲ
549 1830 925 1915 ἀπαιδευτοτάτους
951 1839 1062 1922 φαμὲν
1084 1831 1164 1914 τούς
1183 1830 1228 1921 μὴ
1251 1835 1507 1920 αἰσχυνομένους
1534 1841 1538 1914 Ι
1566 1836 1676 1921 ἐντῷ

372 1952 446 2018 τοῖς
470 1929 615 2021 ἀψύχοις
639 1942 842 2022 προσλαλεῖν
870 1939 926 2002 καὶ
951 1937 1028 2018 περὶ
1056 1937 1118 2020 μέν
1142 1928 1254 2020 ύγείας
1276 1929 1317 2002 τό
1339 1927 1481 2013 ἀσθενές
1502 1935 1678 2001 έπικαλου-

371 2039 492 2120 μένους
521 2039 597 2119 περὶ
626 2037 661 2102 δὲ
698 2038 786 2121 ζωῆς
817 2031 858 2102 τὸ
889 2029 1011 2120 νεκρόν
1039 2027 1219 2118 ἀξιοῦντας
1247 2037 1323 2120 περὶ
1354 2027 1384 2102 δ’
1414 2035 1605 2117 ἐπικουρίας
1635 2027 1677 2100 τὸ

322 2153 354 2206 15
373 2129 604 2220 ἀπορώτατον
629 2131 852 2213 ἱκετεύοντας.
895 2125 960 2200 κάν
987 2159 1076 2213 τινες
1103 2136 1138 2201 δὲ
1159 2129 1204 2220 μὴ
1227 2136 1335 2202 ταῦτα
1357 2137 1470 2217 φῶσιν
1491 2131 1576 2200 εἶναι
1597 2127 1678 2212 τούς

373 2231 473 2314 θεοὺς
502 2227 588 2302 ἀλλά
614 2228 787 2320 μιμήματα
815 2236 888 2301 τῶν
915 2225 1092 2318 ἀληθινῶν
1117 2226 1285 2301 κάκείνων
1312 2229 1469 2320 σύμβολα,
1499 2226 1598 2300 ούδέν
1619 2218 1678 2317 ἧτ-

373 2359 436 2402 τον
457 2338 513 2400 καί
535 2321 642 2415 οὗτοι,
670 2333 707 2400 ἐν
733 2326 910 2413 βαναύσων
936 2337 1025 2416 χερσὶ
1052 2328 1094 2400 τά
1116 2327 1287 2419 μιμήματα
1309 2335 1370 2419 τῆς
1391 2325 1574 2418 θειότητος
1596 2355 1678 2416 φαν

374 2426 553 2517 ταξάμενοι
579 2431 676 2513 είναι,
707 2425 946 2500 ἀπαίδευτοί
975 2433 1036 2498 είσι
1065 2435 1129 2498 καί
1153 2425 1385 2515 ἀνδράποδα
1410 2436 1474 2499 καί
1501 2425 1677 2517 ἀμαθεῖς·

374 2525 422 2611 ἀς
445 2528 525 2611 τούς
546 2525 706 2616 ἐσχάτους
728 2536 802 2599 τῶν
823 2532 860 2598 ἐν
881 2523 960 2617 ἡμῖν
981 2522 1200 2616 ἀπηλλάχθαι
1226 2525 1353 2617 ταύτης
1379 2533 1440 2617 τῆς
1465 2524 1679 2610 ἀπαιδευσίας

322 2648 356 2703 20
372 2634 428 2698 καὶ
451 2633 513 2716 τῆς
539 2623 699 2717 ἀμαθίας,
725 2634 781 2698 καὶ
804 2624 1079 2717 φρονιμωτάτοις
1100 2633 1136 2698 δὲ
1163 2626 1228 2717 τὴν
1248 2633 1365 2700 θείαν
1386 2631 1505 2698 ἐλπίδα
1526 2637 1678 2700 νοεῖσθαι

373 2733 429 2798 καὶ
455 2725 773 2816 καταλαμβάνεσθαί
799 2755 916 2816 φαμεν.
958 2733 1099 2817 λέγομεν
1125 2731 1161 2798 δὲ
1187 2731 1243 2798 καί
1269 2724 1330 2815 ούχ
1356 2724 1432 2798 οίόν
1458 2723 1488 2798 τ’
1520 2729 1605 2798 εἶναι
1633 2725 1678 2816 μὴ

374 2823 664 2916 ἐγγυμνασάμενον
694 2834 737 2914 τῇ
772 2823 1013 2915 ἀνθρωπίνη
1044 2835 1165 2920 σοφίη
1199 2843 1323 2915 χωρεῖν
1353 2826 1418 2916 τὴν
1446 2832 1678 2915 θειοτέραν,

373 2934 431 3048 ηαί
451 2931 606 3016 μωρίαν
627 2931 740 2998 πᾶσαν
762 2926 826 3015 τὴν
848 2922 1112 3016 ἀνθρωπίνην
1134 2931 1279 3014 σοφίαν
1300 2923 1348 3009 εός
1370 2924 1455 3014 πρὸς
1477 2925 1541 3014 τὴν
1562 2933 1680 2996 θείαν

375 3032 613 3115 ομολογοῦμεν.

322 3145 356 3200 25
457 3125 531 3197 είτα
561 3132 638 3197 δέον
669 3122 775 3198 αύτὸν
804 3121 1030 3213 ἀγωνίζεσθαι
1059 3130 1136 3212 περί
1166 3129 1229 3195 τοῦ
1259 3119 1374 3213 λόγου,
1412 3119 1431 3195 δ
1462 3129 1498 3195 δὲ
1533 3122 1678 3217 γόητας

374 3220 459 3314 ἡμᾶς
479 3236 577 3296 καλεῖ
595 3233 651 3295 καί
673 3248 775 3314 φησιν
795 3219 849 3297 ότι
872 3223 1070 3313 φεύγομεν
1091 3222 1185 3306 τούς
1205 3228 1485 3313 χαριεστέρους
1507 3253 1678 3314 προτρο-

373 3321 505 3414 πάδην
542 3322 594 3407 σός
630 3321 700 3413 ούχ
736 3324 924 3413 ἑτοίμους
960 3320 1207 3406 ἀπατᾶσθαι,
1248 3322 1473 3413 παλεύομεν
1510 3331 1549 3395 δὲ
1586 3324 1679 3407 τούς

373 3421 692 3512 ἀγροικοτέρους.
722 3419 763 3495 ού
784 3422 846 3513 γάρ
868 3425 955 3494 είδεν
977 3418 1115 3494 ἀνωθεν
1136 3429 1192 3493 καὶ
1214 3427 1249 3508 ἐξ
1270 3419 1371 3511 ἀρχῆς
1393 3429 1447 3493 καί
1463 3443 1534 3507 τοῖς
1550 3427 1680 3511 ἔξωθεν

373 3521 545 3613 μαθήμασι
584 3527 868 3611 πεπαιδευμένους
907 3523 988 3604 τοὺς
1022 3518 1101 3610 παρ’
1131 3519 1209 3612 ἡμῖν
1240 3522 1404 3610 σοφούς,
1441 3530 1590 3594 Μωῦσέα
1618 3531 1679 3614 μὲν

321 3642 356 3696 30
374 3621 484 3711 ,πάση
508 3627 703 3712 Αἰγυπτίων
725 3629 882 3713 σοφίᾳ,“
905 3621 1030 3712 Δανιὴλ
1057 3628 1092 3692 δὲ
1118 3630 1172 3691 καὶ
1193 3617 1349 3693 Ἀνανίαν
1371 3627 1425 3692 καί
1446 3619 1599 3712 Ἀζαρίαν
1623 3631 1678 3694 καὶ

458 3840 477 3895 2
500 3842 512 3894 1
531 3841 594 3894 Kor.
608 3843 648 3906 12,
660 3841 685 3895 8.
698 3841 722 3894 9.
741 3871 773 3880 -
791 3843 810 3898 θ
828 3840 892 3910 vgl.
910 3840 981 3895 oben
994 3840 1032 3894 VI
1050 3843 1091 3903 12,
1109 3839 1134 3894 S.
1146 3841 1180 3895 82
1198 3841 1224 3894 Z.
1236 3844 1268 3896 15
1278 3841 1296 3894 f.
1315 3871 1348 3880 -
1367 3841 1407 3896 28
1425 3841 1487 3912 Vgl.
1500 3844 1511 3896 1
1525 3845 1625 3908 Kor.3,
1638 3844 1679 3898 19.

373 3953 406 3964 -
424 3923 464 3980 22
484 3924 545 3992 Vgl.
563 3927 623 3980 Act„
642 3929 665 3990 7,
684 3927 724 3982 22.
743 3957 776 3966 -
794 3926 835 3982 80
853 3923 914 3995 ng
933 3925 1003 3980 Dan.
1022 3927 1046 3988 1,
1063 3927 1088 3979 4.
1106 3927 1130 3980 6.
1149 3928 1189 3979 17.
1209 3926 1249 3981 19.
1268 3927 1309 3982 20.

460 4119 496 4173 11
521 4111 558 4172 τά
580 4113 803 4189 προστάγματα]
826 4111 863 4174 τά
877 4113 883 4145 ²
896 4113 1066 4189 πράγματα,
1089 4137 1135 4173 am
1152 4118 1232 4173 Βασὰ
1255 4112 1369 4186 ἐοίμαι.
1391 4115 1427 4174 τά
1449 4115 1679 4192 προστάγματος

373 4201 409 4270 ((1.
428 4201 456 4255 h.
478 4195 514 4256 τά
536 4198 750 4274 προστάγματα
772 4203 825 4258 soll
847 4221 883 4257 an
906 4203 991 4258 Stella
1013 4221 1067 4258 von
1089 4199 1126 4259 τά
1143 4199 1302 4275 πράγματα
1320 4203 1470 4273 eingesetzt
1487 4205 1604 4268 werden,
1623 4221 1680 4258 was

373 4286 419 4340 ich
436 4285 480 4339 fiir
497 4286 600 4356 richtig
616 4287 701 4356 halte)
719 4287 749 4354 P,
773 4282 866 4356 οἶμαι,
883 4285 918 4343 τά
936 4283 1150 4359 προστάγματα
1169 4289 1228 4345 Del.
1248 4289 1408 4354 fehlerhast3
1428 4283 1463 4344 τά
1481 4285 1638 4360 πράγματα
1656 4291 1680 4342 A

374 4369 473 4442 Husp.
499 4372 503 4437 Ι
528 4387 576 4424 vor
587 4365 731 4440 Ἑλλήνων
747 4379 780 4436 -Ι-
797 4379 856 4427 τῶν
872 4371 959 4427 PDel.
984 4375 988 4440 Ι
1011 4373 1049 4429 14
1067 4367 1094 4428 δ’
1111 4376 1136 4427 Α
1154 4372 1184 4428 δέ
1201 4373 1336 4444 MAusgg.
1352 4377 1356 4443 Ι
1374 4375 1411 4430 15
1430 4368 1622 4444 ἀπορώτατον
1639 4373 1681 4428 11²

373 4457 475 4523 Ausgg.
498 4448 692 4526 άπειράτατον
713 4457 738 4510 A
761 4457 766 4525 Ι
789 4463 884 4526 φιῦσιν
906 4458 949 4511 11²
971 4457 1056 4512 durch
1075 4459 1228 4527 Conjeetur,
1246 4477 1336 4528 φασιν
1353 4459 1485 4528 AAuugg.
1509 4460 1513 4526 Ι
1539 4459 1576 4514 16
1598 4453 1681 4526 μιμὴ·

373 4555 451 4607 ματα
474 4545 532 4594 τῶν
550 4539 673 4595 schreibe
696 4539 741 4594 ich
759 4541 811 4595 mit
828 4543 875 4596 Bo.
894 4542 993 4611 (Notae
1010 4559 1036 4612 p.
1053 4544 1128 4613 394),
1148 4543 1197 4598 der
1215 4542 1679 4612 ausserdem,dochwenigergu1,

373 4618 525 4700 μιμήματα
542 4627 620 4680 θεῶν
637 4628 785 4688 varmum,
805 4621 978 4696 μιμημάτων
994 4627 1126 4697 AAusgg.
1142 4629 1147 4696 Ι
1162 4628 1200 4683 21
1221 4644 1271 4682 vor
1289 4625 1452 4698 λέγομεν-Ι·
1463 4621 1498 4682 οὐ
1514 4627 1677 4698 ΜίΔαεςςΙ

374 4724 413 4780 22
433 4719 687 4794 ένγνμνασάμενον
706 4727 728 4780 Α
744 4729 748 4796 Ι
768 4727 805 4783 27
825 4712 969 4796 άλεύομεν
987 4729 1035 4798 [so]
1055 4733 1100 4784 Δί.
