3772 5526
350 433 390 494 22
900 427 1123 483 ΩΡΙΓΕΝΟΥΣ

352 595 458 685 μένην
479 597 718 677 Σωφρονίσκφ
754 587 859 660 πάλιν
895 575 1002 663 αὐτὸν
1038 589 1218 682 γεννήσειν.
1269 584 1333 662 κάν
1366 589 1411 679 μή
1448 585 1661 677 ὀνομάςωσιν

354 682 418 762 οῦν
440 692 476 762 τί
505 695 566 778 τῆς
588 685 804 771 ἀναστάσεως
826 685 950 781 ὄνομα,
972 692 1014 764 τὸ
1037 688 1173 781 πρᾶγμά
1194 717 1230 779 γε
1253 695 1421 781 δηλοῦσιν,
1444 683 1499 761 ότι
1521 686 1661 777 Σωκρά-

354 819 417 880 της
445 786 514 862 ἀπὸ
543 785 745 877 σπερμάτων
775 785 959 880 ἀρξάμενος
985 788 1209 881 ἀναστήσεται
1235 797 1308 860 τῶν
1330 795 1581 877 Σωφρονίσκον
1606 795 1661 860 καί

355 895 391 960 έν
420 897 463 978 τῇ
488 885 611 980 ῦστέρᾳ
640 895 849 978 Φαιναρέτης
876 888 1164 980 διαπλασθήσεται
1190 896 1245 960 καὶ
1272 885 1477 976 ἀνατραφεὶς
1502 884 1662 976 Ἀθήνησι

321 985 592 1078 ὅφιλοσοφήσει,
624 991 728 1058 οἱονεὶ
755 993 811 1060 καὶ
842 995 903 1079 τῆς
929 986 1100 1079 πρότερον
1127 997 1332 1076 φιλοσοφίας
1360 984 1582 1075 ἀνισταμένης
1608 991 1663 1055 καὶ

356 1084 483 1175 ὁμοίως
516 1084 782 1176 ἀπαραλλάκτου
817 1095 860 1176 τῇ
895 1094 1045 1180 προτέρᾳ
1081 1093 1247 1178 ἐσομένης.
1289 1096 1346 1158 καὶ
1369 1083 1510 1169 Ἄνυτος
1541 1091 1577 1156 δὲ
1609 1094 1664 1154 καὶ

356 1193 513 1277 Μέλητος
535 1183 782 1275 ἀναστήσονται
796 1185 901 1258 πάλιν
916 1186 1124 1276 Σωκράτους
1138 1187 1334 1276 κατήγοροι,
1357 1195 1412 1257 καὶ
1428 1183 1448 1276 ἡ
1464 1190 1498 1272 ἐξ
1516 1195 1521 1272 Ι
1540 1180 1665 1273 Ἀρείου
1686 1197 1744 1252 593

356 1285 468 1376 πάγου
496 1286 602 1375 ’βουλὴ
632 1284 893 1358 καταδικάσεται
922 1287 986 1360 τὸν
1007 1285 1209 1377 Σωκράτην.
1251 1287 1293 1357 τὸ
1322 1292 1358 1357 δὲ
1380 1285 1516 1358 τούτων
1538 1280 1665 1373 γελοιό-

357 1415 467 1474 τερον,
492 1385 534 1457 τά
557 1383 801 1473 ἀπαράλλακτα
822 1383 938 1474 ίμάτια
959 1405 1033 1468 τοῖς
1055 1385 1103 1470 οῦς
1123 1385 1210 1476 πρός
1233 1386 1297 1476 τήν
1317 1392 1490 1475 προτέραν
1504 1391 1665 1470 περίοδον

308 1499 341 1552 16
358 1483 546 1574 Σωκράτης
574 1483 762 1568 ἐνδύσεται,
789 1490 825 1555 έν
851 1482 1103 1575 άπαραλλάκτῳ
1130 1495 1228 1578 πενίᾳ
1248 1494 1306 1557 καὶ
1328 1482 1581 1573 ἀπαραλλάκτρι
1603 1478 1666 1552 πό-

360 1598 410 1656 λει
441 1603 514 1666 ταῖς
540 1580 698 1671 Ἀθήναις
728 1591 771 1672 τῇ
801 1585 889 1670 πρός
920 1583 984 1673 τήν
1012 1590 1182 1672 προτέραν
1212 1591 1373 1672 περίοδον
1404 1581 1568 1672 ἐσόμενος.
1611 1589 1665 1652 καὶ

362 1681 511 1771 Φάλαρις
546 1689 607 1772 μὲν
643 1683 843 1772 τυραννήσει
877 1681 994 1768 πάλιν,
1025 1680 1044 1755 ό
1074 1689 1109 1753 δὲ
1136 1683 1277 1772 χάλκεος
1306 1681 1412 1755 αῦτοῦ
1441 1689 1565 1770 ταῦρος
1595 1689 1666 1751 τῶν

361 1779 636 1872 ἀπαραλλάκτων
663 1790 706 1870 τῇ
731 1789 881 1874 προτέρᾳ
912 1779 1111 1871 ἀνθρώπων
1131 1780 1282 1873 περιόδῳ
1304 1788 1589 1870 κατακριθέντων
1609 1809 1665 1868 μιν

361 1881 496 1972 κήσεται
523 1878 591 1952 ἀπὸ
618 1887 681 1970 τῆς
707 1889 780 1952 τιῦν
808 1885 907 1953 ἔνδον
934 1889 1061 1971 φωνής.
1102 1878 1316 1970 Ἀλέξανδρός
1338 1911 1376 1953 τε
1399 1879 1417 1953 ὁ
1443 1891 1584 1970 Φεραίας
1605 1877 1667 1950 πά-

277 1993 344 2048 123Ι
361 1991 415 2053 λιν
438 1979 650 2069 τυραννήσει,
678 1979 742 2070 τήν
764 1978 1027 2069 ἀπαράλλακτον
1050 1985 1137 2070 έχων
1158 1979 1322 2070 ω’μότητα
1347 1990 1352 2068 Ι
1375 1989 1418 2069 τῇ
1439 1987 1590 2072 προτέρᾳ
1612 1985 1667 2050 καὶ

362 2081 442 2162 τοῦς
471 2077 753 2168 ἀπαραλλάκτους
781 2082 1017 2168 καταδικάζων
1046 2079 1094 2163 ιῦς
1121 2090 1177 2151 καὶ
1210 2081 1291 2164 τοῦς
1319 2087 1516 2170 προτέρους.
1558 2087 1613 2149 καὶ
1637 2085 1669 2147 τί

361 2211 401 2270 με
423 2186 473 2252 δεῖ
491 2185 688 2267 καταλέγειν
710 2181 751 2250 τὸ
778 2187 853 2268 περὶ
877 2189 949 2251 τῶν
972 2180 1143 2252 τοιοῦτων
1165 2177 1271 2270 δόγμα
1293 2199 1365 2263 τοῖς
1385 2177 1454 2251 ἀπό
1476 2187 1536 2269 τής
1555 2185 1669 2260 Στοᾶς

361 2284 685 2367 πεφιλοσοφημένσν
706 2285 761 2348 καὶ
783 2278 827 2368 μή
850 2280 1043 2367 γελώμενον
1063 2277 1130 2351 ῦπό
1155 2285 1285 2352 Κέλσου
1306 2278 1392 2351 ἀλλὰ
1415 2277 1500 2369 τάχα
1521 2287 1573 2349 καὶ
1599 2303 1671 2363 σεμ-

362 2375 559 2467 νυνόμενον,
583 2382 653 2448 ἐπεὶ
680 2382 774 2448 δοκεῖ
793 2374 887 2467 αὐτῷ
910 2374 929 2448 ὁ
953 2378 1076 2468 Ζήνων
1098 2387 1161 2451 τοῦ
1183 2377 1286 2468 Ἰησοῦ
1308 2381 1393 2450 εἶναι
1416 2379 1629 2466 σοφώτερος;

312 2493 346 2548 20
446 2482 528 2547 XXI.
565 2483 630 2546 Καὶ
662 2481 694 2548 ολ
721 2473 789 2548 ἀπὸ
817 2485 879 2547 τοῦ
906 2475 1112 2567 Πυθαγόρου
1137 2486 1173 2549 δὲ
1199 2485 1253 2549 καὶ
1275 2477 1464 2560 Πλάτωνος
1490 2481 1518 2549 εί
1539 2484 1594 2547 καὶ
1617 2481 1670 2546 δο-

363 2583 490 2648 καῦσιν
511 2571 697 2664 ἄφθαρτον
728 2595 845 2665 τηρεῖν
875 2575 939 2648 τόν
968 2575 1109 2668 κόσμον,
1141 2575 1227 2650 ἀλλὰ
1259 2597 1332 2661 τοῖς
1358 2584 1604 2666 παραπλησίοις
1635 2603 1671 2664 γε

365 2683 614 2762 περιπίπτουσι
657 2683 730 2746 τῶν
760 2674 823 2764 γάρ
855 2672 1007 2765 ἀστέρων
1034 2675 1124 2749 κατά
1151 2707 1246 2760 τινας
1267 2674 1445 2764 περιόδους
1466 2683 1671 2765 τεταγμένας

365 2773 445 2855 τοῦς
471 2770 595 2856 αῦτοῦς
621 2775 867 2864 σχηματισμοὺς
894 2785 950 2847 καί
972 2784 1095 2865 σχέσεις
1115 2777 1201 2866 πρὸς
1223 2774 1391 2866 ἀλλήλους
1414 2773 1669 2865 λαμβανόντων,

365 2870 480 2944 πάντα
509 2872 552 2943 τὰ
583 2879 638 2944 έπὶ
668 2880 728 2964 γῆς
759 2869 883 2961 ὁμοίως
910 2879 996 2964 ἔχειν
1023 2885 1104 2963 φασὶ
1131 2897 1202 2960 τοῖς
1230 2871 1288 2948 ότε
1311 2875 1351 2947 τὸ
1375 2875 1459 2947 αὐτὸ
1482 2882 1589 2964 σχῆμα
1611 2880 1672 2963 τῆς

315 2988 348 3043 25
366 2977 508 3061 σχέσεως
538 2980 611 3043 τῶν
643 2970 797 3062 ἀστέρων
826 2995 992 3063 περιεῖχεν
1024 2971 1043 3047 ό
1072 2973 1205 3064 κόσμος.
1249 2972 1377 3064 ἀνάγκη
1404 2981 1522 3046 τοίνυν
1552 2987 1554 3058 Ι
1585 2972 1671 3044 κατὰ
1693 2991 1745 3046 694

366 3078 494 3144 τοῦτον
525 3072 587 3142 τὸν
617 3069 722 3161 λόγον
751 3079 825 3144 τοῦν
851 3071 1004 3164 ἀστέρων
1026 3079 1063 3146 έκ
1084 3083 1212 3165 μακρᾶς
1233 3073 1395 3164 περιόδου
1416 3071 1596 3147 ἐλθόντων
1618 3079 1673 3144 ίπὶ

367 3171 431 3262 τήν
466 3169 574 3261 αῦτήν
609 3178 720 3260 σχέσιν
755 3173 842 3262 πρὸς
877 3171 1061 3262 ἀλλήλους,
1098 3171 1222 3246 ὁποίαν
1259 3178 1349 3263 είχον
1375 3178 1430 3245 ἐπὶ
1457 3171 1672 3263 Σωκράτους,

366 3269 472 3343 πάλιν
492 3272 664 3362 Σωκράτη
685 3279 843 3361 γενέσθαι
865 3279 902 3344 ἐκ
924 3282 998 3346 τῶν
1020 3273 1137 3346 αῦτοῦν
1158 3283 1214 3346 καὶ
1237 3273 1279 3345 τά
1303 3270 1388 3345 αῦτά
1410 3284 1545 3347 παθεῖν,
1573 3300 1673 3360 κατη-

454 3424 492 3478 12
516 3423 578 3493 Vgl.
596 3424 699 3479 Diodor
721 3427 759 3479 IX
777 3429 817 3482 20.
844 3425 910 3480 XIII
927 3428 968 3482 90.
994 3427 1045 3481 XX
1064 3430 1104 3482 71.
1135 3428 1237 3482 XXXII
1261 3431 1293 3482 25
1320 3445 1346 3480 ιι.
1369 3427 1440 3480 oben
1465 3425 1505 3480 IV
1527 3428 1567 3488 67,
1591 3427 1602 3478 I
1625 3427 1674 3480 337

369 3509 396 3562 Ζ.
415 3512 456 3563 15.
474 3539 508 3548 -
527 3509 565 3564 19
584 3508 646 3578 Vgl.
665 3513 749 3564 unten
769 3510 835 3564 VII
857 3529 881 3564 α.
893 3513 925 3565 A.
944 3542 977 3550 -
996 3512 1034 3567 21
1054 3512 1117 3581 Vgl.
1136 3512 1168 3565 Η.
1181 3511 1263 3579 Diels,
1281 3512 1399 3580 Doxogr.
1412 3529 1452 3577 gr.
1464 3529 1489 3581 p.
1503 3513 1580 3571 2912.
1593 3514 1625 3566 24
1636 3527 1675 3578 sq.

369 3587 448 3656 320³,
466 3595 500 3647 22
508 3609 568 3661 sqq.
587 3593 610 3654 b,
623 3596 656 3648 29
665 3610 724 3660 sqq.
748 3595 799 3648 330
805 3607 828 3658 ὓ,
841 3599 873 3652 15
886 3613 943 3664 sqq.
967 3599 1025 3660 567,
1038 3598 1070 3652 25
1081 3613 1119 3664 sq.
1137 3599 1196 3660 609,
1210 3600 1241 3649 14
1252 3614 1291 3664 sq.
1305 3627 1337 3635 -
1350 3596 1388 3650 22
1403 3595 1465 3665 Vgl.
1480 3595 1567 3658 Plato,
1577 3595 1674 3648 Pbudr.

369 3679 432 3748 Gap.
452 3677 567 3731 XXVIII
584 3696 622 3746 sq.
643 3697 668 3749 p.
687 3681 744 3734 248.
768 3680 826 3735 249.
864 3679 917 3734 Res
938 3681 1012 3751 publ.
1035 3681 1060 3734 X
1083 3685 1115 3737 16
1137 3699 1162 3751 p.
1186 3682 1328 3736 619-621.
1357 3680 1425 3734 Vim.
1444 3679 1510 3749 Cap.
1529 3681 1566 3732 III
1591 3697 1615 3748 p.
1635 3680 1675 3731 22.

368 3763 437 3816 Tim.
460 3763 537 3817 Locr.
561 3763 625 3833 Cap.
648 3763 725 3817 XVII
746 3781 771 3834 p.
791 3765 924 3820 104105.
951 3796 985 3806 -
1011 3766 1048 3822 27
1077 3765 1139 3835 vgl.
1161 3765 1272 3828 Τείίαο,
1296 3768 1363 3818 orat.
1386 3765 1421 3818 ad
1441 3764 1535 3818 Graec.
1555 3764 1619 3834 Cap.
1638 3763 1676 3816 III

370 3848 432 3916 (vol.
451 3848 489 3900 VI
507 3864 532 3916 p.
551 3848 591 3900 12.
611 3851 643 3902 14
661 3849 702 3902 ed.
720 3847 793 3914 otto,
812 3866 837 3920 p.
855 3851 871 3903 3
889 3850 930 3904 ed.
944 3848 1093 3919 Schwartz)
1110 3869 1136 3904 u.
1149 3851 1221 3904 oben
1238 3849 1275 3903 IV
1294 3851 1334 3904 67.
1353 3850 1394 3904 68.
1418 3848 1441 3902 V
1461 3850 1501 3903 20.
1514 3879 1547 3886 -
1561 3848 1600 3904 28
1615 3847 1675 3916 Vgl.

370 3932 441 3987 oben
459 3931 484 3986 V
503 3933 543 3996 20,
562 3931 587 3986 S.
606 3933 638 3987 21
657 3932 683 3989 Ζ.
701 3934 771 3988 28ff.

455 4068 473 4124 2
496 4061 532 4124 τὸ
550 4071 670 4138 πρᾶγμα
688 4069 817 4140 ΑΗ6.6ρ.
835 4075 877 4144 τῷ
894 4067 1044 4142 πράγματί
1059 4070 1149 4125 PDeI.
1174 4071 1178 4138 Ι
1201 4070 1219 4124 4
1241 4065 1487 4137 διαπλασθήσεται
1510 4067 1555 4122 Jol
1564 4066 1623 4122 Del.
1642 4069 1678 4121 δι-

370 4148 622 4222 πλασιασθήσεται
639 4153 766 4224 ΑΗ6.θρ.
782 4155 786 4222 Ι
802 4155 821 4210 6
839 4157 874 4224 τῇ
890 4153 1021 4230 προτέρᾳ
1039 4155 1103 4210 lieet
1121 4155 1179 4210 Del.
1190 4155 1213 4224 (I
1225 4155 1276 4210 592
1286 4156 1365 4207 Anm.
1379 4153 1403 4222 f)
1423 4153 1475 4206 mit
1488 4151 1571 4206 Guiet
1583 4169 1609 4206 u.
1622 4153 1679 4216 Bo.,

371 4239 426 4308 vgl.
439 4226 510 4292 obdu
528 4237 566 4292 IV
584 4239 625 4301 68,
643 4238 656 4290 I
673 4237 724 4293 338
741 4237 767 4292 Z.
780 4241 825 4302 12;
842 4243 892 4308 τῆς
908 4239 1053 4310 προτέρας
1064 4241 1195 4308 AAusgg.
1208 4238 1246 4292 im
1258 4238 1327 4292 Text
1343 4239 1346 4304 Ι
1362 4238 1376 4291 λ
1393 4235 1509 4304 μέλιτος
1521 4237 1654 4304 AAusgg.
1674 4238 1677 4299 Ι

373 4323 411 4379 12
432 4317 557 4391 χάλκεος
573 4321 611 4374 im
629 4321 709 4387 I'exI,
726 4317 866 4392 χάλκαιος
883 4339 926 4378 am
945 4325 1024 4378 Rand
1042 4325 1081 4377 Δί
1105 4325 1109 4391 Ι
1133 4324 1173 4379 14
1192 4316 1283 4391 ένδονΙ
1303 4315 1390 4378 ένδων
1409 4323 1508 4390 Ausgg.
1533 4321 1537 4388 Ι
1561 4313 1681 4385 Ἀλέξαν-

374 4402 450 4478 δρόςΙ
470 4407 537 4461 Iiber
554 4409 570 4460 λ
589 4407 676 4460 Rum-
692 4407 716 4459 A
732 4409 736 4476 Ι
754 4407 888 4478 Φεραῖος]
907 4427 921 4464 ε
940 4409 1046 4463 εοΙιείυΙ
1063 4426 1112 4462 aus
1130 4427 1147 4478 η
1165 4424 1232 4463 corr.
1251 4409 1275 4460 A
1291 4409 1294 4474 Ι
1310 4406 1348 4461 16
1371 4400 1613 4476 ἀπαράλλακτους
1630 4405 1655 4456 Α
1676 4405 1679 4469 Ι

375 4495 412 4550 18
435 4493 541 4556 otfxaz
565 4483 606 4560 μὴ
631 4485 796 4561 γελώμενον
822 4485 877 4548 ίπό
897 4491 1011 4548 Κέλσου
1038 4487 1109 4548 ἀλλά
1136 4487 1207 4562 τάχα
1232 4494 1281 4547 καί
1306 4485 1520 4558 σεμνυνόμενον
1537 4506 1582 4542 am
1601 4486 1680 4540 Rand

374 4579 579 4647 naehgetragen
597 4580 634 4632 Δ2
649 4580 652 4644 Ι
669 4577 707 4635 23
726 4593 775 4631 vor
792 4571 896 4642 αὐτοὺς
914 4578 958 4632 ein
976 4579 1085 4635 Buchst.
1100 4577 1252 4633 austadiert
1269 4579 1301 4630 A.
