3772 5526
600 525 701 582 τινα
726 527 886 581 τεκνον
909 526 934 584 v
960 527 1000 583 30.
1019 525 1060 579 31.
1078 525 1119 580 32.
1469 529 1507 592 33

204 681 299 773 αὐτῷ
330 679 444 775 ῶσπερ
475 688 507 758 οἱ
537 682 643 759 ἄλλοι.
686 695 840 772 βλεπέτω
869 685 902 757 δ’
925 683 944 758 ό
971 685 1155 776 δυνάμενος
1181 682 1229 770 ῶς
1251 691 1287 758 ἐν
1309 681 1508 773 ἀνθρώποις
1524 701 1574 756 Ph.
1584 703 1683 771 185,11

203 787 240 854 ἐν
266 792 308 872 τῇ
334 783 474 856 τούτων
497 793 653 880 πολιτείᾳ
680 797 754 859 τῶν
777 793 992 876 τεταγμένων
1012 786 1099 857 κατὰ
1120 785 1186 875 τήν
1208 791 1434 875 διαφέρουσαν
1454 814 1507 875 με·

204 889 279 972 ρίδα
305 891 357 973 τῶ
383 891 487 975 κυρίῳ
516 892 690 976 γινομένας
712 884 887 976 ἁμαρτίας,
913 884 1083 974 πρότερον
1107 893 1168 973 μὲν
1193 882 1335 966 ἀνεκτὰς
1360 893 1417 956 καὶ
1439 915 1507 957 τοι·

204 981 317 1068 αότας,
340 981 387 1067 ῶς
408 983 453 1074 μή
474 983 588 1073 πάντῃ
610 982 723 1072 ἀξίους
745 987 831 1058 εἱναι
852 982 974 1068 αὐτοὺς
997 991 1059 1055 τοῦ
1081 990 1391 1074 ἐγκαταλείπεσθαι,
1412 979 1507 1057 όστε-

170 1103 186 1156 ι’)
204 1111 267 1171 ρον
289 1089 325 1155 δὲ
346 1091 506 1168 πλείονας
527 1091 588 1176 μὲν
609 1082 682 1156 ἀλλ’
699 1091 749 1157 ἐτι
770 1082 925 1168 ἀνεκτός·
947 1092 1002 1156 καὶ
1024 1081 1119 1156 τοῦτ’
1142 1088 1198 1156 ἐπὶ
1218 1091 1360 1156 πλείονα
1381 1081 1508 1172 χρόνον

205 1190 298 1253 νοῶν
325 1181 505 1273 γινόμενον
529 1193 585 1258 καὶ
610 1183 661 1258 ἀεὶ
687 1193 874 1276 θεραπείαν
899 1191 1156 1274 προσαγομένην
1182 1191 1238 1255 καὶ
1260 1187 1297 1254 ἐκ
1319 1181 1508 1273 διαλειμμά-

205 1311 277 1353 των
308 1282 453 1368 τούτους
484 1289 768 1373 ἐπιστρέφοντας,
798 1279 915 1374 ὁράτω
943 1280 1066 1367 αὐτοὺς
1091 1288 1399 1371 καταλειπομένους
1419 1282 1508 1354 κατὰ

204 1381 268 1470 τήν
294 1379 479 1474 ἀναλογίαν
507 1391 580 1456 τῶν
606 1381 896 1474 ἁμαρτανομένων
923 1401 996 1466 τοῖς
1018 1389 1157 1470 λαχοῦσι
1179 1381 1240 1465 τὰς
1262 1377 1365 1466 ἄλλας
1385 1382 1507 1472 χώρας,

119 1496 168 1549 131
203 1478 371 1569 πρότερον
401 1489 463 1571 μὲν
492 1487 547 1555 ἐπὶ
571 1487 582 1572 ΙΙ
607 1482 648 1555 τό
680 1485 826 1554 έλαττον
856 1480 979 1565 αὐτοὺς
1009 1488 1242 1564 κολασθέντας
1267 1487 1322 1551 καὶ
1349 1488 1508 1564 τίσαντας
1525 1494 1576 1548 601

154 1595 186 1648 10
203 1585 312 1668 δίκην,
343 1579 488 1670 ῶσπερεὶ
513 1587 774 1666 παιδευθέντας,
801 1588 1002 1654 ἐπανελθεῖν
1029 1585 1074 1664 είς
1096 1581 1139 1652 τὰ
1161 1587 1278 1652 οἰκεῖα·
1306 1575 1451 1665 ὕστερον
1472 1585 1507 1650 δὲ

202 1685 355 1759 βλεπέτω
379 1676 503 1762 αὐτοὺς
523 1686 810 1771 παραδιδομένους
835 1687 1087 1770 χαλεπωτέροις
1112 1676 1281 1770 ἄρχουσιν,
1300 1677 1349 1763 ῶς
1370 1674 1413 1750 όν
1432 1674 1509 1750 όνο-

202 1774 341 1864 μάσαιεν
365 1782 398 1849 αἱ
419 1785 556 1867 γραφαὶ,
572 1775 751 1870 Ἀσσυρίοις
773 1782 845 1851 είτα
864 1786 1106 1862 Βαβυλωνίοις.
1149 1782 1221 1850 εἶτα
1242 1785 1508 1868 προσαγομένων

204 1884 399 1963 θεραπειῶν
426 1873 541 1965 δράτω
567 1877 713 1961 τούτους
739 1875 838 1950 οὐδὲν
863 1869 972 1966 ήττον
995 1873 1161 1963 αὔξοντας
1183 1877 1225 1949 τὰ
1247 1874 1508 1966 ἁμαρτανόμενα

203 1983 258 2044 καὶ
291 1975 344 2046 διὰ
375 1973 469 2047 τοῦτ’
492 1981 787 2066 ἐπισπειρομένους
816 1974 884 2048 όπό
915 1985 988 2047 τῶν
1015 1973 1276 2064 διαρπαζόντων
1302 1972 1425 2058 αὐτοὺς
1450 1971 1507 2064 ἆρ-

154 2087 186 2140 15
202 2069 341 2161 χόντων
362 2083 436 2147 τῶν
457 2083 592 2146 λοιπῶν
613 2080 728 2146 ἐθνῶν
750 2094 822 2159 ταῖς
844 2071 960 2158 όιλλαις
981 2082 1117 2164 μερίσιν.
1161 2071 1180 2145 ὁ
1203 2071 1236 2144 δ’
1252 2071 1367 2163 ἄρχων
1389 2071 1507 2145 αότῶν

203 2175 358 2262 ἐπίτηδες
379 2172 565 2263 παρορότω
588 2179 874 2266 διαρπαζομένους
895 2171 1019 2256 αὐτοὺς
1040 2170 1107 2245 όπὸ
1129 2181 1203 2244 τῶν
1225 2179 1262 2245 ἐν
1284 2191 1356 2257 τοῖς
1375 2185 1508 2256 λοιποῖς

204 2275 339 2344 ἔθνεσιν
360 2270 552 2363 ἀρχόντων·
581 2278 637 2344 λ’να
662 2283 718 2344 καὶ
741 2270 843 2356 αὐτὸς
865 2269 1021 2361 εὐλόγως,
1044 2271 1188 2361 ῶσπερεὶ
1210 2271 1332 2344 ἑαυτὸν
1353 2277 1507 2356 ἐκδικῶν,

203 2373 318 2455 λαβῶν
344 2377 498 2458 ἐξουσίαν
524 2369 717 2444 ἀποσπάσαι
746 2380 819 2443 τῶν
845 2379 979 2444 λοιπῶν
1000 2375 1116 2443 ἐθνῶν
1141 2368 1203 2456 σός
1227 2365 1270 2443 όίν
1291 2370 1441 2461 δύνηται,
1464 2370 1507 2444 τό

203 2477 343 2543 τοιοῦτσ
368 2470 492 2561 ποιήσῃ
517 2478 572 2542 καὶ
598 2469 722 2561 νόμους
747 2501 786 2543 τε
808 2468 924 2554 αὐτοῖς
946 2477 1052 2560 θῆται
1073 2477 1128 2542 καὶ
1150 2477 1225 2556 βίον
1245 2468 1404 2560 όποδείξη
1426 2469 1506 2543 καθ’

151 2584 185 2638 20
203 2564 244 2640 όν
264 2577 422 2656 βιωτέον·
453 2575 507 2642 ίνα
530 2569 653 2655 αὐτοὺς
674 2568 824 2660 όναγάγη
846 2573 901 2642 ἐπὶ
924 2577 1031 2654 τέλος,
1053 2567 1106 2657 ἐφ’
1130 2565 1212 2661 ὅπερ
1235 2567 1337 2660 ἀνῆγε
1359 2571 1439 2653 τούς
1460 2570 1506 2660 μή

202 2665 460 2758 ἁμαρτάνοντας
481 2667 550 2742 ἀπὸ
572 2676 636 2742 τοῦ
656 2675 826 2759 προτέρου
847 2673 977 2752 ίθνους.

285 2773 412 2840 XXXII.
449 2778 515 2840 Καὶ
543 2767 597 2841 διό
628 2768 756 2842 τούτου
784 2775 1055 2858 μανθανέτωσαν
1083 2773 1116 2840 σί
1142 2767 1322 2860 δυνάμενοι
1348 2769 1391 2841 τὰ
1415 2781 1505 2861 τηλι-

201 2873 310 2938 καῦτα
332 2873 469 2952 βλέπειν
497 2863 551 2940 ότι
576 2876 696 2958 πολλῷ
725 2868 965 2955 δυνατώτερος
990 2863 1009 2939 ό
1032 2871 1146 2956 λαγῶν
1168 2869 1248 2951 τούς
1269 2866 1439 2958 πρότερον
1460 2869 1506 2959 μή

203 2963 440 3058 ἡμαρτηκότας
466 2976 540 3039 τῶν
570 2975 703 3054 λοιπῶν
733 2972 837 3039 ἐστιν·
868 2973 939 3038 ἐπεὶ
969 2967 1147 3055 δεδύνηται
1177 2965 1245 3039 ἀπὸ
1272 2975 1333 3057 τῆς
1358 2966 1506 3040 πάντων

150 3089 183 3143 25
200 3072 334 3155 μερίδος
359 3072 555 3149 ἐπιλέκτους
580 3068 695 3153 λοβῶν
722 3062 911 3156 ιίποστήσαι
943 3073 1004 3155 μὲν
1036 3063 1159 3149 αὐτοὺς
1189 3075 1262 3138 τῶν
1288 3073 1344 3138 ἐπὶ
1369 3065 1506 3139 κολάσει

200 3162 480 3255 παρειληφότων,
511 3185 734 3256 προσαγαγεῖν
766 3172 802 3237 δέ
836 3163 953 3255 νόμοις
986 3173 1042 3235 καὶ
1072 3173 1134 3254 βίῳ
1166 3173 1427 3255 συμβαλλομένῳ
1460 3173 1506 3248 είς

200 3261 388 3354 ἀμνηστίαν
410 3271 483 3335 τῶν
503 3272 820 3355 προημαρτημένων
834 3263 958 3349 αὐτοῖς.
987 3261 1070 3350 ἀλλ’,
1093 3263 1141 3348 ῶς
1155 3272 1374 3355 προείπομεν,
1397 3272 1507 3337 ταῦτα

201 3360 279 3453 ήμῑν
308 3369 597 3454 ἐπικεκρυμμένως
627 3371 792 3453 λελέχθω,
821 3371 1024 3452 παριστᾶσιν
1055 3355 1106 3434 ῶν
1137 3362 1359 3454 παρήκουσαν
1385 3369 1417 3436 οἱ
1444 3363 1506 3454 φή-

200 3487 321 3546 σαντες
352 3462 399 3534 τόι
428 3470 524 3554 μέρη
554 3470 624 3553 τῆς
650 3469 719 3553 γῆς
746 3467 785 3549 ἐξ
806 3460 926 3553 όρχής
947 3459 1047 3535 ἄλλα
1069 3459 1207 3547 ἄλλοις
1228 3461 1423 3546 ἐπόπταις
1445 3493 1505 3535 νε-

149 3587 182 3642 30
200 3569 418 3652 νεμημένα,
457 3560 559 3634 κατά
603 3591 716 3645 τινας
758 3567 1016 3652 ἐπικρατείας
1060 3569 1333 3652 διειλημμένα,
1377 3561 1504 3651 ταότη

285 3743 322 3798 27
342 3741 405 3812 Vgl.
424 3742 495 3796 oben
513 3742 537 3794 V
556 3743 598 3806 29.
615 3742 641 3796 S.
659 3743 690 3796 31
709 3742 735 3796 Ζ.
754 3743 794 3796 13.

284 3910 299 3965 1
325 3902 360 3979 δ’]
380 3905 409 3963 δέ
428 3910 455 3963 Φ
470 3912 474 3978 Ι
494 3909 511 3963 2
528 3907 731 3980 διαφέρουσαν]
751 3903 957 3980 οίναφέρουσαν
972 3907 1025 3962 Ρπί
1043 3911 1047 3976 Ι
1068 3910 1087 3965 θ
1105 3908 1258 3980 γινομένας
1275 3908 1404 3978 ΑΗο.8ρ.
1422 3925 1505 3977 γενο-

197 3993 286 4062 μένας
306 3994 332 4047 Φ
350 3993 484 4048 Del.Rob.
500 3993 539 4056 14
562 3995 623 4064 τοῦ]
642 4000 659 4049 ῦ
675 3994 705 4046 in
725 3993 867 4048 eorreotur
883 3997 908 4048 A
923 3995 927 4062 Ι
942 3996 959 4049 5
977 3989 1065 4064 τοῖέ]
1084 3999 1171 4050 τοῦτο
1192 3995 1219 4047 Φ
1234 3997 1238 4061 Ι
1253 3995 1272 4049 θ
1290 3986 1334 4062 τό]
1353 3997 1405 4047 τῶι
1422 3991 1504 4046 ΑΗὸ.

197 4079 239 4149 Sp.
266 4079 270 4145 Ι
295 4077 332 4133 11
360 4076 607 4149 παραδιδομένους
628 4079 759 4133 mol).
781 4076 1031 4148 παραδεδομένους
1054 4079 1185 4148 VAusgg.
1209 4081 1214 4145 Ι
1238 4077 1276 4133 12
1304 4070 1433 4148 ἀσυρίοις
1454 4093 1505 4130 aus

197 4157 333 4233 οἷονρίους
350 4177 417 4215 corr.
436 4164 479 4230 ΑΙ
498 4163 536 4217 14
554 4157 679 4218 διατοῦτ’
696 4164 720 4216 Α
739 4156 782 4218 διὰ
800 4167 886 4218 τοῦτο
907 4164 935 4216 Φ
949 4167 953 4230 Ι
969 4181 1018 4217 vor
1035 4155 1092 4218 ὑπὸ
1109 4163 1171 4216 sind
1188 4163 1205 4216 2
1222 4162 1332 4216 Buehst.
1350 4161 1505 4214 ausradiert

197 4249 221 4301 Α
237 4249 241 4315 Ι
258 4245 295 4302 15
315 4240 351 4314 δ’]
370 4243 399 4300 δὲ
419 4247 446 4299 Φ
461 4249 465 4314 Ι
482 4247 520 4301 18
540 4242 663 4317 δύνηται]
683 4251 799 4303 δυναται
811 4249 864 4301 Pat
879 4250 883 4315 Ι
900 4248 938 4303 10
956 4244 1074 4317 ποιήσῃ]
1093 4242 1208 4316 ποιήσει
1225 4247 1305 4299 ΡαίΒ
1321 4249 1325 4305 Ι
1340 4245 1380 4314 τε]
1400 4263 1432 4314 γε
1450 4246 1506 4299 Pat

197 4329 347 4388 B¹CDEH
373 4331 378 4398 Ι
401 4323 541 4401 ὑποδείξῃ]
570 4351 587 4401 η
612 4332 642 4385 in
665 4332 808 4386 eorrectur
830 4337 854 4386 A
872 4323 1009 4397 όποδείξει
1031 4332 1084 4387 Ραί
1107 4334 1111 4399 Ι
1135 4332 1176 4388 20
1200 4325 1258 4401 ἵνα]
1282 4325 1319 4384 ‘lv'
1338 4327 1476 4384 BCDEH
1497 4331 1502 4398 Ι

196 4414 282 4488 εἷνῆγε
299 4415 502 4484 ΑΗο.θρ.βολι.
527 4409 562 4469 ι’ίν
584 4401 652 4485 ἦγεν
673 4417 695 4469 Β
714 4411 857 4486 οίνήγαγεν
873 4418 927 4470 Pat
944 4411 1070 4487 α’νήγαγε
1089 4416 1265 4471 CDEHDel.
1290 4415 1294 4481 Ι
1318 4415 1357 4470 21
1383 4406 1451 4483 dub]
1470 4409 1505 4468 ἐκ

196 4502 314 4558 EHDel.
339 4503 343 4568 Ι
367 4500 407 4554 28
425 4500 532 4571 πολλῷ]
550 4500 683 4562 υπείοίιει,
702 4501 737 4554 ob
758 4504 876 4556 πολλῶν
893 4502 959 4555 oder
976 4503 1076 4556 πολλῶ
1094 4503 1118 4554 Α
1138 4503 1142 4566 Ι
1166 4500 1206 4555 26
1230 4495 1455 4570 συμβαλλομένῳ
1475 4499 1505 4552 Φ

197 4586 331 4642 Del.Rob.
352 4582 611 4664 ουνεμβαλλομένω
630 4585 759 4656 ΑΗο.θγ.
783 4588 788 4653 Ι
811 4585 847 4640 27
876 4577 1050 4654 ἇμνηστείαν
1067 4584 1146 4639 ΡοίΒ
1162 4585 1166 4652 Ι
1186 4583 1226 4638 28
1246 4575 1321 4652 ἡμῖν]
1340 4577 1407 4649 ὕμιν
1422 4583 1477 4638 pat
1497 4587 1501 4654 Ι

197 4661 238 4728 ῶν
254 4667 454 4741 παρήκουσαν]
473 4667 685 4738 ὡνπερειληαεν
702 4671 762 4723 Pat.

258 4755 375 4809 Origenes
389 4753 420 4797 11.
1283 4753 1299 4807 3
