3744 5504
592 485 683 542 αεαι
705 483 841 540 urm
865 481 916 556 εε,
933 483 957 536 1.
974 483 999 539 2.
1017 481 1042 537 ε.
1059 485 1083 538 ι.
1101 483 1126 540 ε.
1460 489 1520 554 εστ

219 657 261 738 τῇ
293 649 416 740 πρῶτη
446 655 519 720 τῶν
541 655 732 721 Βασιλειῶν
760 641 892 719 δἨλεί
934 641 1021 718 ἀλλὰ
1047 651 1103 716 καί
1125 651 1277 734 Χριστοῦ
1303 641 1521 736 ῶνησαμένου

218 744 303 838 ἡμᾶς
325 779 377 836 τῳ
361 753 473 840 ’ίδίῳ
497 751 610 840 αίματι
637 743 847 835 ὀφειλέται
868 751 979 835 ἐσμέν,
1003 738 1117 832 ῶσπερ
1139 751 1195 816 καί
1215 749 1282 828 πᾶς
1304 749 1436 834 οἰκέτης
1457 751 1520 816 τοῦ

218 846 436 938 ῶνησαμένυν
456 853 548 922 ἐστίν
569 843 782 938 ὀφειλέτης
803 874 866 919 του
849 849 1028 932 ’τοσοῦδε
1047 849 1212 927 δοθέντος
1226 839 1366 931 δπέρ’
1324 850 1430 916 αυτοῦ
1443 841 1519 934 χρή-

216 977 331 1040 ματος.
373 951 444 1020 ἔστι
470 977 523 1032 τις
549 944 707 1038 ἡμῖνκαὶ
732 943 902 1070 πρὸς,τὸ
929 938 1027 1067 ἅγιον
1052 948 1192 1034 πνεῦμα(
1194 938 1380 1034 (Ιόφειλὴ,
1405 940 1520 1016 ἀποδι·
1537 950 1589 1006 253

180 1040 402 1138 5δομένη,ο
384 1075 442 1120 οτε
468 1044 509 1120 06
534 1054 705 1170 λυποῦμεν
731 1041 829 1130 αότό,
856 1035 991 1130 ,έν
942 1054 981 1134 6‘
1014 1048 1316 1166 ἐσφραγίσθημεν,
1318 1049 1375 1128 ,είς
1395 1039 1520 1133 ἡμέραν

216 1144 521 1271 ἀπσλυτρῶσεωςέ
541 1153 598 1218 καί
618 1146 663 1238 μὴ
686 1151 873 1228 λυποῦντες
895 1141 980 1216 αότὸ
1003 1147 1149 1232 φέρομεν
1171 1141 1252 1224 τοδς
1272 1142 1437 1232 καρποὺς,
1459 1137 1519 1226 οδς

216 1243 468 1336 ἀπαιτούμεθα,
499 1243 665 1330 συνόντος
699 1241 806 1318 αὐτοῦ
837 1239 916 1334 ἡμῖν
949 1247 1005 1314 καί
1038 1237 1348 1366 ζῳοποιοῦντος’
1327 1251 1425 1332 ημῶν
1453 1241 1519 1334 τὴν

217 1343 335 1436 ψυχήν.
377 1352 405 1418 εί
434 1354 490 1418 καί
519 1345 564 1435 μὴ
595 1351 689 1436 ίσμεν
714 1351 749 1417 δέ
775 1347 956 1480 ἐπιμελῶς,
984 1335 1075 1426 τίς“
1057 1369 1076 1412 ο
1099 1336 1285 1414 έκάστου“
1251 1349 1361 1432 ημῶν
1382 1339 1518 1434 ἄγγελος

215 1451 383 1532 βλέπων,
385 1475 449 1518 του
433 1448 505 1516 έν
523 1443 699 1534 οόρανοῖς“
709 1441 902 1533 ,πατρδςἭ
904 1439 956 1528 ,τό
976 1437 1183 1530 πρόσωπονί
1185 1437 1295 1514 ἀλλὰ
1318 1437 1468 1530 φανερόν
1482 1469 1518 1530 γε

165 1556 198 1614 10
215 1541 481 1636 ἐπισκοπὴσαντι
506 1539 685 1634 ἑκάστῳς
665 1551 761 1634 ημῶν
782 1535 950 1633 γίνεται”
931 1569 987 1614 οτι
1007 1536 1151 1630 κάκείνῳ
1179 1535 1389 1629 ὀφειλέται
1411 1549 1518 1614 τινῶν

215 1647 320 1736 έσμεν.
355 1650 384 1714 εί
405 1650 440 1716 δὲ
461 1651 516 1716 καί
535 1649 572 1716 ἐν
587 1641 726 1734 θεάτρῳ
742 1647 839 1734 ἐσμὲν
852 1637 980 1732 κόσμου
993 1648 1050 1714 καί
1065 1611 1218 1730 ἀγγέλων
1236 1646 1292 1710 καί
1307 1635 1517 1762 ἀνθρώπων,

215 1736 369 1816 ίστέονΩ
350 1772 415 1828 στι,
438 1737 552 1834 ῶσπερ
574 1772 593 1814 ο
583 1738 650 1816 κἐν
665 1739 803 1834 θεάτρῳ
826 1737 1039 1830 ὀφειλέτης
1060 1745 1131 1812 ἐστὶ
1145 1768 1209 1812 του
1194 1737 1305 1812 ’τάδε
1319 1769 1397 1814 τινα
1383 1739 1518 1812 εἰπεῖν

214 1838 236 1932 6
266 1851 404 1936 ποιῆσαι
433 1839 520 1916 ἐν’
500 1865 578 1932 οψει
609 1851 682 1916 τῶν
711 1850 865 1926 θεατῶν,
891 1835 977 1930 άπερ
1003 1839 1049 1931 μὴ
1075 1835 1204 1928 πράξας
1231 1868 1282 1924 τις
1309 1837 1357 1924 ῶς
1384 1839 1426 1960 τό
1447 1845 1518 1912 πᾶν

215 1939 349 2034 δβρίσας
379 1951 530 2034 θέατρον
560 1940 753 2030 κολάζεται·
782 1935 895 2026 οὕτως
924 1947 979 2014 καί
1009 1935 1139 2030 ἡμεῖς,
1142 1947 1218 2030 ‚16‘
1221 1933 1333 2029 ‘626
1359 1935 1516 2030 ,κόσμῳ“

164 2063 223 2128 15,
225 2051 308 2128 ,“καί
324 2063 396 2127 τοῖς
417 2049 520 2116 πᾶσιν
536 2039 728 2166 ,ἀγγέλμιςίί
747 2049 798 2133 τῷ
821 2069 859 2114 τε
881 2048 956 2112 τῶν
970 2037 1173 2128 ἀνθρώπων
1187 2046 1275 2130 γένει
1297 2033 1517 2127 ὀφείλομεν

215 2149 332 2228 ταῦτα,
354 2172 376 2214 α
359 2138 665 2234 ι’βουληθέντες’
644 2139 712 2215 απὸ
734 2147 796 2232 τῆς
816 2146 937 2230 σοφίας
958 2135 1190 2228 μαθησόμεθα.

296 2255 323 2314 4.
358 2251 462 2333 χωρίς
484 2249 520 2315 δὲ
541 2241 677 2315 τούτων
698 2234 1032 2329 καθολικωτίρων”
1012 2266 1128 2312 οντων
1149 2243 1219 2310 ἔστι
1241 2267 1292 2322 τις
1312 2235 1415 2328 χήρας
1433 2267 1516 2330 προ-

143 2368 197 2426 29¹
215 2347 399 2432 νοουμένης
424 2337 490 2412 δπδ
518 2347 580 2431 τῆς
607 2343 782 2430 ἐκκλησίας
808 2335 929 2430 ὀφειλὴ
948 2347 953 2424 Ι
971 2347 1027 2410 καί
1054 2340 1151 2428 ἑτέρα
1172 2335 1332 2410 διακόνου
1352 2345 1407 2410 καί
1429 2333 1515 2428 άλλη

214 2447 452 2530 πρεσβυτέρου,
475 2449 531 2513 καὶ
558 2436 746 2512 ἐπισκόπου
769 2445 804 2512 δὲ
826 2434 946 2528 ὀφειλῆ
968 2435 1140 2529 βαρυτάτη
1163 2443 1263 2522 ἐστίν,
1285 2434 1515 2527 ἀπαιτουμίνη

159 2554 196 2610 20
213 2537 280 2612 άπὸ
311 2547 375 2614 τοῦ
405 2547 466 2632 τῆς
497 2533 578 2630 ὅλης
604 2543 779 2630 ἐκκλησίας
805 2545 959 2629 σωτῆρος
984 2545 1041 2610 καί
1066 2541 1295 2626 έκδικουμένη,
1318 2539 1347 2608 εί
1367 2535 1411 2626 μὴ
1433 2533 1515 2609 ἀπσ-
1625 2623 1629 2632 ¹

214 2647 351 2713 διδοῖτο.
393 2635 456 2731 ἤδη
487 2645 523 2712 δέ
552 2634 571 2711 6
605 2633 797 2722 ἀπόστολος
827 2633 970 2729 ὀφειλήν
1001 2666 1078 2709 τινα
1108 2635 1228 2727 κοινὴν
1258 2632 1434 2725 ῶνόμασεν
1458 2633 1514 2708 ἀν·

213 2738 292 2860 δρὸς
320 2745 376 2810 καί
402 2736 559 2830 γυναικὸς
586 2745 707 2828 λέγων·
737 2745 800 2828 ,πῇ
826 2743 957 2828 γυναικί
985 2732 1004 2810 6
1028 2734 1115 2828 ἀνὴρ
1142 2737 1205 2827 τὴν
1231 2731 1373 2826 ὀφειλὴν
1398 2733 1514 2809 ἀποδι-

213 2835 319 2922 δότω,
344 2834 469 2930 δμοίως
490 2835 588 2910 καί“
568 2867 589 2928 η
611 2837 693 2929 γυνὴ
716 2845 768 2930 τῷ
791 2835 920 2926 ἀνδρί“·
949 2843 1005 2908 καὶ
1026 2839 1190 2924 ἐπιφέρει·
1213 2835 1278 2925 ,μὴ
1299 2831 1515 2924 ἀποστερεῖτε

215 2935 411 3028 ἀλλήλαυςέί
445 2945 501 3009 καί
529 2945 564 3010 τί
588 2966 628 3026 με
654 2942 705 3008 δεῖ
725 2945 847 3025 λέγειν,
873 2935 984 3024 παρὸν
1011 2935 1053 3008 τὰ
1080 2937 1213 3008 ἑαυτῶν
1235 2931 1455 3024 ἀναλέγεσθαι
1476 2939 1513 3006 έκ

159 3049 195 3105 25
213 3045 285 3108 τῶν
307 3043 494 3161 εἰρημένων
516 3036 596 3120 τούς
617 3033 886 3126 ἐντυγχάνοντας
901 3041 1037 3126 τῇδε”
995 3063 1037 3122 τη
1053 3040 1174 3154 γραφῇ,
1194 3027 1255 3107 ὅσα
1277 3029 1513 3122 ὀφείλοντες

213 3133 289 3226 ἢτοι
310 3137 355 3228 μὴ
377 3133 600 3220 ἀποδιδόντες
620 3133 941 3226 κατασχεθησόμεθα
963 3130 983 3224 6
975 3130 1224 3218 ἀποδιδόντες
1241 3130 1513 3223 ἐλευθερωθησό-

211 3247 315 3326 μεθα;
340 3235 433 3326 πλὴν
454 3233 516 3308 οόκ
539 3239 631 3308 ἔστιν
651 3239 688 3307 ἐν
709 3242 760 3325 τῶ
782 3230 889 3326 βίῳ”
869 3263 955 3308 οντα
975 3232 1084 3324 πάσης
1107 3227 1198 3322 ῶρας
1220 3231 1342 3316 νυκτὸς
1362 3239 1418 3302 καὶ
1440 3229 1514 3322 ἠμί·

211 3365 272 3424 ρας
292 3335 336 3426 μὴ
359 3331 547 3424 ὀφείλειν.

294 3449 322 3508 5.
357 3431 430 3508 ἀλλ’
462 3440 499 3508 ἐν
480 3442 580 3526 ντῷ
612 3429 845 3523 ὀφείλειν”
824 3461 902 3524 ητοι
929 3427 1115 3504 ἀποδίδωσί
1137 3459 1189 3516 τις
1211 3427 1230 3520 6
1252 3427 1431 3519 ἀποστερεῖ
1449 3429 1514 3520 τὴν

156 3553 194 3610 30
212 3530 371 3626 ὀφειλὴν·
400 3543 456 3606 καὶ
485 3507 632 3605 δυνάτόν
661 3539 765 3624 γεέν
794 3541 846 3624 τῷ
877 3541 939 3624 βίῳ
970 3527 1183 3616 ἀποδιδόναι,
1215 3529 1363 3602 δυνατὸν
1394 3534 1429 3601 δέ
1457 3536 1512 3601 καί

297 3721 398 3792 1vgl.
418 3721 505 3794 Apok.
524 3721 585 3776 soh.
605 3723 629 3788 5,
646 3723 663 3778 9
682 3721 751 3789 (Ant
769 3721 810 3786 20,
829 3721 870 3778 28.
894 3715 1513 3788 IPetr.1,18.19).-4vgl.Ephoe.4,30.

211 3807 278 3863 -5
299 3805 361 3876 Vgl.
379 3807 440 3862 Joh.
459 3807 500 3870 15,
517 3805 542 3860 8.
561 3805 601 3860 16.
623 3835 657 3844 -
682 3807 696 3862 λ
722 3805 785 3874 Vgl.
802 3805 863 3860 Joh.
881 3807 905 3870 6,
923 3807 965 3862 63.
992 3805 1094 3858 1Ρε5ε.
1112 3806 1136 3868 3,
1156 3805 1196 3860 18.
1225 3803 1248 3856 11
1269 3801 1331 3856 Kor.
1349 3805 1373 3862 3,
1391 3801 1415 3856 6.
1439 3829 1469 3842 -·
1493 3800 1511 3858 8

212 3891 508 3961 vgl.Matth.18‚10.
531 3919 563 3930 -·
588 3889 998 3960 11v31.11(01.4.9.-12
1020 3885 1511 3956 v31.16¹im.5.3.16.17.-18

214 3975 274 4046 Vgl.
292 3975 429 4046 Origenes,
447 3975 592 4031 lusorem.
610 3973 683 4029 hom.
700 3973 738 4028 xl
756 3977 780 4030 3.
803 3972 866 4028 XIV
883 3977 900 4027 4
918 3975 994 4040 (tom.
1006 3971 1056 4026 XV
1074 3989 1100 4042 p.
1118 3973 1176 4027 225.
1194 3971 1245 4028 259
1262 3969 1304 4026 εδ.
1322 3969 1446 4038 houm).
1479 3971 1511 4024 ln

211 4059 309 4116 Ετεσίε.
327 4059 399 4114 hom.
419 4059 441 4112 V
458 4065 475 4114 4
493 4063 569 4124 (tom.
581 4057 643 4113 XIV
661 4077 685 4130 p.
698 4061 730 4114 75
748 4057 790 4113 εδ.
803 4057 926 4126 Βοῶνα).
943 4087 976 4096 -
994 4055 1032 4112 22
1051 4057 1139 4112 IKor.
1158 4059 1181 4122 7,
1200 4057 1223 4110 3.
1242 4085 1275 4094 -
1292 4054 1332 4110 28
1350 4055 1438 4108 ΙΚοτ.
1451 4056 1475 4120 ί,
1487 4057 1510 4110 5.

295 4227 313 4282 4
335 4227 425 4282 hinter
443 4219 502 4283 ἔστι
514 4234 546 4291 -ί-
560 4225 588 4281 δί
606 4225 688 4294 Angl.
707 4224 762 4292 (bei
779 4223 837 4280 Del.
851 4224 955 4292 19255)
971 4227 975 4292 Ι
991 4223 1031 4280 20
1050 4223 1190 4296 σωτῆρος]
1207 4217 1343 4290 σώματος
1359 4221 1438 4276 Βεελ.
1456 4219 1511 4288 (bei

211 4312 271 4366 Del.
284 4313 295 4366 1
308 4313 358 4370 253
374 4315 454 4366 Anm.
467 4311 492 4378 ε)
507 4313 511 4378 1
527 4305 692 4366 ἀποδιδοῖεν
711 4309 834 4364 schreibe
851 4309 896 4362 ich
913 4309 965 4364 mit
976 4309 1057 4378 Angl.
1071 4318 1104 4374 [a.
1116 4325 1140 4362 ε.
1154 4307 1203 4374 0.),
1221 4305 1269 4360 der
1280 4306 1351 4360 auch
1363 4323 1398 4360 αα
1417 4299 1512 4360 ἀποδι-

212 4399 299 4452 δῶται
317 4395 413 4460 deum
433 4389 593 4451 ἀποδιδῶτο
606 4393 735 4464 TAusgg.
751 4397 755 4460 Ι
771 4393 811 4450 24
828 4385 926 4464 παρόν
942 4387 978 4450 τά
996 4391 1105 4450 ἑαυτῶν
1123 4387 1315 4461 ἀναλέγεσθαι
1328 4386 1360 4446 έκ
1371 4395 1429 4445 τῶν
1440 4387 1512 4460 είρη·

212 4479 308 4550 μένων
329 4475 396 4545 τοὺς
417 4475 642 4550 ἐντυγχάνοντας
663 4477 785 4533 εσίιτεὶδε
806 4477 851 4532 ich
874 4477 925 4532 mit
948 4479 1025 4532 Bent.
1047 4495 1073 4533 u.
1096 4477 1154 4532 Del.
1174 4477 1264 4544 (1253
1282 4478 1362 4529 Ααια.
1381 4474 1415 4542 ί),
1439 4491 1511 4543 παρ-

212 4560 285 4620 όντα
305 4557 412 4634 [παρόν
429 4564 523 4634 1666]
550 4560 642 4638 ἑαυτῷ
669 4558 862 4634 ἀναλέγεσθαι
889 4557 921 4618 ἐκ
947 4567 1006 4618 τῶν
1031 4560 1189 4632 εἰρημένων
1210 4565 1265 4616 τοῦ
1287 4555 1512 4630 ἐντυγχάνοντος

210 4649 342 4718 ΤΔσεςμ.
358 4649 418 4716 125
436 4642 504 4714 τοὺς
521 4643 754 4718 ἐντυγχάνοντας]
773 4652 814 4722 τῷ
832 4641 1031 4717 ἐντυγχάνοντι
1050 4645 1131 4714 AngL
1150 4650 1184 4712 (ο.
1202 4663 1226 4700 α
1244 4645 1294 4712 0.).
