3780 5532
612 479 711 534 ΚΑΤΑ
736 478 896 534 Amo?
917 478 992 535 v111
1014 477 1055 530 34.
1073 477 1113 532 35.
1132 476 1172 531 36.
1476 482 1535 542 251

234 669 308 712 νων
338 645 373 710 δέ
402 637 489 727 πρὸς
519 639 582 711 τὸν
608 637 761 713 εἰπόντα·
791 637 1010 729 ,,άπολοίμην,
1039 637 1098 709 ἐὰν
1123 636 1168 728 μή
1190 661 1225 708 σε
1248 633 1536 726 <τιμωριΙσωμαι,“

235 741 321 829 ,ἐγω
345 743 412 824 δέ,“
434 743 508 828 ἐφη,
530 739 611 826 ,ἐὰν
632 739 676 829 μή
699 746 750 830 σε)
774 750 877 829 φίλον
898 737 1105 829 κτήσωμαι.“

318 846 373 910 καί
404 835 538 910 οὐδέπω
569 846 657 929 λέγω
688 839 770 923 τοὺς
800 838 886 909 κατὰ
918 837 982 928 τὴν
1010 843 1226 910 διδασκαλίαν
1262 832 1363 925 Ἰησοῦ
1389 861 1537 904 πεποιω·

235 944 355 1026 μένους
381 944 435 1009 καὶ
463 935 672 1024 ἀκούσαντας
698 945 762 1011 τοῦ
782 935 956 1027 ,ἀγαπᾶτε
979 939 1058 1021 τούς
1079 936 1221 1026 ἐχθροὺς
1241 933 1337 1025 δμων
1358 939 1412 1004 καὶ
1435 955 1536 1021 προσ-

201 1053 217 1106 5
236 1037 372 1126 εὔχεσθε
391 1034 475 1127 ὑπὲρ
498 1047 571 1110 τῶν
593 1035 848 1131 ἐπηρεαζόντων
868 1034 960 1126 δμᾶς
984 1031 1079 1120 ὅπως
1093 1044 1235 1126 γένησθε
1250 1038 1316 1107 υίοὶ
1331 1039 1394 1104 τοῦ
1407 1029 1538 1120 πατρὸς

235 1132 331 1225 υμῶν
353 1143 415 1207 τοῦ
437 1141 474 1208 ἐν
496 1158 569 1222 τοῖς
592 1136 757 1227 οὐρανοῖς,
782 1133 819 1220 ὃς
841 1135 905 1208 τὸν
927 1132 1024 1226 ἥλιον
1046 1134 1152 1208 αὐτου
1136 1134 1348 1208 ἀνατέλλει
1364 1137 1416 1204 ἐπί
1432 1159 1537 1220 πονη-

235 1236 315 1321 ρούς
342 1243 397 1306 καὶ
420 1232 570 1326 άχαθούς
591 1247 647 1310 καὶ
668 1241 851 1326 βρέχειέπί
796 1240 961 1308 ἐπὶδικαί
949 1243 1022 1319 ίους
1047 1244 1102 1307 καὶ
1123 1234 1290 1320 ddlxovgf‘
1330 1242 1387 1304 καὶ
1409 1236 1538 1314 ἐντοῖς

233 1353 459 1424 προφητικοῑς
488 1343 523 1408 δὲ
549 1333 709 1428 λόγοις“
689 1367 708 1409 ο
735 1344 862 1418 δίκαιος
888 1335 1029 1408 τοιαῦτά
1055 1361 1149 1426 φησι·
1179 1334 1293 1425 ,κύριε
1319 1330 1338 1406 ὁ
1360 1329 1442 1416 θεός
1463 1360 1537 1421 μου,

234 1439 262 1502 εἰ
290 1438 429 1524 ἐποίησα
450 1443 571 1522 τοῦτο,
598 1441 626 1508 εἰ
653 1443 744 1508 ἐστιν
766 1434 877 1508 ἀδικία
900 1441 936 1506 ἐν
955 1444 1047 1524 χερσί
1068 1464 1145 1524 μου,
1169 1441 1197 1505 εί
1218 1430 1444 1506 άνταπέδωκα
1467 1449 1538 1514 τοῖς

184 1546 217 1600 10
233 1529 497 1606 άνταποδιδοῦσί
514 1565 571 1625 μοι
592 1537 689 1622 κακά,
713 1534 915 1622 άποπέσοιμι
938 1532 1002 1623 άρα
1022 1532 1089 1606 άπὸ
1107 1542 1180 1606 τῶν
1196 1539 1332 1623 ἐχθρῶν
1347 1560 1413 1622 μου
1427 1527 1537 1613 κενός·

233 1633 438 1720 καταδιωξαι
469 1629 532 1722 άρα
560 1631 723 1725 δέχθρὸς
749 1635 814 1725 τὴν
840 1631 951 1723 ψυχήν
977 1663 1042 1724 μου
1062 1638 1118 1704 καὶ
1139 1631 1333 1718 καταλάβοι,
1355 1639 1411 1704 καὶ
1432 1661 1537 1703 κατα-

234 1729 382 1821 πατῆσαι
404 1738 450 1815 εἰς
470 1741 533 1823 γῆν
555 1734 620 1825 τὴν
642 1734 734 1825 ζωήν
754 1745 849 1825 μου.“

315 1836 458 1902 XXXVI.
494 1829 578 1904 Ἀλλ’
601 1832 674 1924 οὐχ,
702 1833 750 1917 ως
777 1840 883 1906 σ’ίεται
904 1838 1045 1918 Κέλσος,
1068 1833 1317 1919 βλάπτουσιν
1340 1837 1372 1903 οί
1394 1829 1536 1921 άληθῶς

233 1928 433 2018 σατράπαι
468 1940 532 2003 καί
568 1929 742 2023 ὕπαρχοι
777 1943 832 2006 καί
868 1941 1086 2023 στρατηγοὶ
1121 1941 1176 2005 καὶ
1212 1938 1428 2021 ἐπίτροποι
1465 1937 1537 2002 τοῦ

181 2041 215 2094 15
234 2037 331 2101 0·εοῦ
362 2026 499 2120 άχχελοι
530 2032 610 2115 τούς
639 2032 891 2124 ὑβρίζοντας·
926 2039 954 2103 εἰ
985 2039 1022 2104 δέ
1051 2062 1141 2115 τινες
1170 2043 1174 2121 Ι
1202 2030 1424 2117 βλάπτουσι
1455 2037 1603 2100 δαί-769

232 2157 364 2216 μονες,
393 2126 453 2213 οὓς
480 2130 680 2222 ἐφαντάσθη
707 2141 761 2203 καὶ
785 2129 804 2204 ὁ
827 2138 967 2217 Κέλσος,
994 2131 1239 2217 βλάπτουσιν
1265 2130 1313 2214 ως
1335 2137 1459 2218 φαῦλοι
1480 2136 1536 2200 καί

232 2235 394 2317 μηδεμίαν
415 2239 622 2320 σατραπείαν
649 2227 669 2322 ἢ
692 2240 897 2322 στρατηγίαν
918 2227 939 2320 ι’)
963 2232 1152 2322 ἐπιτροπὴν
1178 2240 1250 2302 τοῦ
1275 2237 1372 2302 θεοῦ
1397 2235 1536 2318 ἐγκεχει-

232 2335 390 2417 ρισμένοι,
412 2338 466 2401 καί
489 2333 710 2416 βλάπτουσι
733 2331 813 2415 τοὺς
833 2330 1073 2420 δποκειμένους
1095 2329 1211 2414 αὐτοῖς
1229 2339 1284 2402 καὶ
1298 2327 1536 2416 ὑποτάξαντος

233 2426 374 2512 ἑαυτοὺς
405 2428 452 2512 ως
484 2429 662 2515 δεσπόταις
691 2435 838 2515 ἐκείνοις.
889 2431 973 2519 τάχα
1003 2433 1065 2521 γὰρ
1095 2439 1151 2503 καί
1179 2431 1232 2502 διὰ
1264 2437 1370 2503 τοῦτο
1401 2434 1433 2502 οἰ
1455 2427 1534 2501 καθ’

182 2545 216 2600 20
233 2527 375 2599 ἕκαστον
397 2526 509 2601 τόπον
530 2537 577 2615 εἰς
600 2531 641 2602 τά
664 2539 883 2621 νενομισμένα
905 2531 1067 2620 βρώματα
1087 2530 1131 2622 μὴ
1154 2537 1223 2602 δεῖν
1245 2535 1453 2610 ἐσθίεσθαι
1475 2559 1536 2600 πα·

233 2634 474 2714 ρανομοῦντες,
501 2634 529 2700 εἰ
554 2638 614 2721 μὲν
638 2641 711 2704 τῶν
731 2629 798 2702 ὑπὸ
822 2631 902 2713 τοὺς
924 2637 1115 2720 δαίμονας
1137 2633 1203 2703 εἰεν
1225 2635 1386 2713 ἐκείνους,
1413 2629 1535 2714 βλάπ-

233 2753 387 2798 τονται·
417 2735 445 2799 εἰ
471 2734 509 2800 δέ
528 2761 618 2814 τινες
640 2739 713 2802 τῶν
736 2729 795 2818 οὐχ
817 2726 874 2800 ὐπ’
890 2734 1038 2813 ἐκείνους
1060 2728 1137 2802 οὐδὲ
1159 2727 1283 2813 αὐτοὺς
1303 2727 1536 2816 άποτάξαντες

232 2835 283 2916 τῷ
315 2835 379 2898 τοῦ
409 2825 520 2900 τόπου
552 2837 727 2918 δαιμονίῳ,
759 2828 934 2918 ἐλεύθεροι
968 2827 1036 2902 άπὸ
1069 2837 1132 2902 τοῦ
1157 2825 1213 2901 ὑπ’
1235 2835 1373 2902 ἐκείνων
1398 2840 1534 2913 παθεῖν,

232 2927 363 3016 μακράν
391 2935 518 3018 χαίρειν
548 2927 701 3012 εἰπόντες
733 2947 804 3011 τοίς
834 2935 979 3000 τοιοισδί
1012 2934 1209 3020 δαιμονίοις,
1240 2927 1356 3011 ἄλλοις
1387 2927 1440 2999 διὰ
1471 2928 1535 3017 τὴν

182 3042 215 3096 25
233 3035 309 3113 περὶ
340 3022 426 3098 άλλα
454 3023 595 3117 ἄγνοιαν
626 3028 766 3112 ἑαυτοὺς
795 3025 1041 3113 ὑποτάξαντος,
1072 3025 1127 3100 ὕπ’
1151 3035 1290 3100 ἐκείνων
1315 3026 1455 3116 πάσχειν
1482 3026 1534 3098 δά-

233 3153 364 3210 νανται,
387 3123 461 3197 άλλ’
483 3124 524 3197 οὗ
539 3127 751 3216 Χριστιανὸς,
774 3123 794 3199 δ
816 3124 955 3218 άληθῶς
970 3129 1172 3214 Χριστιανός
1193 3133 1249 3199 καί
1271 3126 1442 3214 δποτάξας
1464 3129 1535 3198 ἑαυ-

148 3235 215 3290 201v
234 3223 297 3296 τὸν
325 3235 328 3310 Ι
356 3222 451 3316 μόνῳ
483 3234 538 3317 τῷ
569 3234 649 3316 θεῷ
682 3235 737 3297 καὶ
768 3233 819 3317 τῷ
852 3222 944 3316 λόγῳ
973 3223 1091 3312 αὐτοῦ,
1118 3225 1228 3300 πάθοι
1253 3257 1287 3299 τι
1309 3223 1351 3298 άν
1373 3225 1440 3299 άπὸ
1462 3235 1536 3297 τῶν

234 3330 427 3411 δαιμονίων,
450 3320 511 3396 άτε
531 3334 700 3415 κρείττων
723 3323 926 3416 δαιμόνων
947 3325 1138 3416 τυγχάνων·
1160 3335 1216 3398 καὶ
1238 3324 1279 3399 οδ
1302 3325 1412 3400 πάθοι
1434 3327 1463 3416 χ’
1483 3322 1535 3410 άν,

233 3427 305 3494 ἐπεὶ
326 3433 552 3514 ,παρεμβαλεί
576 3421 713 3516 άχχελος
738 3434 856 3515 κυρίου
876 3424 989 3515 κύκλῳ
1014 3433 1087 3498 τῶν
1110 3434 1332 3515 φοβουμένων
1353 3423 1459 3498 αὐτὸν
1480 3433 1536 3497 καὶ

319 3580 335 3641 l
359 3579 419 3648 Vgl.
435 3580 576 3645 Plutarch,
595 3581 635 3634 De
653 3581 807 3635 cohibenda
824 3580 867 3635 ira
884 3581 947 3652 Cap.
965 3581 1029 3634 XIV
1046 3599 1072 3652 p.
1090 3582 1180 3638 4626.
1199 3613 1232 3622 —
1249 3582 1267 3636 4
1285 3582 1382 3636 Matth.
1401 3585 1424 3644 5,
1442 3584 1484 3637 44.
1502 3585 1536 3636 45

233 3664 310 3730 (Luk.
328 3667 352 3733 6,
370 3667 411 3720 27.
429 3666 482 3732 28).
500 3697 533 3705 -
551 3666 569 3722 8
587 3666 661 3722 Ρεεί.
682 3669 705 3730 7,
723 3667 798 3720 4-6.
816 3695 849 3705 -
868 3665 906 3722 20
925 3665 996 3720 Ρεεί.
1015 3667 1055 3734 33,
1074 3667 1098 3722 8.

319 3800 335 3854 l
356 3795 586 3872 (τιμωρήσωμαι,
603 3795 660 3871 ἐγώ
679 3799 715 3868 δέ,
736 3794 798 3870 ἐφη,
816 3795 868 3855 ἐάν
883 3796 923 3870 μή
938 3801 984 3872 σε)
1000 3801 1226 3856 wahrscheinlich
1238 3818 1334 3870 wegen
1346 3802 1394 3856 des
1407 3801 1535 3855 Homoio·

233 3883 356 3938 teleuton
374 3885 556 3954 ausgesallem
575 3903 630 3940 von
641 3886 694 3940 mir
706 3887 757 3941 mit
768 3885 821 3940 den
834 3890 937 3955 Ausgg.
949 3887 1021 3940 nach
1035 3886 1173 3948 Plutarch,
1185 3885 1226 3941 De
1238 3885 1328 3944 cohib.
1340 3886 1382 3940 ira
1394 3885 1459 3957 Cap.
1471 3887 1536 3940 XIV

232 3985 258 4038 p.
276 3969 358 4024 4620
376 3969 529 4039 εἰοςείίὶςί,
553 3988 605 4024 nur
627 3971 689 4026 dass
707 3969 751 4026 die
768 3973 869 4040 Ausgg.
887 3963 964 4026 είπεν
981 3974 1049 4026 statt
1066 3965 1120 4042 ἔφη
1142 3970 1233 4026 haben
1248 3975 1252 4040 Ι
1268 3971 1287 4026 6
1306 3964 1393 4040 δμῶνΙ
1412 3963 1428 4026 0
1445 3989 1536 4026 ausra·

232 4052 315 4116 diert,
338 4071 386 4107 aus
404 4053 452 4108 der
468 4054 558 4109 Βοευτ
573 4055 651 4109 nicht
668 4073 702 4109 zu
720 4055 871 4122 erkennen,
895 4056 930 4110 ob
948 4048 964 4112 0
982 4057 1048 4110 oder
1067 4049 1083 4124 ἡ
1100 4055 1286 4125 δοςεείειιδεο
1304 4056 1361 4118 hat,
1379 4059 1404 4109 A
1423 4056 1427 4124 Ι
1448 4053 1538 4112 αὐτοῦ

232 4137 311 4192 Alio.
318 4138 361 4208 Sp.
380 4130 470 4194 αὓτοῦ
490 4139 538 4193 Βο.
557 4139 654 4206 (Notae
671 4159 696 4211 p.
713 4141 774 4209 406)
792 4140 850 4195 Del.
868 4141 872 4208 Ι
889 4141 926 4196 16
948 4133 1011 4194 ἀλλ’
1027 4139 1154 4211 ΔΗ6.6ρ.
1173 4133 1245 4194 ἀλλὰ
1263 4139 1322 4195 Del.
1338 4141 1342 4208 Ι
1359 4140 1471 4197 17-18
1491 4159 1536 4194 am

232 4222 311 4276 Rand
335 4239 371 4292 οη
392 4227 429 4276 A¹
451 4225 455 4291 Ι
478 4223 511 4277 17
533 4218 603 4292 μὴδέ
624 4225 693 4292 μίαν
715 4227 740 4278 Α
763 4226 767 4292 Ι
791 4229 913 4280 κοντοῦ
934 4225 994 4278 sind
1021 4225 1165 4280 2Buchst.
1188 4225 1341 4280 austadiert
1357 4227 1383 4278 A
1405 4226 1410 4293 Ι
1433 4232 1486 4281 τοῦ
1503 4235 1537 4286 <

233 4309 335 4376 Ausgg.
359 4309 364 4375 Ι
388 4307 424 4362 21
451 4303 576 4372 ἐκείνους
593 4309 651 4362 will
669 4309 717 4362 Bo.
736 4307 832 4377 (Notae
850 4326 876 4379 p.
893 4310 954 4380 406)
972 4309 1071 4379 tilgen‚
1094 4309 1160 4364 oder
1178 4309 1259 4363 dafflr
1282 4305 1385 4365 ἐκεῖνοι
1408 4310 1474 4364 oder
1491 4303 1537 4365 ὑπ’

235 4387 350 4447 ἐκείνων
367 4391 509 4446 schreiben
530 4394 534 4459 Ι
553 4393 592 4448 22
614 4387 719 4459 αίιτοὺς
736 4411 784 4447 αυτ
803 4386 905 4458 αὐτοὺς
922 4409 989 4448 corr.
1007 4397 1032 4448 A
1046 4395 1051 4462 Ι
1067 4393 1107 4450 26
1130 4387 1187 4449 α’τιδ
1207 4395 1343 4463 MAusgg.
1361 4387 1417 4449 ὑπὸ
1437 4394 1537 4462 4124

233 4468 351 4546 μακράν
368 4475 491 4531 schreibo
507 4475 565 4541 ich,
589 4478 625 4532 da
642 4477 773 4548 Origenes
792 4478 862 4532 auch
880 4481 955 4532 sonst
971 4496 1023 4532 nur
1039 4472 1156 4549 μακρὰν
1171 4479 1284 4548 χαίρειν
1300 4480 1373 4548 sagt;
1395 4471 1495 4548 μακρά
1512 4483 1537 4533 A

235 4563 335 4630 Ausgg.
359 4560 364 4628 Ι
388 4556 524 4630 εἰπόντες)
544 4555 652 4618 είτιοιεν
673 4561 737 4616 lieet
758 4563 806 4617 Bo.
825 4561 922 4632 (Notae
939 4579 964 4633 p.
977 4565 1037 4630 406)
1058 4565 1062 4632 Ι
1083 4555 1189 4633 ἄλλοις]
1209 4563 1276 4618 fiber
1293 4565 1327 4618 λο
1347 4580 1400 4617 von
1418 4567 1538 4634 spAterer

235 4643 317 4698 Hand
336 4637 367 4662 ’⁰
385 4645 566 4715 hinzugefflgt
583 4647 607 4699 A
623 4648 627 4713 Ι
642 4646 734 4701 hinter
752 4640 851 4712 ἄλλοις
868 4647 926 4700 will
944 4647 991 4704 Bo.
1010 4647 1107 4716 (Notae
1124 4665 1150 4718 p.
1167 4650 1227 4716 406)
1247 4646 1307 4718 (δὲ)
1326 4647 1462 4717 einffigen.
