3790 5526
332 431 392 493 136
861 423 1087 479 6616660112

329 591 360 656 εί
380 591 416 655 δε
438 584 480 656 τό
506 579 733 673 όνομαστὸν
759 583 936 675 λαμβάνεις
961 585 1051 659 καθδ
1079 587 1214 660 οἷόντε
1239 590 1331 658 ἐστὶν
1357 579 1500 675 ὀνόμασι
1526 613 1630 676 παρα-

330 689 449 772 στῆσαί
478 713 512 755 τι
544 691 618 755 τῶν
644 690 721 772 περὶ
751 681 858 757 αῦτοῦ
888 692 934 770 εἰς
961 684 1002 758 τό
1013 693 1286 809 χειραγωγῆσαι·
1298 684 1361 757 τόν
1383 681 1555 774 ἀκροατὴν
1576 693 1632 756 καὶ

330 788 480 903 ποιησαι
499 788 616 872 νοῆσαι
647 791 723 872 περὶ
749 791 846 856 θεοῦ
870 785 958 857 κατὰ
985 785 1026 858 τὸ
1052 785 1221 874 ἐφικτὸν
1243 816 1286 876 τη
1270 783 1513 876 άἾιθρωπίνη
1536 784 1631 872 φύσει

330 880 408 952 τινὰ
430 889 503 953 τῶν
523 887 599 970 περὶ
614 878 729 966 αὐτοῦ,
753 879 887 957 σῦδέν”
865 913 1000 957 ατοπον
1021 892 1131 976 λέγειν
1152 880 1259 958 αύτόν
1279 879 1517 975 ὀνομαστόν.

295 997 312 1050 5
412 974 508 1052 οῦτω
530 987 566 1052 δέ
588 981 852 1073 διαστελούμεθα
871 981 982 1056 καὶ
946 1014 988 1056 το
1015 981 1132 1058 σύδὲν
1147 983 1219 1106 γάρ
1240 993 1449 1058 πέπονθεν
1464 979 1632 1073 όνόματι

329 1079 595 1168 καταληπτόν.
638 1077 764 1169 ἀληθές
786 1089 821 1154 δέ
842 1091 897 1156 καί
920 1081 961 1156 τό
984 1085 1058 1170 ἐξω
1085 1084 1238 1168 παντὸς
1264 1082 1422 1168 πάθους
1449 1084 1535 1154 εἶναι
1561 1080 1633 1154 τὸν

329 1178 436 1251 θεόν.
459 1185 514 1250 καὶ
536 1185 644 1250 ταῦτα
664 1186 725 1269 μὲν
747 1181 863 1272 ταύτῃ.

411 1297 519 1366 LXVI.
549 1292 685 1386 Ἰδωμεν
707 1301 743 1367 δέ
764 1307 820 1370 καὶ
842 1300 907 1390 τὴν
929 1301 1003 1390 ἑξῆς
1025 1297 1131 1373 αῦτου
1115 1307 1252 1388 ’,λέξιν
1274 1290 1362 1370 δι’
1344 1329 1384 1390 ης
1403 1301 1508 1370 οίονεὶ
1530 1320 1633 1386 προσ-

331 1402 557 1466 ωποποιεῑταί
582 1423 669 1480 τινα,
698 1397 783 1483 μετὰ
806 1397 847 1471 τὸ
869 1396 1010 1472 άκοῦσαι
1032 1399 1169 1474 τούτων
1191 1405 1334 1473 τοιαῦτα
1364 1405 1521 1486 λέγοντα·
1549 1404 1633 1479 πῶς

280 1504 314 1560 10
332 1481 404 1562 οὖν
426 1500 505 1582 γνῶ
527 1493 600 1566 τόν
622 1492 736 1581 θεόν;
756 1505 822 1570 καί
843 1505 928 1582 πῶς
950 1499 1023 1590 τὴν
1045 1505 1169 1571 ἐκεῖσε
1192 1495 1289 1572 ὁδὸν
1310 1495 1442 1588 μάθω;
1462 1503 1526 1567 καὶ
1548 1505 1634 1580 πῶς

331 1586 457 1664 αῦτόν
478 1622 544 1683 μοι
566 1593 777 1682 δεικνύεις,
799 1595 852 1682 ῶς
873 1605 945 1671 νῦν
965 1628 1006 1688 γε
1027 1599 1176 1672 σκότον
1196 1627 1271 1688 μου
1297 1607 1380 1670 τῶν
1407 1592 1634 1686 ὀφθαλμῶν

331 1687 586 1780 προβάλλεις,
613 1703 679 1767 καὶ
710 1694 873 1770 ούδὲνέ
858 1704 1020 1789 ἐναργὲς
1049 1705 1191 1784 βλέπω.
1234 1700 1307 1769 ετα
1327 1726 1415 1788 προς
1436 1725 1500 1768 τον
1522 1725 1635 1778 ουτως

332 1788 596 1882 ἐπαπορῆσαντα
617 1797 721 1868 οίσνεί
743 1794 974 1889 άποκρίνεται,
996 1807 1052 1870 καί
1073 1806 1174 1888 [φησι]
1190 1795 1254 1886 τὴν
1274 1801 1387 1868 αἰτίαν
1402 1803 1466 1868 τοῦ
1487 1796 1636 1869 σκότον

332 1889 375 1974 [εἰ
374 1899 436 1975 ναι]
459 1898 542 1965 τῶν
564 1889 789 1987 ὀφθαλμῶν
810 1897 1060 1988 κατακεχύσθαι
1082 1925 1146 1969 του
1130 1893 1328 1978 ἐἰπόντος
1350 1895 1394 1967 τά
1413 1901 1637 1984 προειρημένα

282 2002 314 2057 15
332 1984 533 2065 ἀποδιδόναι
548 2003 674 2084 νομίζει
689 1995 844 2084 φάσκων·
866 1993 935 2082 οῦς
956 1993 1004 2070 ἄν
1022 2027 1083 2080 τις
1105 2002 1160 2080 είς
1182 1995 1365 2118 λαμπρὸν
1387 2003 1472 2082 φῶς
1492 1999 1534 2066 ἐκ
1548 1995 1636 2066 σκό-

333 2116 427 2172 τους
447 2093 670 2216 προαγάγη,
693 2096 865 2180 τούτους
885 2097 935 2187 66
958 2101 1201 2184 δυναμένους
1228 2091 1412 2182 ἀντέχειν
1434 2111 1521 2178 ταῖς
1542 2120 1635 2181 μαρ-

331 2210 526 2279 μαρυγαῖς
546 2193 790 2282 κολάζεσθαι
811 2197 885 2288 τὴν
901 2193 999 2284 ὅφιν
1017 2203 1081 2267 καὶ
1099 2192 1351 2281 βλάπτεσθαι
1373 2200 1438 2264 καὶ
1460 2200 1637 2282 νομίζειν

332 2296 571 2378 πηροῦσθαι.
612 2295 777 2418 καὶπρὸς
799 2304 908 2368 ταῦτα
929 2302 966 2367 δὲ
988 2293 1140 2384 φήσομεν
1161 2299 1335 2414 καθῆσθαι
1361 2299 1423 2382 μέν
1444 2297 1481 2364 ἐν
1503 2291 1636 2380 σκότῳ

332 2395 389 2459 καί
411 2392 567 2478 ιδρῦσθαι
584 2391 686 2463 ἐν’
644 2403 738 2486 αυτῷ
760 2392 893 2479 πάντας
914 2395 995 2479 τούς
1017 2393 1122 2478 είς
1084 2425 1146 2478 τας
1167 2400 1241 2464 τῶν
1256 2390 1449 2483 ζωγράφων
1463 2398 1520 2463 καὶ
1534 2402 1637 2462 πλασ·

281 2500 316 2556 20
334 2495 408 2558 τῶν
437 2497 493 2560 καὶ
524 2467 821 2582 άνδριαντοάιοιῶν
851 2499 1045 2584 ἐνσρῶντας
1074 2501 1307 2580 κακοτεχνίας,
1339 2490 1383 2581 μὴ
1414 2496 1638 2580 βουλομένους

333 2583 362 2656 6'
386 2582 572 2679 άναβλέφαι
593 2599 648 2664 καί
671 2589 835 2683 άναβῆναι
856 2601 908 2684 τῷ
928 2601 979 2684 νῷ
995 2589 1062 2664 άπὸ
1079 2589 1216 2682 ὁρατῶν
1230 2598 1286 2664 καί
1301 2588 1447 2663 πάντων
1461 2596 1639 2679 αἰσθητῶν

223 2725 226 2732 ·
333 2684 468 2758 έπὶτόν
483 2683 577 2761 ὅλων
580 2687 855 2816 ndwfflvoyffl’f'
836 2722 873 2777 ος
887 2665 965 2765 ἐστι
975 2700 1071 2780 φῶς·
1094 2697 1131 2764 ἐν
1154 2699 1261 2779 φωτὶ
1282 2695 1318 2762 δέ
1333 2685 1638 2779 τυγχάνεινπάντα

249 2794 315 2850 161v
333 2785 398 2858 τὸν
428 2806 502 2872 ταῖς
532 2797 596 2862 τοῦ
630 2789 735 2881 λόγου
770 2789 886 2882 αύγαῑς
920 2788 1213 2881 ἀκολουθήσαντα,
1248 2795 1422 2876 δείξαντος
1440 2785 1484 2874 Ι’
1464 2784 1522 2876 αφ’
1560 2782 1638 2877 ὅσης

334 2882 473 2975 άγνοίας
493 2895 549 2959 καὶ
569 2897 573 2976 Ι
592 2887 740 2976 άσεβεὶας
760 2899 816 2963 καὶ
838 2898 900 2982 τῆς
921 2899 997 2980 περὶ
1018 2921 1060 2962 το
1051 2890 1173 2962 θεῖον
1190 2887 1337 2979 άμαθίας
1352 2895 1460 2960 ταῦτα
1481 2884 1559 2959 ἀντὶ
1573 2893 1638 2958 τοῦ
1659 2903 1709 2958 683

282 3002 316 3057 25
335 2991 419 3057 θεοῦ
440 3010 690 3077 προσεκυνεῑτσ,
720 2997 777 3063 καὶ
803 2987 1117 3081 χειραγωγήσοντας
1147 2990 1211 3062 τὸν
1241 2995 1305 3061 τοῦ
1336 2992 1545 3076 βουλομένου
1574 2985 1638 3076 σῴ-

335 3096 453 3172 ζεσθαι
474 3094 557 3160 νοῦν
578 3089 664 3177 πρὸς
685 3091 759 3163 τὸν
780 3088 948 3180 άγένητον
972 3093 1105 3161 καὶέπὶ
1127 3096 1209 3161 πᾶσι
1230 3086 1336 3161 θεόν.
1371 3086 1495 3172 ,λαδς“
1517 3081 1639 3176 γάρ,δ

333 3183 527 3277 καθήμενος
549 3193 586 3260 ἐν
608 3198 756 3283 σκοτίᾳίί,
779 3187 888 3262 ὁτῶν
902 3195 1028 3274 ἐθνῶν,
1049 3197 1157 3277 ,φῶς
1178 3191 1244 3260 εἶδε
1257 3193 1426 3278 μέγακαὶ
1443 3205 1516 3268 τοῖς
1533 3196 1639 3274 παθη·

334 3291 447 3374 μένοις
469 3292 506 3360 ἐν
527 3288 622 3409 χῶρᾳ
642 3296 698 3360 καὶ
720 3295 796 3361 σκιά
818 3286 974 3361 θανάτου
1000 3297 1085 3376 φῶς
1111 3285 1314 3372 άνέτειλεν,“
1341 3283 1360 3360 6
1388 3287 1484 3369 θεὸς
1509 3281 1639 3375 Ἰησοῦς.

418 3379 588 3471 οῦδείς
548 3417 613 3460 συν
632 3389 835 3478 Χριστιανὸς
856 3385 1077 3478 άπσκρίνεται
1097 3395 1148 3478 τῷ
1171 3383 1334 3478 Κέλσῳ”
1313 3416 1333 3476 η
1356 3415 1425 3456 τινι
1447 3393 1521 3456 τῶν
1537 3411 1640 3472 κατη-

283 3502 318 3558 30
334 3512 535 3574 γσρουντων
557 3493 620 3559 τοῦ
641 3496 739 3559 θείου
762 3486 867 3579 λόγου
890 3485 1044 3608 φάσκων·
1066 3495 1152 3570 πῶς
1171 3495 1250 3577 γνῶ
1274 3488 1346 3558 τὸν
1365 3483 1479 3570 θεόν,·
1501 3485 1640 3566 ἕκαστος

335 3585 398 3675 γάρ
421 3581 548 3671 αὐτῶν,
571 3584 619 3669 ῶς
649 3589 843 3676 ἐγχωρει,”
827 3615 929 3677 εγνω
961 3587 1033 3660 τόν
1063 3585 1171 3660 θεόν.
1212 3594 1269 3658 καὶ
1291 3582 1401 3669 ούδείς
1432 3607 1526 3674 φησι·
1557 3590 1641 3665 πῶς

336 3683 410 3773 τὴν
432 3689 557 3756 ἐκεῖσε
590 3681 687 3758 όδδν
717 3684 845 3776 μάθω;
875 3681 935 3758 άτε
961 3683 1105 3770 άκούσας
1132 3693 1195 3757 τοῦ
1221 3683 1392 3770 εἰπόντος·
1419 3683 1506 3773 ,ἐγῶ
1534 3678 1640 3772 εἰμιὴ

336 3779 429 3867 όδδς
454 3791 509 3856 καί
536 3782 557 3875 6
582 3783 726 3876 άλήθεια
750 3793 806 3857 καί
832 3783 854 3877 6
876 3787 968 3877 §66¹
993 3794 1049 3858 καί
1075 3783 1274 3876 γευσάμενος
1296 3790 1333 3857 ἐν
1354 3793 1405 3875 τῷ
1429 3780 1558 3856 ὁδεύειν
1580 3787 1640 3871 τῆς

420 3988 460 4044 26
479 3989 541 4057 Vgl.
560 3990 649 4044 Matth
620 3993 701 4053 t.,4
721 3993 753 4046 16
771 3991 834 4057 (Jes.
852 3993 876 4056 9,
894 3992 980 4060 2).-
947 3989 1037 4046 -62
1056 3989 1117 4044 Joh.
1136 3994 1178 4056 14,
1196 3992 1219 4046 6.

421 4163 457 4220 16
476 4164 563 4234 [φησι]
581 4164 649 4234 tilge
666 4163 710 4218 ich
730 4165 778 4219 des
794 4163 942 4233 folgenden
959 4165 1068 4232 νομίζει
1086 4162 1208 4234 φάσκων
1225 4163 1262 4233 (Ζ.
1277 4167 1318 4232 15)
1336 4180 1433 4232 wegen
1446 4162 1498 4216 mit
1509 4162 1537 4214 M
1550 4179 1577 4216 u.
1589 4161 1642 4214 den

336 4251 438 4318 Ausgg.
455 4248 512 4316 114
531 4242 619 4319 [εἶναι]
638 4249 674 4302 ish
690 4249 755 4304 eher
772 4249 824 4304 mit
841 4249 900 4303 Del.
914 4250 936 4316 (Ι
948 4249 999 4305 682
1012 4253 1092 4303 Anm.
1101 4249 1130 4317 b)
1149 4266 1182 4302 zu
1200 4249 1336 4303 streichen
1355 4249 1396 4302 als
1414 4247 1466 4302 mit
1482 4247 1530 4300 Βο.
1544 4243 1643 4314 (Notae

336 4350 361 4402 p.
379 4333 439 4401 698)
457 4333 487 4386 in
504 4329 550 4388 ἐπί
568 4351 601 4388 ιιι
619 4350 694 4396 εστι,
717 4333 858 4388 vielleioht
879 4333 916 4388 ist
938 4333 1004 4387 aber
1026 4327 1100 4388 εἶναι
1121 4333 1334 4387 beizubehalten
1356 4331 1414 4386 und
1431 4325 1643 4400 κατακεχύσθαι

336 4417 366 4469 in
383 4415 615 4488 κατακεχυμένον
632 4435 666 4471 zu
684 4418 789 4472 andern
808 4419 813 4487 1
832 4418 870 4474 16
887 4421 1056 4488 πηροῦσθαι
1073 4418 1210 4487 MAusgg.
1228 4419 1415 4486 πληροῦσθαι
1432 4419 1457 4470 A
1477 4417 1481 4485 Ι
1501 4413 1643 4485 φήσομεν]

336 4501 404 4556 fiber
415 4521 432 4556 ν
444 4501 716 4571 durehgestrichener
728 4502 824 4556 Gravis
837 4506 862 4556 A
876 4503 881 4569 Ι
897 4502 936 4556 16
954 4497 1090 4570 λδρύσθαι
1108 4504 1239 4570 AAusgg.
1256 4505 1259 4569 Ι
1275 4501 1314 4556 26
1331 4496 1614 4571 χειραγωγήσανισς]
1634 4521 1643 4552 ι

336 4586 366 4639 in
384 4587 527 4641 correctur
545 4589 569 4640 A
585 4587 588 4654 λ
605 4585 645 4641 26
664 4583 804 4657 ἀγένητον
823 4585 949 4656 ΔΗὸ.6ρ.
969 4579 1125 4656 α’γέννητσν
1142 4587 1170 4639 Μ
1177 4586 1236 4640 Del.
1253 4588 1257 4654 Ι
1273 4585 1310 4641 62
1330 4579 1379 4640 άτε
1396 4589 1429 4639 A.
