3780 5532
628 503 727 559 ΚΑΤΑ
747 503 904 558 ΚΕΛΣΟΥ
927 503 985 560 vll
1006 503 1047 558 66.
1065 503 1106 557 67.
1124 502 1165 556 68.
1434 463 1436 467 ι
1484 509 1544 570 217

241 693 384 754 χονται
412 672 548 752 σαφῶς
574 661 620 736 ού
645 667 744 738 θεὸν
775 659 858 736 ἀλλ’
880 660 972 735 οῦδὲ
999 669 1180 752 δαίμονα,
1203 658 1301 734 άλλά
1322 663 1467 752 νεκρὸν
1487 669 1544 733 σέ·

244 773 393 848 βσντες.
429 769 533 836 τοῦτο
553 771 615 852 μὲν
635 761 755 836 αύτίκα
777 763 831 836 διά
853 769 960 835 τοῦτο
983 762 1234 852 παραλιπόντες
1255 767 1380 852 ἰ’δωμεν
1395 761 1456 845 τὰς
1471 763 1545 852 ἑξῆς
1609 769 1616 786 ’

245 869 308 935 τοῦ
334 870 464 935 Κέλσου
485 868 602 950 λέξεις,
625 868 662 935 ἐν
683 863 736 946 αίς
758 885 854 953 φησι·
883 860 1086 951 πρότερον
1116 868 1155 932 δὲ
1188 859 1389 951 ἐρήσομαι,
1419 862 1481 932 διά
1507 867 1545 931 τί

244 970 436 1054 δαίμονας
467 959 513 1035 σύ
535 968 826 1050 θεραπευτέον,·
856 959 902 1033 ού
930 961 1063 1032 πάντα
1089 968 1228 1050 μέντοι
1253 960 1354 1032 κατά
1385 961 1546 1050 γνώμην

207 1069 225 1132 ’5
244 1071 457 1135 διοικεῖται
480 1069 552 1135 τοῦ
574 1068 687 1144 θεοῦ,
714 1068 778 1132 καὶ
800 1067 904 1132 πᾶσα
925 1065 966 1147 ἐξ
987 1066 1143 1132 ἐκείνου
1164 1059 1355 1148 πρόνοια;
1380 1067 1444 1130 καὶ
1466 1053 1485 1131 ό
1507 1087 1546 1132 τι

243 1191 315 1252 περ
338 1157 385 1234 άν
408 1154 469 1251 <ᾖ>
493 1165 643 1244 ἐντοῖς
665 1155 789 1245 όλσις,
817 1164 898 1230 εἴτε
918 1166 1017 1232 θεοῦ
1041 1163 1158 1249 ἔργον
1184 1158 1252 1230 εἴτ’
1275 1156 1454 1248 άγγέλων
1476 1154 1544 1230 εἴτ’

244 1257 379 1332 άλλων
411 1259 611 1350 δαιμόνων
638 1265 718 1332 είτε
746 1257 897 1350 ἡρώων,
928 1257 1061 1332 πάντα
1092 1265 1221 1332 ταῦτα
1252 1262 1331 1347 ἔχει
1358 1257 1482 1348 νόμον
1504 1263 1545 1329 ἐκ

245 1365 317 1430 τοῦ
338 1367 530 1448 μεγίστου
551 1366 659 1441 θεοῦ,
682 1366 872 1431 τέτακται
894 1364 933 1430 δὲ
958 1355 1016 1445 ἐφ’
1039 1357 1193 1450 ἑκάστῳ
1220 1359 1391 1449 δύναμιν
1412 1359 1545 1447 λαχών

245 1453 354 1542 όστις
381 1455 560 1548 ἦξίωταη
595 1465 746 1530 τοῦτον
775 1449 848 1529 σῦν
877 1457 950 1530 τόν
978 1462 1136 1530 ἐκεῖθεν
1166 1463 1350 1545 ἐξουσίας
1381 1485 1545 1546 τετυχη-

195 1555 343 1629 1σκότα
371 1555 417 1628 σύ
448 1557 690 1647 θεραπεύσει
722 1563 888 1640 δικαίως
919 1552 938 1628 ό
965 1563 1092 1644 σέβων
1119 1556 1191 1630 τόν
1211 1557 1325 1643 θεόν,·
1353 1555 1447 1629 οὔτε
1473 1559 1544 1647 γάρ

244 1655 333 1728 οἶόν
355 1686 409 1740 τε,
433 1665 540 1746 φησὶ,
562 1655 819 1742 ,,δουλεῦειν“
841 1658 915 1730 τόν
936 1653 1061 1730 αύτόν
1082 1665 1240 1729 πλείοσι
1261 1665 1469 1746 ,,κυρίοις.“

327 1768 390 1862 όρα
425 1773 466 1863 δὴ
498 1779 554 1843 καὶ
586 1778 622 1844 ἐν
653 1774 792 1858 τούτοις
819 1768 881 1846 όσα
907 1771 1125 1862 συναρπάζει,
1153 1773 1294 1860 δεόμενα
1317 1769 1381 1845 ούκ
1407 1770 1544 1846 εύκατα-

244 1871 420 1963 φρσνὴτου
444 1869 625 1958 ἐξετάσεως
648 1870 735 1944 άλλὰ
761 1879 815 1944 καὶ
842 1870 1026 1962 ἐπιστήμης
1052 1877 1254 1961 βαθυτέρων
1279 1880 1333 1943 καί
1356 1869 1545 1964 άτιορρητσ-

243 1977 354 2060 τίρων
382 1978 458 2060 περὶ
485 1977 545 2061 τῆς
572 1978 646 2043 τών
673 1966 767 2044 όλων
792 1969 1003 2061 πραγμάτων
1024 1969 1226 2061 διοικήσεως.
1270 1971 1311 2044 τό
1332 1971 1395 2061 γάρ
1417 1971 1546 2044 πάντα

194 2087 225 2141 15
243 2070 343 2141 κατά
375 2071 536 2161 γνώμην
565 2077 809 2143 διοικεῖσθαι
836 2077 909 2143 τοῦ
940 2077 1039 2142 θεοῦ
1070 2077 1146 2154 πώς
1167 2076 1311 2160 λέγεται,
1339 2077 1544 2158 ἐξεταστέον,

243 2178 297 2240 καὶ
326 2167 475 2254 πότερον
504 2170 546 2242 τό
575 2175 818 2242 διοικεῖσθαι
847 2171 972 2260 φθάνει
1000 2179 1057 2242 καὶ
1087 2175 1142 2242 ἐπὶ
1173 2169 1216 2240 τά
1240 2165 1498 2261 άμαρτανόμενα
1524 2167 1545 2260 ἢ

242 2267 295 2359 μή.
339 2275 367 2340 εί
392 2273 453 2358 μὲν
479 2269 541 2358 γάρ
568 2267 695 2356 φθάνει
722 2269 763 2341 τό
791 2275 1038 2341 διοικεῖσθαι
1060 2277 1115 2340 καὶ
1142 2273 1196 2340 ἐπὶ
1223 2271 1266 2341 τά
1288 2265 1546 2359 ἁμαρτανόμενα

243 2367 285 2439 σύ
309 2369 418 2457 μόνον
445 2372 482 2440 ἐν
509 2365 710 2456 ἀνθρώποις
735 2365 822 2440 άλλά
846 2376 901 2440 καὶ
925 2376 1083 2457 δαίμοσι
1100 2377 1161 2448 καὶΙ
1178 2367 1261 2440 εἴτι
1282 2363 1366 2440 άλλο
1389 2375 1462 2440 τών
1482 2373 1546 2455 ἔξω

244 2469 413 2558 σωμάτων
440 2473 591 2554 πέφυκεν
620 2464 832 2558 ἁμαρτάνειν,
859 2464 974 2557 δράτω
1001 2467 1067 2559 τὴν
1091 2465 1239 2541 άτσπίαν
1263 2464 1283 2540 ό
1308 2475 1415 2540 τοῦτο
1437 2475 1546 2558 λέγων

192 2587 226 2642 20
244 2575 306 2640 τοῦ
328 2565 460 2639 πάντα
481 2566 581 2638 κατά
602 2568 761 2659 γνώμην
783 2574 1025 2640 διοικεῖσθαι
1047 2575 1119 2640 τοῦ
1141 2574 1251 2639 θεοῦ·
1279 2564 1464 2640 άκολουθεῐ
1483 2569 1546 2660 γάρ

244 2676 294 2760 τῷ
329 2665 422 2758 λόγῳ
452 2672 507 2737 καὶ
537 2666 580 2739 τά
610 2663 870 2758 ἁμαρτανόμενα
897 2676 952 2738 καὶ
983 2666 1115 2740 πάντα
1141 2667 1184 2739 τά
1210 2663 1278 2739 άπὸ
1300 2675 1416 2752 κακίας
1442 2668 1541 2740 κατά

243 2768 402 2857 γνώμην
424 2772 667 2839 διοικεῖσθαι
689 2774 761 2838 τοῦ
782 2773 891 2853 θεοῦ,
915 2761 999 2854 όπερ
1027 2763 1068 2838 οῦ
1094 2764 1221 2839 τοῦτόν
1247 2771 1318 2839 ἐστι
1340 2776 1391 2859 τῷ
1413 2765 1455 2840 ού
1475 2799 1541 2840 κω·

244 2867 387 2950 λύοντας
417 2873 489 2937 τοῦ
520 2873 615 2937 θεοῦ
645 2875 787 2955 γίνεται·
816 2872 845 2938 εἰ
866 2871 902 2938 δὲ
923 2873 977 2936 καὶ
999 2872 1124 2956 κυρίως
1146 2895 1198 2950 τις
1219 2864 1337 2940 άκσύοι
1358 2876 1422 2939 τοῦ
1444 2875 1541 2940 διοι-

242 2976 415 3050 κεῖσθαι,
444 2974 686 3038 διοικεῖσθαι
711 2970 773 3054 μέν
795 2972 882 3054 λέγει
904 2965 946 3037 τά
968 2963 1037 3038 άπὸ
1059 2975 1176 3049 κακίας
1198 2966 1454 3056 διοικούμενα
1475 2975 1542 3056 (δη-

192 3083 225 3136 25
243 3062 363 3139 λονότι
399 3063 532 3136 πάντα
567 3064 668 3136 κατά
705 3065 866 3154 γνώμην
902 3072 1114 3137 διοικεῖται
1151 3073 1222 3138 τοῦ
1258 3072 1385 3156 θεοῦ),
1415 3076 1472 3137 καὶ
1501 3063 1543 3136 οῦ

159 3181 225 3236 189ν
241 3182 431 3256 παρανομεῑ
451 3167 496 3246 εἰς
518 3163 582 3253 τὴν
603 3169 766 3254 διοίκησιν
789 3171 861 3236 τοῦ
879 3173 884 3250 1
903 3173 1000 3236 θεοῦ
1021 3171 1088 3248 πᾶς
1110 3161 1325 3255 ἁμαρτάνων.

325 3280 366 3353 τὸ
398 3276 431 3352 δ’
453 3275 573 3370 ὅμοιον
602 3288 657 3350 καὶ
686 3287 762 3367 περὶ
792 3289 986 3370 προνοίας
1008 3289 1230 3354 διασταλτέον
1251 3290 1306 3354 καὶ
1328 3289 1465 3354 λεκτέον
1488 3278 1542 3356 ότι

242 3381 283 3454 τό
304 3388 408 3452 πάσα
430 3385 469 3466 ἐξ
490 3383 647 3451 ἐκείνου
668 3376 840 3467 πρόνοια
862 3387 1012 3470 σημαίνει
1033 3387 1094 3470 μέν
1117 3409 1150 3451 τι
1170 3378 1304 3472 άληθὲς,
1328 3375 1387 3455 ότε
1406 3378 1427 3472 ἦ
1448 3380 1542 3473 πρό-

241 3510 331 3554 νοια
352 3476 539 3552 σπουδαῖόν
559 3484 666 3550 ἐστιν·
689 3483 716 3550 εί
738 3476 770 3550 δ’
786 3475 995 3566 άπαξαπλώς
1016 3479 1148 3552 πάντα
1169 3481 1212 3552 τά
1232 3479 1389 3571 γινόμενα
1410 3484 1541 3572 <κατά>

191 3599 225 3653 30
242 3579 442 3671 πρόνοιαν
473 3582 557 3652 εῖναι
587 3577 752 3668 φήσομεν,
779 3574 843 3650 κάν
874 3585 987 3664 κακῶς
1014 3609 1047 3650 τι
1069 3587 1215 3671 γίνηται,
1241 3587 1365 3669 ψεῦδος
1387 3584 1479 3654 ἔσται
1500 3580 1541 3653 τό

327 3785 363 3842 11
383 3783 447 3854 Vgl.
464 3784 563 3838 Matth.
580 3785 604 3849 6,
623 3785 664 3839 24.
687 3783 755 3839 Luk.
773 3783 814 3848 16,
832 3785 873 3840 13.

325 3956 413 4039 eff>
436 3969 501 4037 fuge
518 3968 563 4022 ich
581 3967 632 4032 ein,
650 3967 707 4036 vgl.
725 3971 810 4023 unm
827 3967 852 4023 s,
870 3969 922 4025 218
939 3969 965 4023 z.
983 3971 1000 4024 3
1019 3987 1044 4025 α
1062 3967 1114 4024 vn
1132 3969 1177 4033 το,
1200 3969 1225 4024 s,
1243 3969 1294 4024 219
1311 3968 1337 4022 z.
1355 3969 1389 4024 τε
1412 3971 1416 4037 ι
1440 3970 1459 4024 ο
1486 3963 1541 4038 ᾔει.

241 4073 312 4110 αιται
339 4054 387 4124 [so]
410 4057 436 4108 A
458 4054 463 4122 Ι
488 4053 526 4109 10
552 4049 727 4123 θεραπεύσει
753 4053 876 4108 schreibe
901 4053 946 4108 ich
972 4053 1045 4108 nach
1068 4054 1116 4108 der
1141 4053 1355 4124 Wiederholung
1377 4054 1425 4108 der
1450 4054 1542 4120 Stella,

240 4142 325 4194 unten
342 4137 394 4192 VII
412 4141 454 4206 70,
472 4138 496 4193 S.
515 4138 566 4193 220
583 4137 609 4191 Ζ.
625 4139 654 4202 3;
681 4133 836 4209 θεραπεύει
853 4139 983 4208 AAusgg.
998 4139 1003 4209 Ι
1018 4141 1132 4202 δικαιως
1147 4139 1196 4208 [so]
1214 4142 1240 4194 A
1254 4141 1258 4208 Ι
1275 4138 1388 4195 11-12
1406 4155 1451 4192 ατο
1464 4138 1543 4192 Ηαοδ

233 4223 263 4305 ‘0⁴3
289 4253 326 4306 ιι
342 4258 346 4320 ι
362 4249 401 4305 τε
419 4239 525 4304 αυτόν
541 4249 566 4300 ι
582 4249 586 4315 ι
602 4247 642 4304 σε
659 4249 709 4303 και
726 4248 792 4317 ιιιςι
808 4248 868 4304 οτι.
887 4251 910 4318 ρ
922 4251 972 4304 ωε
984 4251 1063 4304 Anm.
1077 4249 1101 4317 ι)
1119 4249 1190 4303 ohne
1202 4247 1298 4302 omna
1313 4249 1369 4302 und
1381 4250 1451 4303 εειιι
1461 4247 1543 4303 assur

239 4337 351 4392 καίτοι
363 4334 426 4388 dem
438 4333 552 4387 zweiten
565 4334 736 4388 διοικεῖσθαι
747 4333 836 4403 (224)
848 4334 892 4388 oin
907 4335 911 4402 Ι
927 4331 967 4389 24
984 4333 1069 4403 λέγει]
1081 4331 1161 4403 λέγοι
1174 4333 1237 4387 lieet
1248 4333 1307 4387 Del.
1320 4333 1343 4400 (I
1355 4333 1405 4386 742
1416 4333 1497 4386 Anm.
1510 4331 1542 4400 ί),

240 4419 307 4474 aber
327 4435 409 4473 wonn
431 4417 479 4471 der
496 4417 730 4486 Bodingungssatz
752 4417 795 4472 bis
816 4413 999 4486 διοικούμενα
1017 4417 1053 4488 (Z
1070 4419 1112 4486 24)
1131 4417 1239 4472 τείοίιεα
1256 4416 1363 4478 τιστδο,
1389 4415 1468 4471 lionae
1485 4417 1540 4470 sich

239 4502 294 4571 μὲν
311 4504 347 4573 (Z.
365 4504 410 4572 24)
436 4502 514 4556 nieht
540 4501 666 4556 erklaren
693 4501 698 4572 Ι
726 4501 766 4559 28
791 4508 872 4558 πᾶσα
895 4503 1040 4572 MAusgg„
1067 4502 1122 4572 vgl.
1139 4503 1224 4556 unten
1242 4501 1268 4555 S.
1286 4503 1337 4557 218
1354 4501 1379 4554 Z.
1398 4505 1424 4564 1;
1456 4507 1543 4556 πᾶσιν

240 4593 264 4642 A
288 4589 291 4656 ί
317 4586 431 4644 29-80
457 4603 503 4640 am
530 4586 609 4640 Rand
637 4603 673 4656 οη
695 4588 731 4640 Δ1
758 4589 763 4656 1
791 4587 831 4644 29
859 4580 964 4658 (κατὰ)
987 4587 1052 4656 fflge
1078 4587 1123 4640 ich
1152 4586 1204 4641 mit
1234 4586 1293 4642 Del.
1319 4587 1390 4640 nach
1416 4586 1460 4640 Jol
1487 4587 1541 4656 (am

238 4671 327 4742 Βανά)
345 4671 396 4727 ein.
