3790 5526
627 492 727 548 ΚΑΤΑ
749 494 908 550 ΚΕΛΣΟΥ
933 495 974 552 VI
997 493 1039 548 72.
1057 494 1098 548 73.
1117 494 1157 546 74.
1484 495 1542 558 143

240 685 274 727 τι
295 659 409 726 ποιιῦν
431 673 503 738 τοῖς
525 657 692 744 οἰομένοις
713 655 775 739 τάς
796 653 900 746 αῦγάς
922 661 985 726 τοῦ
1009 649 1107 744 ἡλίου
1123 662 1313 744 μιαίνεσθαι
1328 657 1365 725 ἐν
1380 671 1453 736 τοῖς
1467 661 1543 741 βορ-

240 750 355 845 βόροις
377 759 432 824 καί
454 773 526 838 τοῖς
548 755 710 878 δυσηύδεσι
733 755 884 844 σοόμασι
905 763 962 826 καὶ
983 754 1028 846 μή
1050 761 1161 845 μένειν
1182 750 1279 825 κάκει
1297 753 1461 842 καθαράς.

322 861 379 924 καί
408 858 437 924 εί
465 855 553 927 κατὰ
570 854 645 974 ’τήν
674 860 803 926 Κέλσου
828 860 864 925 δὲ
885 851 1053 926 ὑπόθεσιν
1077 859 1181 944 χωρίς
1203 850 1390 942 γεννήσεως
1416 879 1543 942 περιε-

239 951 420 1025 πλάσατο
457 953 498 1026 τό
531 959 642 1044 στῦμα
671 959 724 1077 τηῖ
753 949 870 1076 Ἰησοῦ,
902 951 998 1044 <οῦκ>
1030 953 1134 1035 εῦθῦς
1159 948 1203 1024 66
1233 955 1351 1024 οὶέ
1292 959 1477 1037 βλέποντες
1503 953 1544 1023 τὸ

207 1060 351 1144 ὁσωμα
380 1048 608 1126 ἐπίστευον(Ι
590 1085 644 1127 οτι
674 1050 736 1126 οῦκ
764 1050 833 1126 άπὸ
862 1051 1052 1143 γεννήσεως
1081 1044 1135 1141 ἦν·
1165 1048 1245 1124 οῦδὲ
1273 1051 1335 1140 γάρ
1363 1052 1404 1123 τὸ
1427 1047 1545 1174 βλεπό-

240 1181 345 1242 μενον
366 1147 570 1242 ἀπαγγέλλει
590 1159 646 1225 καὶ
669 1152 734 1276 τήν
755 1151 888 1242 φύσιν,
911 1146 996 1226 όθεν
1017 1157 1201 1242 γεγένηται.
1231 1151 1307 1223 οἶον
1324 1157 1352 1223 εί
1370 1146 1485 1222 καθ’“
1464 1147 1544 1222 υπό-

240 1264 338 1324 θεσιν
368 1245 493 1342 μέλι
475 1281 518 1376 ην
547 1281 581 1324 τι
610 1252 654 1343 μή
686 1250 754 1326 άπὸ
776 1259 956 1345 μελισσῶν,
971 1247 1043 1324 οὑκ
1066 1247 1108 1324 άν
1132 1249 1239 1324 τοῦτό
1262 1282 1313 1334 τις
1335 1247 1546 1341 ἀπήγγελλεν

157 1363 225 1418 164¹
242 1349 311 1425 άπὸ
343 1358 403 1474 τής
430 1350 573 1442 γεύσεως
600 1347 620 1443 ἢ
651 1359 712 1444 τής
744 1351 870 1442 όηνεως,
890 1346 969 1438 Ιότι
998 1351 1043 1442 μή
1074 1348 1141 1423 άπό
1171 1357 1338 1441 μελισσῶν
1365 1355 1469 1422 ἐστιν·
1500 1379 1547 1434 ως

243 1448 323 1524 οῦδὲ
344 1452 387 1524 τὸ
409 1447 477 1524 άπὸ
499 1459 666 1540 μελισσῶν
685 1455 830 1524 δείκνυσι
848 1482 890 1541 τη
875 1459 913 1538 Ἰ
934 1449 1140 1541 αἰσθήσει
1103 1480 1168 1540 την
1185 1447 1300 1542 άρχήν,
1323 1447 1431 1522 άλλΗ
1411 1480 1431 1540 η
1448 1469 1547 1537 πεῖρα
1566 1461 1618 1518 688

191 1568 225 1622 10
242 1545 458 1622 δείκνυσιν(Ι
439 1581 494 1622 οτι
516 1548 612 1622 τοῦτ’
635 1548 704 1624 άπὸ
732 1558 899 1641 μελισσῶν
927 1555 1027 1622 ἐστιν.
1062 1543 1157 1622 οὑτω
1185 1555 1220 1622 δὲ
1249 1559 1304 1622 καὶ
1333 1547 1354 1640 ή
1382 1569 1480 1638 πείρα
1503 1555 1548 1620 δι-

243 1649 354 1722 δάσκει
381 1642 436 1722 ότι
463 1646 532 1723 άπὸ
559 1647 712 1739 ἀμπέλου
733 1647 752 1722 ό
774 1653 880 1734 σίνος·
910 1645 952 1722 06
975 1651 1038 1738 γάρ
1060 1645 1218 1737 ἀναφέρει
1240 1646 1261 1740 6
1283 1656 1392 1740 γεῦσις
1414 1650 1455 1723 τό
1478 1645 1547 1722 άπὸ

243 1747 403 1838 ἀμπέλου.
446 1748 509 1821 τὸν
536 1744 645 1820 αὑτὸν
659 1748 804 1872 τρόπον
831 1758 952 1822 τοίνυν
972 1749 1014 1820 τό
1038 1749 1204 1839 αἰσθητόν
1226 1773 1335 1840 σωμα
1357 1746 1421 1822 οῦκ
1443 1745 1548 1839 άπαγ-

244 1855 352 1938 γέλλει
381 1847 445 1920 τόν
473 1845 606 1937 τρόπον
632 1855 694 1939 τῆς
715 1847 935 1932 ὑποστάσεως
958 1845 1075 1920 αὑτοῦ.
1118 1847 1340 1938 προσαγθήση
1363 1855 1398 1920 δέ
1420 1855 1471 1940 τῷ
1495 1861 1547 1922 λε-

243 1944 429 2039 γομένῳ’
409 1946 477 2020 από
507 1955 581 2019 τοῦν
610 1953 647 2020 ἐν
676 1945 848 2038 οὐρανοῖς,
879 1939 931 2020 τόν
961 1954 1022 2038 τῆς
1050 1944 1269 2032 ὑποστάσεως
1297 1955 1441 2038 καὶτῆς
1468 1961 1548 2038 λαμ-

193 2066 225 2118 15
243 2047 417 2137 πρότητος
443 2045 635 2169 αίσθόμεθα
664 2053 847 2132 βλέποντες
876 2043 977 2118 αὑτά·
1017 2044 1091 2120 ἀλλ’
1114 2043 1155 2119 06
1185 2045 1225 2138 66
1252 2076 1320 2120 που
1346 2044 1368 2138 6
1394 2049 1549 2136 αι’σθησις

245 2143 322 2238 ήμῑν
343 2144 537 2232 ὑποβάλλει,
563 2145 713 2236 πότερον
735 2146 859 2236 γενητὰ
880 2141 900 2235 ἢ
924 2143 1070 2236 άγένητά
1092 2151 1191 2218 ἐστιν.
1230 2143 1367 2235 αἱρέσεις
1387 2153 1473 2236 γοῦν
1494 2154 1548 2217 καλ

244 2254 320 2336 περὶ
350 2247 491 2318 τούτων
519 2251 738 2336 συνέστησαν·
778 2242 863 2317 ἀλλὰ
892 2255 947 2316 καί
977 2250 1008 2317 ol
1037 2251 1192 2336 λέγοντες
1221 2243 1309 2318 αὑτά
1336 2247 1460 2336 γενητὰ
1487 2242 1549 2335 οῦχ

244 2341 435 2467 ὁμονοοῦσι
449 2351 525 2434 περὶ
546 2351 610 2417 τοῦ
632 2352 708 2429 ποῦς
730 2350 801 2416 ἐστι
823 2343 960 2466 γενητά·
983 2341 1061 2418 οῦδὲ
1084 2347 1146 2434 γάρ
1161 2342 1380 2430 ῦποβάλλει“
1360 2376 1380 2438 6
1396 2350 1549 2436 αἴσθησις

245 2439 373 2529 αὑτων,
393 2437 458 2516 κάν
478 2442 676 2533 βιασάμενος
698 2439 716 2516 ό
739 2441 841 2534 λόγος
863 2438 945 2534 εὑρη
968 2438 1022 2516 ότι
1044 2445 1169 2535 γενητά
1191 2448 1270 2530 ἐστι,
1292 2453 1368 2531 περὶ
1390 2475 1454 2518 του
1440 2451 1548 2516 ’τίνα

192 2563 226 2620 20
244 2543 377 2632 τρόπον
398 2548 586 2634 γεγένηται.Ι

326 2647 466 2714 LXXIV.
503 2639 582 2714 El6'
604 2646 678 2734 εξής
700 2640 970 2731 ἐπαναλαμβάνει
992 2641 1157 2728 πολλάκις
1182 2639 1245 2735 ήδη
1270 2645 1442 2716 είπών
1404 2677 1447 2718 τα
1473 2655 1548 2734 περὶ

245 2749 306 2833 τής
336 2743 472 2834 γνώμης
503 2751 762 2832 Μαρκίωνος,
797 2749 853 2814 καί
887 2749 936 2832 πή
965 2747 1027 2832 μὲν
1060 2740 1199 2833 άληθῶς
1235 2743 1278 2816 τά
1307 2753 1549 2835 Μαρκίωνος

245 2848 417 2914 ἐκτίθεται
439 2849 488 2931 πή
510 2849 546 2915 δὲ
567 2839 736 2915 κάκείνων
757 2840 985 2933 παρήκουσεν·
1007 2841 1095 2931 πρὸς
1116 2839 1158 2932 ἣν
1180 2839 1244 2916 οῦκ
1265 2841 1449 2934 άναγκαῑον
1465 2841 1550 2935 ήμάς

246 2939 404 3014 άπαντῦιν
425 2935 446 3030 6
468 2948 524 3013 καὶ
546 2946 699 3030 ἐλέγχειν.
736 2942 809 3013 εέτα
830 2939 935 3014 πάλιν
958 2943 1069 3032 ἓαυτηῦ
1091 2947 1240 3032 ἐπιφέρει
1267 2943 1310 3015 τά
1335 2942 1421 3033 ὑπὲρ
1444 2955 1549 3034 Μαρ-

195 3059 228 3114 25
245 3047 394 3124 κίωνος
429 3047 484 3112 καί
515 3039 558 3112 τά
587 3037 662 3112 κατ’
694 3036 804 3112 αὑτοῦ
832 3047 952 3130 λέγων,
991 3049 1068 3113 τίνα
1103 3049 1173 3132 μὲν
1203 3043 1440 3132 ἐκφεύγουσι
1471 3053 1553 3115 τῶν

247 3137 509 3230 ἐγκλημάτων
526 3145 594 3212 τίσι
609 3146 649 3211 δὲ
670 3145 973 3230 περιπίπτουσι·
995 3134 1093 3211 καί(Ι
1074 3169 1133 3213 οτε
1146 3141 1303 3230 βούλεται
1318 3143 1553 3233 συναγορεύειν

248 3248 298 3332 τῷ
332 3237 499 3328 φάσκοντι
529 3236 621 3329 λόγῳ
655 3245 960 3329 πεπροφητεῦσθαι
986 3237 1102 3327 αὑτὸν,
1130 3246 1185 3313 λ’να
1210 3240 1424 3333 κατηγορήσῃ
1446 3251 1553 3332 Μαρ-

246 3313 395 3421 κίωνος
417 3344 472 3409 καὶ
499 3366 573 3410 των
600 3333 657 3409 ἄπ’
692 3333 811 3422 αὑτοῦ,
843 3360 961 3425 σαφως
992 3361 1095 3429 φησιν
1124 3332 1178 3412 ότι
1209 3338 1339 3414 πόθεν
1370 3339 1554 3432 άποδειχ·

247 3437 418 3529 θήσεται
440 3442 540 3509 θεοῦ
562 3456 655 3520 παις
677 3432 696 3508 6
719 3443 891 3510 τοιαῦτα
912 3446 1141 3525 κολασθεὶς,
1165 3445 1199 3511 εί
1219 3439 1268 3530 μή
1290 3447 1380 3530 περί
1404 3439 1555 3515 τούτου

195 3557 229 3612 30
247 3545 501 3629 προείρηται;

331 3640 404 3710 εἶτα
426 3633 530 3708 πάλιν
552 3644 662 3723 παίζει
683 3642 748 3722 καί,
771 3633 820 3719 (ῦς
842 3639 923 3718 έθος
938 3632 1044 3726 αύτῷ,
1066 3633 1217 3726 χλευάζει
1238 3637 1310 3710 δύο
1334 3639 1476 3731 εἰσάγων
1495 3647 1554 3714 υί-

249 3737 316 3822 οῦς
347 3741 470 3820 θεῶν,
504 3741 576 3808 τοῦ
613 3741 855 3826 δημιουργοῦ
893 3737 960 3806 ένα
994 3743 1060 3807 καὶ
1096 3743 1167 3808 τοῦ
1203 3738 1304 3810 κατά
1335 3749 1554 3830 Μαρκίωνα

332 3907 372 4045 241
395 3904 459 4044 Ιῖἓί.
477 3905 549 3960 oben
572 3907 598 3960 II
616 3908 656 3962 27.
681 3905 766 3963 654.
796 3905 898 3962 v153.
926 3935 959 3946 -
986 3905 1023 3962 31
1047 3905 1110 3977 vgl.
1131 3907 1296 3974 Tedullian,
1319 3910 1389 3966 Adv.
1408 3913 1491 3967 Marc.
1509 3914 1556 3969 Ι2

248 4010 273 4047 α.
291 3996 324 4047 A.
382 4007 407 4045 ε.
449 4030 456 4044 .

334 4127 351 4182 6
375 4126 433 4196 καί]
458 4119 520 4182 οὐδ’
537 4126 601 4182 lieet
618 4128 666 4182 Bo.
685 4126 783 4196 (Notae
800 4144 825 4196 ρ.
844 4125 905 4194 398)
925 4126 929 4194 Ι
948 4106 1092 4194 γεῦΙὲσεως
1109 4127 1157 4197 [so]
1176 4129 1232 4196 A¹l
1252 4125 1486 4199 περιεπλάσσατο
1505 4133 1529 4186 A
1552 4133 1556 4202 Ι

250 4213 267 4268 4
285 4203 314 4270 ίῦ
336 4212 387 4266 auf
401 4212 488 4266 Rasur
506 4214 532 4266 A
546 4213 550 4280 Ι
566 4204 646 4281 (οῦκ)
665 4211 730 4280 fuge
747 4210 791 4264 ich
809 4210 869 4264 hier
886 4209 938 4265 mit
951 4211 1034 4266 Guiet
1055 4212 1110 4282 (bei
1128 4211 1188 4267 Del.
1200 4213 1212 4266 Ι
1225 4214 1275 4269 687
1293 4218 1375 4270 Anm.
1388 4216 1412 4285 e)
1430 4216 1487 4281 ein3
1508 4217 1557 4270 das

254 4297 336 4352 Wort
361 4296 399 4350 ist
424 4295 565 4352 vielleioht
591 4296 677 4350 durch
699 4295 744 4350 die
762 4295 849 4350 Rasur
871 4295 919 4350 des
940 4296 1184 4366 vorhergehenden
1201 4297 1311 4354 Worteu
1333 4299 1363 4353 in
1380 4303 1406 4354 A
1423 4318 1472 4356 aus
1490 4301 1556 4355 Ver·

250 4401 335 4454 seben
353 4397 405 4452 mit
421 4397 523 4468 getilgt
533 4398 646 4453 worden
662 4399 665 4464 Ι
681 4390 774 4466 εὐθὺς]
792 4389 824 4452 εὑ
840 4396 870 4450 in
882 4396 1059 4452 correcturA
1075 4401 1079 4467 Ι
1094 4401 1110 4453 8
1129 4380 1273 4470 γε’ύὲσεως
1291 4401 1338 4472 [so]
1357 4405 1394 4456 A¹
1410 4403 1413 4470 Ι
1430 4404 1448 4459 6
1467 4398 1557 4458 οίονελ

251 4482 382 4554 ΑΗδ.8ρ.
399 4483 403 4550 Ι
421 4483 435 4537 7
457 4475 643 4552 α’πὴγγελλεν]
662 4485 711 4537 λεν
728 4482 779 4536 auf
793 4481 880 4536 Rasur
897 4485 922 4537 A
937 4483 941 4550 Ι
957 4483 976 4538 6
993 4481 1079 4553 πείρα
1096 4484 1140 4554 ΑΙ
1157 4485 1195 4542 12
1215 4479 1370 4556 α’παγγέλει
1388 4489 1412 4540 A
1428 4489 1432 4554 Ι
1449 4487 1487 4542 18
1508 4491 1556 4557 ηΑ

251 4571 302 4624 καί
319 4571 421 4638 Αυιςς.
437 4569 442 4636 1
458 4567 496 4624 28
519 4562 704 4638 παρήκουσεν
721 4569 747 4620 A
763 4559 932 4638 παρήκουσε
949 4567 1085 4636 MAusgg.
1101 4570 1106 4637 Ι
1122 4569 1161 4627 28
1183 4561 1242 4640 ότε]
1262 4562 1311 4626 ότὲ
1329 4571 1376 4641 [so]
1395 4573 1419 4625 A
1435 4573 1439 4641 Ι
1455 4571 1492 4628 27
1513 4589 1557 4626 πε·

252 4655 474 4724 προφητεῦσθαι
491 4651 588 4705 ΜΕΟΠ·
599 4652 702 4722 Ausgg.
720 4653 975 4721 προπεφητεῦσθαι
994 4653 1026 4705 A.
