3772 5526
572 509 673 564 ΚΑΤΑ
700 510 858 566 ΚΕΔΣΟΥ
879 509 904 566 V
928 509 970 564 39.
987 511 1029 565 40.
1046 511 1088 564 41.
1105 509 1147 562 42.
1465 514 1505 574 45

200 663 330 755 όρέων
359 665 650 754 ἀναβαίνοντες
679 677 820 754 θυσίας
842 673 990 791 ἔρδειν,
1014 669 1086 742 τόν
1111 668 1259 742 κύκλον
1281 665 1413 740 πάντα
1434 674 1506 739 τοῦ

199 767 373 856 ούρανοῦ
403 776 471 839 Δία
506 777 748 854 zaidovvsgf‘
791 767 912 843 οῦδὲν
948 773 1020 842 οὑν
1056 771 1165 858 οἶμαι
1200 773 1406 856 διαφέρειν
1435 775 1505 838 Δία
1565 777 1570 788 ’

192 861 384 952 Ίίψιστον
411 866 592 942 καλεῖν
581 899 600 960 η
624 865 779 960 Ζηνα
759 899 779 960 η
805 863 1069 941 Ἀδωναῖον”
1048 897 1068 957 η
1096 870 1273 952 Σαβαὼθ
1301 861 1322 955 ἢ
1352 863 1503 957 Ἀμοῦν,

200 996 252 1049 ως
274 967 505 1055 Αίγυπτισι,
542 964 786 1059 ἢΠαπαῖον,
824 1000 877 1053 ως
902 968 1059 1040 Σκύθαι.
1106 965 1151 1038 ού
1178 966 1255 1056 μὴν
1281 963 1374 1038 ούδὲ
1404 968 1505 1038 κατὰ

164 1073 327 1137 ὅταῦτα
360 1063 574 1157 άγιιύτερσι
606 1078 690 1140 τῶν
719 1067 853 1141 ἄλλων
882 1063 928 1141 όν
958 1071 1051 1153 εἶεν,
1084 1062 1149 1139 ότι
1179 1072 1503 1155 περιτέμνονται·

198 1172 322 1237 τοῦτο
352 1167 423 1256 γάρ
445 1167 664 1256 Αἰγύπτιοι
693 1175 757 1238 καί
785 1166 935 1257 Κόλχοι
964 1167 1168 1258 πρότεροι·
1197 1161 1281 1236 οὐδ’
1306 1159 1370 1237 ότι
1399 1174 1504 1237 συῶν

198 1261 430 1354 άπέχονται·
462 1279 527 1338 καί
554 1268 627 1356 γάρ
655 1264 764 1339 τοῦτ’
787 1267 1020 1356 Αἰγύπτιοι,
1042 1273 1107 1339 καὶ
1128 1271 1296 1354 προσέτι
1317 1271 1441 1352 αἰγῶν
1461 1293 1503 1336 τε

196 1373 260 1435 καὶ
289 1371 387 1438 σίῶν
414 1374 479 1436 καὶ
507 1375 614 1450 βοῶν
636 1373 717 1457 (τε)
740 1376 805 1437 καὶ
833 1366 1002 1456 ἰχθύων,
1032 1371 1097 1437 καὶ
1123 1362 1284 1454 κυάμων
1310 1393 1351 1454 γε
1372 1373 1502 1435 Πυθα-

197 1463 314 1552 γόρας
349 1495 391 1537 τε
418 1473 483 1536 καὶ
512 1470 549 1536 οἱ
577 1473 755 1555 μαθηταὶ
789 1474 853 1536 καὶ
886 1465 1074 1554 ἐμψύχων
1107 1461 1307 1536 ἁπάντων.
1355 1461 1400 1536 ού
1428 1464 1502 1554 μὴν

146 1573 179 1626 10
197 1560 282 1634 οὐδ’
306 1560 533 1652 εὐδοκιμεῖν
561 1567 665 1651 παρὰ
696 1572 750 1654 τῷ
780 1571 861 1654 θεῷ
890 1573 954 1635 καὶ
977 1572 1216 1654 στέργεσθαι
1238 1564 1442 1652 διαφόρως
1464 1593 1502 1634 τι

197 1670 281 1734 τῶν
317 1662 449 1736 ἄλλων
478 1663 649 1746 τούτους
678 1666 802 1748 είκός,
838 1671 903 1736 καὶ
937 1669 1165 1752 πέμπεσθαι
1194 1664 1333 1752 μόνοις
1363 1660 1501 1746 αύτοῑς

196 1768 353 1834 ἐκεῖθεν
382 1760 585 1852 άγγέλους,
616 1763 704 1834 οίον
733 1761 777 1852 δή
806 1791 897 1834 τινα
925 1761 1112 1885 μακάρων
1137 1790 1270 1883 χωραν
1296 1769 1500 1851 λαχοῦσιν·

196 1856 353 1949 όρωμεν
374 1862 445 1951 γὰρ
468 1859 616 1945 αύτούς
637 1891 680 1934 τε
701 1869 765 1933 καὶ
788 1861 861 1951 τὴν
882 1863 1016 1950 χώραν
1040 1869 1167 1931 τίνων
1189 1858 1390 1950 ἠξίωνται.

279 1951 403 2042 οὗτος
438 1968 508 2050 μὲν
543 1953 615 2033 σύν
644 1957 663 2031 ό
694 1960 812 2050 χορὸς
846 1957 976 2032 άπίτω
1005 1965 1120 2048 δίκην
1145 1956 1427 2046 άλαζονείας“
1406 1990 1501 2056 υπο-

146 2061 315 2148 15σχών,
351 2059 424 2130 σύκ
459 2063 574 2144 είδως
610 2059 682 2132 τὸν
718 2067 841 2149 μέγαν
867 2057 965 2130 θεὸν
990 2055 1076 2129 ἀλλ’
1100 2055 1175 2130 ύπό
1203 2065 1273 2148 τῆς
1300 2065 1501 2144 Μωυσέως

195 2165 381 2247 γοητείας
402 2157 595 2248 ύπαχθείς
617 2167 745 2231 τεκαὶ
767 2167 959 2244 ψευσθείς
980 2154 1164 2248 κάκείνης
1187 2152 1259 2230 οῦκ
1280 2155 1336 2228 ἐπ’
1359 2155 1500 2249 άγαθῷ

194 2263 300 2329 τέλει
322 2260 496 2347 γεγονώς
517 2257 707 2350 μαθητής.

276 2378 369 2444 XLII.
393 2383 397 2459 Ι
422 2381 534 2463 Δῆλον
564 2372 596 2446 δ’
621 2371 677 2448 ότι
707 2381 744 2447 ἐν
774 2374 910 2457 τούτοις
940 2379 1073 2461 ἐγκαλεῖ
1100 2370 1303 2457 Ἰουδαίοις
1339 2371 1387 2457 οός
1422 2397 1500 2462 ψευ-
1517 2395 1568 2448 610

194 2478 263 2555 δαῖς
289 2469 585 2562 ύπολαμβάνουσιν
612 2474 751 2558 ἑαυτούς
779 2475 863 2544 εἶναι
889 2473 1052 2562 έκλεκτὴν
1072 2479 1189 2562 μερίδα
1207 2473 1300 2561 παρὰ
1321 2472 1437 2546 πάντα
1458 2477 1501 2546 τά

142 2585 176 2638 ‘20
194 2573 278 2660 έθνη
312 2578 375 2643 τοῦ
406 2577 461 2643 ἐπὶ
489 2581 571 2645 πᾶσι
592 2581 684 2644 θεοῦ.
726 2582 782 2644 καὶ
811 2569 1045 2658 ἀλαζονείας
1071 2579 1152 2662 γοῦν
1179 2569 1298 2644 αύτοῦν
1319 2594 1503 2664 κατηγορεῖ

194 2667 242 2752 σός
265 2668 466 2760 αύχσύντων
487 2678 547 2760 μὲν
569 2671 640 2745 τὸν
659 2679 781 2764 μέγαν
803 2669 914 2756 θεὸν,
942 2669 1015 2743 οῦκ
1037 2671 1206 2744 εἰδότων
1233 2669 1264 2741 δ’
1287 2671 1396 2745 αύτόν
1418 2671 1499 2746 ἀλλ’

193 2767 463 2859 ύπαχθέντων
490 2779 537 2860 τῇ
559 2779 761 2855 Μωῦσέως
791 2779 952 2863 γοητείᾳ
980 2780 1045 2843 καὶ
1072 2768 1383 2858 ψευσθέντων(
1361 2769 1419 2844 υπ’
1442 2773 1500 2846 αύ·

194 2876 270 2956 τοῦ,
307 2867 378 2940 ούκ
414 2865 470 2940 ἐπ’
501 2867 639 2962 άγαθῷ
676 2878 781 2942 τέλει
809 2877 1104 2959 μαθητευθέντων
1135 2868 1239 2960 αύτῷ.
1282 2868 1351 2942 άπὸ
1377 2881 1500 2962 μέρους

193 2975 254 3056 μὲν
281 2971 345 3039 οῦν
372 2965 450 3057 ἡμῖν
472 2973 508 3040 έν
531 2990 603 3052 τοῖς
624 2969 692 3058 πρὸ
714 2969 852 3040 τούτων
873 2977 1027 3041 λέλεκται
1049 2970 1091 3041 τά
1114 2978 1175 3060 τῆς
1196 2978 1317 3060 σεμνῆς
1339 2981 1395 3042 καὶ
1416 2977 1500 3058 έ-ξαι

143 3080 176 3133 25
194 3076 295 3156 ρέτου
321 3065 522 3139 Ἰουδαίων
548 3078 735 3156 πολιτείας,
768 3066 865 3158 ἡνίκα
891 3065 1006 3151 αύτοῖς
1032 3068 1238 3159 συνειστήκει
1264 3070 1304 3142 τὸ
1331 3071 1499 3158 σύμβολον

194 3175 255 3257 τῆς
285 3175 348 3239 τοῦ
380 3175 464 3238 θεοῦ
495 3165 628 3252 πόλεως
654 3177 709 3239 καὶ
736 3175 799 3240 τοῦ
826 3175 910 3239 ναοῦ
936 3164 1042 3240 αὐτοῦ
1068 3176 1123 3238 καὶ
1145 3176 1206 3260 τῆς
1227 3166 1307 3259 παρ’
1329 3167 1424 3259 αύτῷ
1444 3181 1499 3242 καὶ

193 3273 244 3356 τῷ
268 3275 500 3356 θυσιαστηρίῳ
523 3271 690 3356 ἱερατικῆς
711 3276 879 3356 λατρείας·
902 3274 930 3337 εί
952 3274 988 3338 δέ
1009 3297 1060 3352 τις
1081 3272 1251 3356 ἐπερείσας
1270 3269 1333 3358 τὴν
1349 3268 1500 3341 διάνοιαν

194 3373 245 3454 τῷ
273 3373 335 3437 τοῦ
362 3371 556 3455 νομοθέτου
581 3364 766 3454 βουλήματι
788 3373 843 3435 καὶ
865 3373 908 3454 τῇ
929 3363 1004 3438 κατ’
1028 3365 1134 3439 αύτὸν
1155 3376 1309 3459 πολιτείᾳ
1331 3366 1499 3456 ἐξετάζων

278 3545 296 3600 2
323 3544 383 3614 Vgl.
401 3543 472 3598 oben
490 3545 501 3615 I
520 3547 566 3612 24,
584 3545 596 3597 Ι
616 3548 648 3599 74
666 3544 692 3598 Z.
711 3545 764 3598 7ff.
784 3575 815 3584 -
838 3545 857 3599 8
877 3544 937 3612 Vgl.
959 3544 1275 3600 Ηεεοι1011118.42ε.
1295 3546 1325 3600 11.
1360 3546 1497 3601 Plutarch.

193 3631 231 3684 De
249 3629 320 3684 Iside
343 3633 372 3683 eb
389 3628 456 3683 Osir.
476 3631 539 3700 Cap.
558 3630 595 3682 IX
614 3648 638 3700 p.
658 3631 708 3682 354
719 3629 747 3682 0.
767 3658 798 3668 -·
819 3629 837 3682 4
859 3629 917 3696 Vgl.
936 3629 1059 3684 Herodot
1076 3629 1114 3682 IV
1132 3632 1173 3684 59.
1194 3661 1228 3669 -
1254 3631 1272 3686 5
1296 3631 1358 3700 Vgl.
1377 3631 1498 3686 Herodot

192 3715 217 3767 II
235 3715 293 3769 104.
312 3744 344 3752 -
366 3715 380 3769 λ
405 3713 468 3782 Vgl.
488 3713 559 3767 oben
577 3715 589 3766 1
607 3715 640 3767 22
658 3731 683 3766 u.
697 3713 718 3764 V
733 3715 766 3768 34
784 3713 872 3767 Mitte.
891 3744 924 3752 -
942 3713 961 3769 8
980 3713 1043 3783 Vgl.
1060 3714 1093 3768 H.
1112 3713 1194 3782 Diels,
1212 3715 1330 3783 Doxogr.
1349 3733 1388 3784 gr.
1401 3733 1427 3786 p.
1439 3719 1497 3779 555,

191 3800 291 3866 20sqq.
309 3799 368 3860 590,
386 3800 426 3854 10.
454 3827 486 3837 -
514 3799 553 3854 13
575 3797 637 3867 Vgl.
655 3797 767 3864 Strabo,
790 3797 887 3867 Geogr.
906 3798 971 3852 XVI
988 3799 1016 3862 2,
1035 3799 1076 3853 35.
1094 3799 1127 3853 36
1150 3817 1174 3868 p.
1193 3801 1290 3866 7600q.
1315 3829 1347 3838 -
1372 3799 1411 3855 14
1434 3800 1496 3867 Vgl.

191 3883 262 3936 oben
280 3882 305 3934 V
324 3882 365 3944 33,
384 3881 410 3934 S.
428 3882 461 3935 34
479 3881 505 3936 Ζ.
524 3883 566 3937 23.
589 3911 621 3921 -
640 3883 678 3938 15
702 3882 764 3952 Vgl.
783 3883 854 3937 oben
872 3883 884 3934 1
902 3882 943 3936 23.
962 3882 1003 3936 20.
1022 3912 1054 3921 -
1073 3881 1109 3937 10
1128 3882 1190 3951 Vgl.
1208 3883 1288 3937 Deut.
1306 3884 1348 3950 32,
1365 3886 1389 3940 0.
1409 3915 1438 3922 -
1459 3884 1497 3940 24

191 3966 253 4035 Vgl.
271 3965 343 4020 oben
360 3965 399 4018 IV
417 3967 458 4021 31.

275 4118 291 4171 l
314 4109 409 4186 ὀρέων
425 4115 553 4172 Herod.P
572 4113 684 4187 οέρέισν
705 4115 755 4170 110.
774 4133 818 4169 am
836 4115 916 4168 Rand
922 4115 992 4185 Sp.
1002 4115 1062 4170 Del.
1079 4115 1117 4168 im
1135 4115 1216 4182 'I'e113
1243 4107 1377 4184 δράσειαν
1394 4118 1418 4169 A
1434 4119 1438 4185 Ι
1454 4113 1496 4188 έρ-

191 4221 246 4273 δειν
267 4216 367 4271 Herod.
391 4212 484 4286 έρδειν
506 4221 638 4286 AAusgg.
663 4221 667 4282 Ι
691 4218 709 4272 3
734 4193 1496 4288 AdwvazovM²Auegg.ddw‘v‘bapo]1¹,vgl.unten

192 4303 273 4366 V45,
291 4301 317 4355 8.
335 4302 369 4356 48
387 4301 413 4355 Ζ.
426 4305 442 4356 0
466 4299 513 4369 Ι’
495 4305 589 4369 αμοῦν
605 4303 630 4354 A
648 4295 769 4368 Ἀμμοῦν
786 4303 994 4370 M⁰⁰¹¹·Ausgg.
1010 4301 1047 4369 14
1066 4301 1202 4356 Παπαῑον
1218 4302 1269 4356 Ηδ.
1288 4319 1334 4355 am
1346 4302 1434 4370 Βοιαὶ,
1452 4304 1495 4373 Sp.

191 4404 274 4458 Del.
266 4421 305 4456 1m
322 4403 404 4467 Tem
427 4405 624 4468 παπταῐονλ,
643 4402 697 4471 vgl.
717 4405 801 4457 unten
819 4402 844 4456 V
861 4407 903 4469 45,
921 4401 1037 4457 8..482
1050 4404 1065 4456 7
1085 4405 1089 4469 Ι
1109 4403 1128 4458 0
1148 4368 1233 4472 κόχοι
1253 4402 1301 4471 [so]
1321 4408 1345 4457 A
1361 4407 1365 4472 Ι
1383 4406 1397 4460 λ
1418 4399 1497 4460 τοῦτ’

190 4491 221 4552 A,
244 4488 293 4543 HA
300 4489 343 4558 Sp
363 4505 408 4542 am
426 4487 519 4550 nauch
544 4493 615 4542 ταῦτ
617 4481 808 4556 ’.MAusgg
800 4506 838 4542 lm
855 4488 924 4542 Text
947 4489 951 4555 Ι
975 4488 993 4542 8
1022 4488 1082 4552 (τε)
1109 4489 1174 4556 filge
1200 4488 1245 4540 ich
1273 4487 1325 4542 mit
1346 4489 1374 4541 M
1397 4507 1423 4545 u.
1442 4489 1496 4544 den

188 4575 289 4641 Ausgg.
303 4573 346 4627 ein
363 4576 367 4634 Ι
383 4573 402 4626 9
419 4572 489 4639 τεΙδ
489 4569 538 4624 {A
554 4573 558 4639 Ι
576 4571 613 4626 15
631 4569 801 4637 μαῖυσέσςΑ
817 4575 822 4640 Ι
839 4573 877 4627 19
889 4566 969 4644 παρὰ
983 4572 1033 4626 auf
1043 4571 1164 4625 RasurA
1180 4572 1184 4638 Ι
1200 4572 1236 4626 21
1249 4564 1339 4626 αύτόν
1351 4573 1495 4643 MAmgg„

190 4657 244 4724 vgl.
263 4657 334 4710 oben
354 4655 376 4708 V
394 4659 437 4720 41,
455 4655 481 4708 Z.
501 4659 547 4720 153
566 4651 661 4709 αὐτῶν
678 4655 701 4706 A
717 4654 721 4721 Ι
738 4655 776 4709 22
794 4655 927 4722 μιῦυοέος
945 4660 969 4710 A
985 4662 989 4724 Ι
1005 4656 1045 4712 23
1064 4650 1223 4724 οννϊστὴκει
1241 4660 1273 4710 A.
