3790 5526
367 499 424 558 114
888 492 1111 546 ΩΡΙΓΕΝΟΥΣ

365 659 513 778 νηρίαν;
520 659 637 774 σαφῶς
659 659 695 724 δὲ
716 652 807 743 παρά
830 660 940 724 ταῦτα
961 651 1076 725 πάντα
1097 659 1134 725 ἐν
1156 658 1207 742 τῶ
1227 649 1477 742 ἀρχαιοτέρῳ
1499 659 1554 722 καί
1569 659 1672 723 Men&-

364 756 449 834 σίως
470 748 577 822 αύτοῦ
598 747 699 836 Ἰῶβ,
701 747 964 839 ,ὀδιάβολος“
990 749 1239 842 ἀναγέγραπται
1264 757 1494 840 παρίστασθαι
1521 758 1573 840 τῳ
1596 757 1669 841 θεῶ

364 859 421 922 καί
442 857 546 922 αἰτεῖν
568 850 632 940 τὴν
653 851 739 923 κατὰ
761 858 825 923 τοῦ
847 850 921 936 Ἰῶβ
940 857 1103 940 ἐξουσίαν,
1127 847 1168 923 ἵν’
1192 848 1298 924 αύτόν
1321 847 1486 940 περιβάλῃ
1513 849 1669 940 περιστά-

364 973 433 1022 σεσι
454 947 667 1037 βαρυτάταις,
689 950 812 1040 πρῶτη
833 959 895 1039 μὲν
917 960 959 1040 τῆ
981 951 1068 1024 κατά
1083 951 1226 1023 πάντων
1242 955 1316 1022 τῶν
1330 947 1558 1038 ὑπαρχόντων
1573 947 1669 1040 αύτῳ

330 1058 419 1123 ὄκαί
449 1056 524 1122 τῶν
555 1057 686 1122 τέκνων
717 1047 823 1121 αύτού
854 1048 1016 1144 ἀπωλείᾳ,
1049 1057 1189 1142 δευτέρᾳ
1220 1056 1255 1120 δὲ
1285 1049 1373 1121 κατὰ
1404 1048 1445 1121 τό
1463 1059 1670 1170 ,περιβαλεῖν

364 1147 470 1222 αύτόν
493 1147 600 1240 ἀγρίῳ
622 1155 792 1238 ἐλέφαντι,
822 1157 874 1240 τῶ
896 1145 992 1222 ούτω
1013 1157 1211 1240 καλουμενῳ
1235 1149 1409 1240 νοσήματι,
1431 1156 1501 1222 πᾶν
1516 1148 1556 1220 τὸ
1572 1157 1669 1239 σῶμα

364 1257 428 1322 τοῦ
447 1258 453 1338 Ι
471 1247 549 1337 Ίῶβ.
593 1254 639 1320 ἒῶ
667 1249 729 1338 γὰρ
757 1249 799 1322 τά
826 1247 897 1322 ἀπὸ.
922 1256 996 1322 τῶν
1023 1247 1224 1339 εὐαγγελίων
1249 1258 1324 1338 περὶ
1355 1256 1420 1321 τοῦ
1449 1249 1670 1336 πειράζοντος
1687 1266 1738 1323 666

364 1349 428 1422 τὸν
449 1355 585 1438 σωτῆρα
608 1346 814 1436 διαβόλου,
837 1351 892 1420 ἵνα
913 1349 957 1439 μὴ
982 1347 1071 1434 δόξω
1092 1347 1160 1422 ἀπὸ
1183 1357 1362 1438 νεωτέρων
1388 1356 1532 1438 γραφῶν
1554 1355 1669 1436 φέρειν

365 1449 407 1522 τά
429 1456 505 1538 περί
527 1455 590 1520 τού
615 1455 821 1538 ζητουμένου
841 1447 927 1537 πρὸς
950 1447 1012 1519 τὸν
1034 1455 1173 1520 Κέλσον.
1216 1456 1272 1520 καί
1299 1453 1336 1520 έν
1362 1467 1435 1531 τοῖς
1463 1455 1668 1530 τελευταίοις

314 1562 347 1618 10
365 1555 400 1620 δὲ
422 1555 486 1621 τοῦ
507 1545 587 1632 Ἰῶβ,
610 1554 647 1620 ἐν
668 1547 719 1630 οἷς
742 1543 760 1619 6
782 1547 897 1636 κύριος
920 1547 972 1619 διὰ
996 1557 1159 1632 λαίλαπος
1180 1557 1238 1618 καί
1258 1555 1415 1636 νεφελῶν
1437 1549 1508 1618 εἰπε
1529 1553 1581 1638 τῷ
1597 1543 1670 1630 Ἰῶβ

364 1649 408 1721 τά
430 1645 702 1737 ἀναγεγραμμένα
724 1651 761 1718 ἐν
782 1655 825 1735 τῇ
847 1642 1017 1738 ὁμωνύμῳ
1039 1655 1144 1737 βίβλῳ
1167 1646 1284 1733 αύτοῦ,
1307 1645 1369 1718 ούκ
1391 1642 1486 1734 ὀλίγα
1507 1652 1578 1718 ἐστὶ
1592 1654 1668 1733 περὶ

365 1749 552 1839 δράκοντος
572 1752 728 1835 εἰρημένα
749 1755 871 1829 λαβεῖν.
916 1742 1015 1818 ούπω
1039 1753 1126 1836 λέγω
1146 1755 1201 1817 καί
1224 1747 1266 1819 τά
1288 1744 1356 1818 ἀπὸ
1378 1753 1442 1818 τού
1456 1743 1605 1835 Ἰεζεκιὴλ
1620 1743 1667 1828 ῶς

363 1855 440 1936 περὶ
461 1847 631 1936 ,,Φαραῶ“
653 1841 673 1935 ἢ
695 1843 1041 1934 ,,Ναβουχοδονόσορ“
1065 1842 1085 1936 ἢ
1107 1842 1273 1936 ἀρχοντος
1298 1847 1457 1934 ,,Ί’ύρου“.
1485 1841 1505 1936 ἢ
1533 1845 1575 1916 τά
1597 1841 1665 1916 ἀπὸ

364 1955 427 2021 τού
448 1944 590 2030 Ἠσαίου,
617 1950 654 2016 έν
685 1945 736 2027 οἶς
762 1955 940 2035 θρηνεῖται
970 1941 989 2016 6
1015 1948 1166 2030 βασιλεὺς
1193 1954 1415 2033 Βαβυλῶνος·
1441 1943 1499 2032 ἀφ’
1527 1937 1578 2016 ῶν
1605 1941 1666 2017 ούκ

313 2069 346 2122 16
364 2044 461 2138 ὀλίγα
482 2078 533 2129 τις
551 2040 594 2115 άν
614 2043 787 2133 μανθάνοι
807 2050 884 2134 περί
906 2051 968 2132 τῆς
989 2054 1115 2134 κακίας,
1138 2055 1241 2118 ποίαν
1263 2049 1357 2135 έσχεν
1379 2043 1485 2135 ἀρχὴν
1507 2051 1561 2116 καί
1578 2051 1666 2133 γένε-

364 2171 426 2232 σιν,
447 2153 502 2218 καὶ
526 2140 581 2218 ότι
607 2141 675 2216 ἀπό
707 2173 814 2216 τινων
843 2145 1174 2267 πτερορῥυησάντων
1203 2154 1258 2217 καί
1283 2143 1666 2235 κατακολουθησάντων

365 2254 415 2338 τῷ
436 2246 566 2350 πρῶτῳ
589 2243 881 2333 πτεροῤῥυήσαντι
902 2240 1072 2332 ύπέστη“
1052 2273 1073 2333 η
1094 2253 1201 2315 κακία.

446 2332 556 2416 ΧΙῙΝ.
599 2339 646 2414 Ού
667 2341 730 2432 γὰρ
756 2339 888 2413 οἶόν’
858 2373 879 2414 τ
915 2335 957 2432 ἦν
984 2338 1132 2432 ὁμοίως
1159 2347 1243 2415 εἰναι
1270 2351 1321 2434 τῶ
1349 2341 1523 2427 ούσιωδῶς
1545 2341 1666 2433 ἀγαθῶ

364 2443 496 2536 ἀγαθὸν
524 2442 563 2514 τὸ
586 2440 672 2513 κατὰ
698 2441 902 2532 συμβεβηκὸς
926 2451 982 2512 καί
1008 2449 1043 2529 ἐξ
1069 2441 1311 2533 έπιγενὴματος
1333 2441 1478 2534 ἀγαθόν·
1504 2437 1588 2530 ὅπερ
1615 2449 1666 2531 τῶ

312 2563 346 2618 20
363 2551 433 2635 μὲν,
455 2539 498 2615 ἵν’
520 2536 634 2626 σύτως
643 2538 823 2665 ὀνομάσῳ,
850 2540 914 2614 τὸν
944 2549 1057 2628 ζῶντα
1085 2539 1192 2632 ἀρτον
1222 2540 1495 2632 ἀναλαμβάνοντι
1526 2547 1570 2626 εἰς
1602 2541 1666 2631 τὴν

365 2642 505 2735 τήρησιν
536 2644 658 2714 εαυτοῦ
689 2639 750 2714 ούκ
779 2636 822 2713 ἀν
852 2671 939 2714 ποτε
969 2639 1186 2733 ἀποσυμβσίη
1240 2650 1268 2714 εἰ
1297 2649 1334 2714 δέ
1363 2673 1432 2714 τινι
1461 2639 1665 2733 ἀποσυμβαί-

364 2773 423 2828 νει,
444 2743 535 2832 παρὰ
558 2741 622 2831 τὴν
645 2747 756 2812 αἰτίαν
788 2746 917 2813 ἐκείνου
947 2739 1195 2832 ἀποσυμβαίνει,
1226 2742 1486 2838 ρῳθυμήσαντος
1517 2751 1593 2832 περὶ
1625 2739 1665 2813 τὸ

365 2839 659 2933 <μετα>λαμβάνειν
689 2848 752 2913 τού
780 2847 911 2928 ζῶντος
941 2837 1049 2928 ἀρτου
1077 2851 1133 2914 καὶ
1162 2851 1225 2914 τοῦ
1255 2841 1425 2934 ἀληθινοῦ
1453 2849 1575 2914 ποτοῦ
1606 2838 1665 2928 ἀφ’

364 2936 416 3015 ῶν
445 2937 657 3032 τρεφόμενον
686 2950 742 3012 καὶ
770 2936 958 3030 ἀρδόμενον
986 2941 1248 3064 ἐπισκευάζεται
1266 2943 1306 3016 τὸ
1338 2941 1466 3033 πτερὸν
1493 2951 1548 3014 καί
1578 2942 1665 3014 κατὰ

313 3061 346 3116 26
364 3042 426 3116 τὸν
448 3041 654 3130 σοφώτατον
676 3049 900 3130 Σολομῶντα,
924 3039 1064 3114 εἰπόντα
1086 3049 1248 3132 περὶτοῦ
1273 3073 1339 3114 κατ
1342 3039 1537 3132 ’ἀλήθειαν
1562 3053 1665 3113 πλου

362 3150 437 3216 σίου
458 3137 513 3215 ότι
534 3140 795 3227 ,κατεσκεύασεν
817 3140 879 3230 γάρ
907 3137 1000 3232 αύτῷ
1032 3149 1200 3232 πτέρυγας
1227 3135 1341 3232 ῶσπερ
1374 3139 1481 3226 ἀετὸς,
1510 3151 1567 3214 καὶ
1597 3145 1665 3211 ἐπι-

362 3248 499 3332 στρέφει
520 3247 565 3325 είς
594 3241 657 3313 τὸν
679 3242 776 3312 οἰκον
808 3247 871 3311 τοῦ
902 3239 1152 3332 προεστηκότος
1183 3244 1334 3314 ἑαυτοῦ.“
1379 3246 1478 3331 ἐχρῆν
1508 3239 1569 3328 γάρ
1601 3239 1665 3312 τὸν

362 3340 588 3432 ἐπιστάμενον
620 3347 826 3430 συγχρῆσθαι
854 3340 939 3412 θεὸν
969 3345 1014 3424 εἰς
1044 3347 1122 3412 δέον
1152 3350 1208 3412 καὶ
1239 3362 1311 3425 τοῖς
1336 3339 1405 3413 ἀπὸ
1435 3347 1552 3423 κακίας
1582 3335 1664 3411 ύπο-

447 3513 466 3568 2
489 3511 551 3581 vgl.
569 3511 642 3565 Hiob
660 3515 683 3578 1,
701 3511 786 3577 6-2,
805 3513 828 3564 7.
852 3541 884 3550 -
907 3512 921 3565 7
944 3510 1007 3580 vgl.
1037 3512 1289 3575 Matth.4.1-11.
1319 3512 1568 3576 Mark.1‚12.13.
1597 3510 1665 3565 Luk.

361 3600 496 3664 4,1-13.
519 3627 552 3638 ·-
576 3597 615 3652 16
633 3595 697 3664 vgl.
715 3595 846 3661 Hi0b40,
865 3599 888 3650 1.
907 3597 948 3652 20.
972 3627 1004 3635 —
1030 3597 1067 3651 1⁸
1084 3597 1147 3666 Vgl.
1166 3597 1263 3652 Ezech.
1282 3597 1391 3652 26-32.
1414 3625 1447 3634 -
1471 3595 1509 3653 14
1532 3595 1595 3664 Vgl.
1613 3595 1666 3650 Jes.

363 3686 403 3747 14,
421 3681 475 3737 4ff.
493 3711 525 3722 -
545 3681 583 3736 16
602 3681 666 3750 Vgl.
684 3680 772 3741 Plato,
790 3679 890 3734 PhAdr.
909 3681 973 3750 Cap.
987 3679 1065 3734 XXV
1084 3699 1109 3752 p.
1121 3683 1239 3736 246130
1257 3699 1283 3736 u.
1298 3682 1369 3735 oben
1380 3679 1418 3734 IV
1430 3683 1473 3746 40,
1490 3682 1503 3734 I
1520 3681 1571 3734 314
1582 3681 1608 3733 Z.
1623 3681 1666 3734 1f.

363 3798 395 3807 -
413 3767 454 3823 2⁰
471 3784 497 3820 u.
515 3765 554 3821 28
575 3764 636 3834 vgl.
655 3765 715 3820 Joh.
734 3768 758 3828 6,
777 3767 818 3820 51.
836 3796 869 3804 -
887 3765 925 3820 26
942 3765 1021 3819 Prov.
1038 3767 1080 3832 23,
1098 3769 1122 3822 5.

446 3895 563 3971 λκατίι)
580 3895 648 3956 καθ’
666 3895 697 3956 ἓν
715 3899 924 3964 Gundermann‚
943 3910 976 3960 <
994 3902 1041 3955 Bo.
1059 3901 1156 3970 (Notae
1175 3919 1199 3971 p.
1212 3903 1272 3970 396)
1290 3919 1316 3957 υ.
1335 3901 1394 3956 Del.
1410 3903 1414 3970 1
1434 3901 1452 3956 5
1471 3894 1598 3955 ἀπώλεια
1617 3905 1641 3956 A
1666 3904 1669 3968 )

362 3991 399 4044 19
417 3987 603 4049 διαλαίλαπος
619 3988 644 4039 Α
659 3988 663 4053 )
679 3985 717 4040 13
735 3979 751 4054 ἢ
771 3986 872 4054 (ίιίπίει
891 3979 1012 4057 Φαραώ)
1031 3985 1059 4038 in
1077 3985 1220 4042 Correotur
1231 3992 1256 4041 A
1271 3991 1275 4055 )
1292 3987 1330 4042 18
1349 3983 1464 4055 ὁμοίως]
1484 3976 1590 4052 ὅμοιον
1608 4003 1668 4040 ver-

363 4075 457 4127 muten
474 4071 521 4125 Bo.
540 4069 638 4139 (Notae
655 4087 679 4140 p.
698 4071 770 4138 396),
798 4070 880 4124 Guiet
902 4088 928 4125 u.
946 4069 1005 4124 Del.
1024 4071 1046 4136 (Ι
1064 4073 1116 4126 666
1133 4075 1213 4126 Anm.
1232 4074 1256 4138 ο)
1281 4074 1284 4140 )
1309 4071 1347 4126 21
1376 4066 1560 4140 οἰποσυμβαίη
1581 4069 1665 4124 ΔΗσ.

363 4151 562 4226 ἄποσυμβαίνρ
584 4154 627 4226 Sp.
637 4155 697 4209 Del.
721 4158 726 4220 Ι
751 4155 790 4211 23
814 4149 1070 4224 (μετα>λαμβάνειν
1087 4155 1210 4210 σσίιτείίιε
1232 4157 1276 4210 ioh
1294 4156 1346 4210 mit
1363 4156 1406 4209 Μ2
1424 4173 1450 4208 u.
1468 4155 1521 4209 den
1538 4157 1640 4223 Ausgg.
1661 4159 1664 4221 Ι

362 4242 402 4298 24
429 4233 643 4306 ἐπισκευάζεται
665 4244 690 4294 Α
711 4234 999 4306 έπικατασκευάζεται
1017 4239 1154 4308 MAusgg.
1178 4242 1182 4308 Ι
1207 4241 1246 4295 26
1269 4235 1488 4308 κατεσκεύασεν]
1514 4235 1665 4294 κατεσκεύ-

363 4343 461 4392 ασται,
488 4323 559 4378 doch
582 4341 628 4377 am
650 4324 730 4378 Rund
753 4343 806 4378 von
828 4326 848 4378 1.
866 4323 900 4377 Η.
927 4315 973 4394 γρ’
994 4317 1206 4379 κατεσκεύασεν
1227 4328 1251 4378 A
1273 4320 1499 4380 κατεσκεύασται
1521 4324 1610 4378 ΜΗσ.
1621 4325 1664 4395 Sp.

362 4405 556 4465 κατεσκεύασε
578 4408 665 4462 PDel.
685 4411 690 4475 Ι
714 4403 791 4483 αὕτη·
812 4409 872 4463 Del.
895 4409 900 4476 1
925 4404 1010 4472 ἀετος
1033 4408 1079 4478 [ευ]
1102 4412 1127 4462 A
1150 4404 1237 4464 ἀετοῦ
1258 4411 1289 4476 Ρ,
1316 4409 1440 4463 είιιεεείίιε
1466 4411 1602 4464 vermutet
1620 4409 1666 4464 Bo.

362 4494 458 4564 (Notae
475 4511 500 4563 p.
519 4495 579 4561 396)
600 4493 661 4561 127
686 4489 797 4562 ἑαυτοῦ]
821 4486 910 4547 αὐτοῦ
932 4496 1067 4546 vermutet
1087 4494 1136 4548 Βο.
1155 4493 1251 4562 (Notae
1269 4513 1293 4563 p.
1312 4495 1372 4562 396)
1396 4496 1400 4560 )
1424 4492 1462 4548 28
1485 4487 1542 4547 ἀπὸ
1565 4493 1667 4558 κακίας

362 4573 522 4634 υπόστασιν
538 4579 623 4632 ΑΗῦ.
634 4579 678 4648 Sp.
698 4572 755 4632 α’πό
773 4578 875 4642 κακίας
892 4571 1062 4641 ύπύστασιν,
1086 4577 1156 4631 doch
1179 4597 1224 4632 am
1243 4579 1322 4632 Rand
1340 4595 1393 4632 von
1415 4578 1447 4630 ΙΙ.
1460 4577 1494 4631 H.
1511 4571 1666 4643 ἀποστᾶσι,

363 4664 390 4717 Μ
408 4655 463 4719 ύπὸ
482 4663 584 4728 κακίας
601 4657 744 4718 ἀποστᾶσι
764 4662 822 4716 Del.
