3772 5526
614 461 712 516 KATA
736 462 938 523 KEASOYV
963 469 986 520 7.
1003 466 1027 520 8.
1046 465 1070 520 9.
1089 465 1129 520 10.
1508 471 1527 532 9

224 626 460 709 ρανομοῦντας
489 619 702 707 Ἰουδαίους
731 645 972 713 προσκυνεῖν
1003 633 1059 718 τῷ
1093 624 1250 718 οὐρανῷ
1280 634 1344 698 καὶ
1373 645 1528 708 τοῖςν
1488 631 1528 698 ἐν

223 717 317 809 αῦτῷ
340 716 534 810 άγγέλοις

303 824 357 890 IX.
388 816 458 891 Ετι
481 816 513 943 6
528 819 838 941 ῦποσυγκεχυμένος
858 831 914 896 καί
936 825 980 916 μή
1003 831 1169 914 ἐπιμελῶς
1190 826 1275 896 ίδιῦν
1297 825 1340 896 τά
1361 823 1449 897 κατὰ
1465 823 1528 896 τὸν

221 916 332 991 τόπον
354 917 497 1010 6666’
477 919 544 992 απὸ
567 929 641 993 τῶν
662 925 699 994 ἐν
720 932 933 1013 μαγγανείαις
958 933 1013 996 καὶ
1040 933 1245 1014 γοητείαις
1273 929 1420 1014 ἐπῳδῶν
1446 953 1528 1012 προ-

186 1039 202 1090 5
220 1026 412 1107 τραπέντας
424 1015 672 1104 Ἰουδαίους”
657 1050 694 1093 εκ
708 1051 816 1095 τινων
830 1025 918 1096 κατά
934 1021 995 1107 τὰς
1010 1023 1143 1114 ἐπῳδάς
1159 1021 1382 1113 φασμάτων
1396 1027 1528 1111 ἐπιφαι-

221 1123 373 1208 νομένων
388 1137 459 1202 τοῖς
473 1119 634 1212 ἐπᾴδουσι
649 1141 891 1210 προσκυνεῖν
914 1122 1007 1206 τοῦς
1029 1127 1065 1194 ἐν
1085 1120 1244 1213 σῦρανῳ
1230 1117 1470 1212 άγγέλους,
1487 1119 1529 1194 06

221 1211 408 1288 ovvc66v⁰
390 1246 445 1290 οτι
465 1224 521 1288 καὶ
544 1225 648 1290 τοῦτο
671 1219 763 1310 παρὰ
785 1219 848 1292 τὸν
870 1219 978 1311 νόμον
1000 1240 1073 1305 τοῖς
1095 1249 1131 1312 γε
1156 1228 1265 1294 ταῦτα
1286 1229 1445 1294 ποιοῦσιν
1466 1224 1528 1312 έγί-

220 1345 299 1389 νετσ
322 1323 515 1440 λέγονταῃ
518 1315 590 1399 ,οῦκ
610 1318 906 1410 ἐπακολουθήσετε
927 1320 1219 1444 677661066606,
1241 1327 1297 1392 καὶ
1319 1339 1392 1404 τοῖς
1414 1325 1525 1392 ἐπαοι·

221 1422 292 1499 δοῑς
323 1414 363 1488 06
398 1415 741 1508 προσκολληθήσεσθε
776 1424 997 1510 ἐκμιανθήναι
1027 1425 1064 1491 ἐν
1097 1417 1227 1504 αῦτοῖς·
1264 1421 1330 1508 ἐγὼ
1363 1419 1477 1510 κῦριος
1507 1417 1526 1492 6

170 1530 204 1586 10
221 1515 301 1599 θεὸς
322 1515 446 1606 ῦμιῦν.“
482 1522 593 1606 ἐχρῆν
613 1510 676 1588 οῦν
706 1513 726 1607 6
756 1517 836 1608 μηδ’
860 1514 949 1603 ὅλως
976 1516 1076 1591 ταῦτ’
1095 1527 1141 1603 είς
1165 1516 1381 1602 Ἰουδαίους
1404 1515 1526 1608 άναφέ·

221 1645 293 1705 ρειν
322 1615 384 1687 τὸν
411 1623 584 1705 τηροῦντα
609 1613 821 1701 Ἰουδαίους
852 1617 900 1702 ω“ς
927 1618 1162 1706 φυλάσσοντας
1184 1617 1247 1690 τὸν
1269 1615 1376 1709 νόμον
1398 1626 1453 1691 καὶ
1476 1626 1527 1691 λέ-

220 1744 327 1803 γοντα
356 1713 479 1799 αῦτοῦς
507 1718 592 1787 εἶναι
621 1715 702 1798 τοῦς
729 1717 817 1788 κατὰ
846 1716 910 1788 τὸν
932 1715 1039 1808 νόμον
1061 1727 1233 1804 βιοῦντας,
1262 1713 1283 1808 ἢ
1310 1715 1527 1807 ἀναφέροντα

220 1821 431 1902 παραστῆσαι
460 1809 514 1888 ὅτι
545 1814 587 1886 τά
619 1821 763 1887 τοιαῦτα
794 1819 826 1888 οί
855 1824 1136 1906 παρανομοῦντες
1165 1815 1347 1890 Ἰουδαῖοι
1380 1823 1527 1890 ἐποίσειν.

221 1907 307 1984 άλλδι
337 1911 442 1985 πάλιν
473 1907 587 2002 ὥσπερ
610 1922 866 2004 παρανομοῦσιν
888 1920 920 1986 σί
949 1916 1044 1999 τοῦς
1073 1923 1115 1987 ἐν
1144 1913 1276 2006 σκότῳ
1305 1946 1383 1988 που
1408 1923 1527 1988 καὶέκ

170 2023 203 2076 15
221 2019 411 2100 γοητείας
453 2012 768 2102 θρησκεύοντες,
805 2015 1121 2103 τυφλιῦττοντες
1156 2021 1211 2086 καὶ
1253 1988 1304 2086 δι’
1341 2012 1527 2105 ἀμυδρῶν

221 2109 441 2202 φασμάτων
464 2108 798 2201 ὀνειρώττοντες,
820 2120 1147 2202 προσκυνοῦντες
1166 2114 1247 2198 τοῦς
1269 2117 1526 2206 ἐγχρίμπτειν

220 2216 460 2336 λεγομένους
488 2219 543 2281 καὶ
572 2231 646 2296 τοῖς
675 2213 857 2297 τοιούτοις·
887 2208 1000 2297 οῦτως
1028 2221 1084 2285 καὶ
1106 2219 1139 2285 σί
1165 2211 1265 2338 ἡλίῳ
1295 2221 1360 2284 καὶ
1382 2211 1526 2304 σελήνη

218 2316 281 2378 καὶ
304 2305 465 2398 ἄστροις
487 2310 632 2394 θῦσντες
654 2303 695 2383 εὖ
718 2311 822 2401 μάλα
842 2320 1085 2402 παρανομοῦσι.
1128 2320 1183 2384 καί
1206 2311 1268 2386 οῦκ
1290 2306 1332 2403 ἦν
1353 2313 1441 2386 κατὰ
1464 2313 1527 2384 τὸν

221 2405 327 2480 αῦτὸν
357 2415 464 2530 λέγειν
491 2405 704 2494 Ἰουδαίους
740 2418 796 2481 καὶ
827 2418 1105 2502 φυλαττομένους
1138 2432 1382 2502 προσκυνεῖν
1411 2407 1527 2504 ήλισν

168 2516 202 2572 20
219 2514 282 2578 καὶ
314 2507 482 2599 σελήνην
512 2506 627 2580 καί”
606 2534 743 2599 αστρα,
774 2517 829 2582 καί
857 2509 898 2581 τὸ
921 2519 1085 2584 τοιοῦτον
1105 2511 1150 2601 μή
1173 2518 1451 2602 φυλαττομένους
1472 2517 1526 2584 ἐπὶ

219 2604 392 2696 οῦρανοῦ
414 2615 468 2679 καὶ
493 2603 680 2699 άγγέλων.

300 2712 336 2776 Χ.
372 2713 414 2777 El
444 2714 479 2778 δὲ
506 2708 568 2799 χρὴ
591 2703 869 2798 ἀπολογήσασθαι
892 2707 990 2799 ἡμᾶς,
1013 2712 1065 2782 ἐπ’
1087 2715 1159 2800 ἰ’σης
1181 2710 1227 2801 μή
1248 2719 1526 2800 προσκυνοῦν-

218 2835 287 2887 τας
323 2803 515 2896 άγγέλους
550 2816 606 2880 καὶ
639 2801 755 2899 ήλισν
790 2816 855 2880 καὶ
886 2807 1056 2901 σελήνην
1087 2817 1152 2881 καὶ
1182 2806 1322 2901 άστρα,
1353 2819 1429 2899 περὶ
1461 2818 1525 2884 τοῦ

217 2913 299 2994 μηδὲ
329 2906 410 2990 τοῦς
438 2913 637 2996 λεγομένους
665 2904 722 2995 ὐφ’
743 2904 912 3000 Ἑλλήνων
942 2915 1099 2999 ἐμφανεῖς
1127 2909 1230 2993 θεοὺς
1257 2917 1313 2980 καὶ
1341 2911 1527 3000 αίσθητοῦς

168 3015 201 3069 25
218 3025 478 3094 προσκυνεῖν,
502 3005 652 3096 φήσομεν
675 3001 730 3080 ὅτι
751 3017 806 3079 καὶ
825 3004 1034 3092 δΜωῦσέως
1056 3006 1160 3097 νόμος
1180 3015 1358 3082 ἐπίσταται
1381 3009 1526 3093 τούτους

219 3099 499 3194 άπανεμηθέντας
526 3113 587 3195 μὲν
612 3105 679 3178 ῦπό
703 3114 766 3178 τοῦ
786 3114 872 3180 θεοῦ
898 3115 1002 3193 ,πᾶσι
1023 3127 1097 3192 τοῖς
1119 3112 1251 3181 ἔθνεσιν
1272 3106 1438 3180 ῦποκάτω
1460 3114 1525 3180 τοῦ

219 3201 419 3290 σῦρανσῦ“
441 3201 554 3277 οῦκέτι
576 3212 611 3277 δέ
632 3213 687 3276 καί
710 3225 783 3289 τοῖς
804 3213 850 3291 είς
872 3211 1045 3297 ἐξαίρετον
1067 3217 1184 3298 μερίδα
1199 3213 1366 3298 ληΙφθεῖσι
1382 3214 1433 3296 τῷ
1449 3215 1523 3298 9εῴ
1542 3221 1592 3274 584

303 3375 403 3430 8Lev.
422 3376 463 3442 19,
482 3375 523 3429 31.
550 3405 583 3413 -
610 3375 650 3430 24
672 3376 735 3446 Vgl.
754 3377 824 3431 oben
844 3378 870 3432 V
888 3378 916 3441 6,
941 3377 1001 3434 3.ss
1022 3378 1049 3432 Z.
1068 3379 1119 3431 2ff.
1138 3395 1164 3432 u.
1182 3377 1216 3432 H.
1234 3377 1322 3444 Diels,
1346 3377 1466 3448 Doxogr.
1484 3395 1524 3446 gr.

220 3475 243 3526 p.
261 3458 319 3523 331,
339 3462 361 3513 1.
386 3459 444 3526 587,
463 3461 544 3526 1561.
562 3490 595 3498 -
613 3460 653 3515 26
672 3460 735 3530 Vgl.
753 3461 833 3516 Deub.
850 3465 875 3522 4,
894 3463 935 3518 19.
953 3492 986 3500 -
1004 3461 1041 3517 27
1062 3461 1125 3531 Vgl.
1144 3461 1221 3516 Deut.
1241 3463 1281 3526 32,
1300 3463 1324 3517 9.

303 3608 321 3662 2
340 3601 437 3676 αῦτῶι,
454 3609 525 3664 doch
543 3629 578 3665 ωι
594 3610 624 3665 in
641 3610 792 3672 Gorrectur,
811 3612 835 3664 A
851 3609 855 3678 Ι
869 3611 887 3666 4
904 3604 996 3684 6666]
1015 3612 1064 3666 das
1082 3611 1219 3682 Schmun-6
1237 3611 1287 3666 auf
1296 3611 1384 3666 Rasur
1395 3615 1421 3666 A
1435 3613 1439 3680 Ι
1453 3631 1523 3682 μαγ-

216 3691 350 3761 γανείαις]
377 3693 403 3747 εί
423 3693 452 3747 in
475 3693 617 3749 correctur
638 3698 664 3748 A
689 3697 693 3764 Ι
716 3695 733 3750 8
759 3691 1011 3764 ἐπακολουθήσετε
1029 3696 1164 3766 MAusgg.
1187 3689 1456 3764 ἐπακολουθήσεται
1473 3697 1520 3764 ΑΙ

216 3772 469 3847 ἐγγαστραμῦθοις
486 3782 510 3832 A
525 3781 530 3848 Ι
545 3780 565 3835 9
582 3775 892 3850 προσκολληθήσεσθε]
911 3799 928 3850 ρ
947 3779 1118 3849 flbergeschr.
1139 3784 1174 3834 A¹
1192 3782 1197 3848 Ι
1212 3776 1405 3850 ἐκμιασθῆναι
1422 3782 1447 3834 A
1462 3781 1466 3848 Ι
1483 3781 1522 3835 19

215 3855 347 3930 μηδόλιος
359 3867 384 3916 A
398 3865 403 3930 Ι
418 3865 456 3918 11
473 3860 596 3934 λέγοντα
614 3881 662 3918 aus
675 3861 814 3933 λέγοντας
830 3880 897 3919 corr.
910 3865 947 3916 A¹
963 3866 967 3933 Ι
984 3865 1021 3920 12
1042 3860 1236 3936 α’ναφέροντα]
1254 3883 1306 3920 ντα
1319 3865 1523 3934 ausgebrochen

216 3945 240 3998 A
255 3946 259 4014 Ι
276 3947 315 4001 13
334 3941 459 4017 ἐποίουν]
478 3967 512 4004 vv
523 3949 725 4017 ausgebrochen
738 3951 764 4002 A
777 3948 782 4016 Ι
797 3948 835 4003 14
851 3943 920 4014 τοὺς
930 3949 1074 4018 ΜΑυεςς,
1087 3949 1141 4018 vgl.
1154 3949 1224 4004 oben
1237 3949 1262 4003 S.
1275 3952 1292 4004 5
1304 3949 1330 4004 Z.
1342 3950 1389 4014 30;
1404 3956 1466 4013 τοῖς
1479 3950 1504 4003 A
1517 3969 1519 4016 Ι

215 4047 270 4084 von
281 4024 349 4095 τοῦς
365 4031 401 4085 ab
419 4049 515 4087 vermu
516 4034 557 4086 ίεί
516 4031 632 4087 ί.Ι)ε1
645 4034 668 4103 (Ι
681 4033 731 4088 563
742 4035 822 4087 Anm.
835 4033 872 4102 d),
884 4033 946 4087 dass
958 4033 1009 4088 auf
1018 4033 1112 4088 Grund
1125 4034 1172 4088 des
1184 4033 1430 4102 Celsusfragmenbs
1442 4033 1523 4101 (oben

217 4115 278 4181 V6,
290 4115 315 4170 S.
328 4116 383 4170 ῦΖ.
401 4115 495 4174 30-3.
507 4117 562 4172 6Z.
575 4118 601 4185 4)
620 4134 650 4172 εσ
668 4135 701 4172 zu
718 4117 861 4172 sehrelben
873 4135 924 4173 εει
942 4111 1011 4182 τοὺς
1027 4125 1089 4182 τοῖς
1105 4113 1136 4173 ἐν
1155 4114 1250 4192 σκότῳ
1267 4136 1324 4173 που
1341 4119 1391 4172 καὶ
1408 4113 1441 4172 ἐκ
1456 4136 1522 4188 γοη-

215 4199 293 4264 τείας
309 4195 521 4270 τυφλαίττσυσι,
543 4204 592 4257 καί
610 4195 644 4256 δι’
665 4196 799 4271 α’μυδρῶν
817 4198 979 4271 φασμάτων
1001 4197 1223 4274 δνειραίττουσιν
1240 4197 1424 4272 ἐγχρίματειν
1440 4205 1521 4272 λεγο-

215 4283 319 4352 μένους
346 4271 378 4340 εὖ
402 4281 481 4354 μάλα
507 4282 718 4358 θρησκεύοντες
742 4287 792 4341 καί
813 4294 875 4351 τοῖς
895 4281 1041 4351 τοιούτοις
1058 4289 1302 4358 προσκυνοῦντες·
1330 4277 1408 4342 σῦτω
1425 4288 1475 4342 καί
1494 4283 1522 4342 ολ

217 4361 284 4443 ήλίῳ
296 4371 345 4424 καί
358 4366 461 4440 σελήνη
472 4363 552 4426 καῖ’
534 4388 653 4441 αστροις
665 4365 785 4435 θύοντες
796 4375 1001 4441 παρανομοῦσι
1013 4374 1081 4434 κτλ,
1095 4370 1161 4425 aber
1173 4371 1221 4425 δεε
1233 4371 1320 4426 ίιίεεεε
1333 4370 1523 4442 denOrigenes

216 4453 301 4508 selbst
289 4457 313 4518 t,
341 4453 389 4508 der
410 4454 471 4509 hier
492 4473 544 4508 nur
562 4455 606 4510 die
625 4456 720 4510 Worbe
738 4455 785 4509 des
804 4455 897 4510 Celsus
914 4454 965 4509 frei
982 4454 1104 4524 benutzt,
1122 4456 1286 4526 corrigieren
1310 4459 1315 4525 Ι
1340 4449 1411 4512 16'
1394 4451 1522 4526 ονειρότ-

215 4556 314 4604 τσντες
329 4540 354 4592 A
369 4538 374 4607 Ι
390 4533 552 4610 ἐγχρίιιτειν
568 4540 594 4593 A
613 4541 617 4608 Ι
638 4540 675 4596 17
697 4530 774 4596 οῦτω
790 4543 893 4608 Ausgg.
917 4542 922 4608 Ι
946 4540 985 4595 22
1009 4535 1114 4610 ἐπίσης.
1132 4559 1153 4595 π
1173 4541 1223 4596 συί
1237 4540 1324 4595 Rasur
1341 4559 1367 4595 u.
1385 4537 1401 4595 ’ί
1412 4541 1442 4594 in
1461 4542 1522 4596 Cor·

215 4627 304 4678 rentur
321 4623 417 4692 11126
435 4621 569 4691 μωυσέος
586 4626 611 4677 A
626 4626 630 4692 Ι
646 4624 685 4681 26
704 4615 759 4679 ῦπδ
778 4641 827 4678 aus
845 4617 903 4679 άπὸ
922 4640 989 4678 corr.
1008 4628 1041 4679 A.
