3780 5538
633 475 733 528 ΚΑΤΑ
760 475 918 528 ΚΕΛΣΟΥ
941 476 1016 532 vlu
1042 475 1083 528 64.
1102 475 1144 530 65.
1473 480 1531 542 281

232 640 286 704 καὶ
310 631 559 724 ταπεινότητος
582 643 714 725 φωνῆς,
737 632 921 726 ἀλλοτρίας
942 632 1109 723 ἀνδρείων
1130 642 1184 706 καί
1206 634 1456 724 μεγαλοψύχων
1478 631 1534 706 άν·

233 739 325 820 δρῶν
358 740 413 803 καὶ
450 734 514 823 τὴν
549 744 737 824 καρτερίαν
767 733 814 819 ῶς
843 743 1003 826 μεγίστην
1033 733 1159 826 άρετὴν
1189 744 1429 820 συναναλαβεῑν
1462 753 1534 816 ταῖς

234 829 352 914 άλλοις
382 830 590 906 ἐθελόντων.
633 838 718 906 ἔνθα
747 841 866 924 μέντοι
896 832 995 906 οῦδὲν
1026 839 1183 906 ἐναντίον
1213 831 1409 923 πράττομεν
1439 830 1535 923 νόμω

234 939 289 1000 καὶ
312 928 404 1022 λόγῳ
427 940 521 1018 θεοῦ,
544 931 585 1005 ού
605 933 830 1024 μεμήναμεν
851 931 925 1006 οὐδ’
946 930 1131 1024 ὁρμῶμεν
1152 929 1240 1005 καθ’
1262 933 1418 1004 ἑαυτῶν
1440 936 1536 1020 ἐχεί-

200 1047 215 1099 5
234 1058 319 1118 ρειν
341 1039 535 1116 βασιλέως
556 1028 576 1124 ἢ
600 1032 798 1105 δυνάστου
819 1033 958 1120 θυμὸν,
978 1039 1042 1105 ἐπὶ
1064 1039 1194 1117 αίκίας
1214 1040 1277 1104 καὶ
1300 1030 1536 1122 βασανιστή-

234 1158 298 1217 ρια
325 1124 429 1220 ἢκαὶ
451 1131 655 1217 θανάτους
678 1129 762 1223 ἡμᾶς
785 1140 967 1221 φέροντα.
996 1131 1195 1223 άνέγνωμεν
1213 1132 1275 1223 γάρ
1293 1139 1349 1203 καὶ
1369 1129 1409 1202 τὸ
1424 1138 1537 1216 ,πάσα

232 1229 324 1320 ψυχὴ
351 1235 513 1318 ἐξουσίαις
538 1229 772 1322 ὑπερεχούσαις
793 1230 1049 1304 ὑποτασσέσθω.
1092 1230 1133 1303 ού
1152 1231 1216 1322 γάρ
1237 1237 1329 1304 ἐστιν
1351 1235 1483 1318 ἐξουσία
1509 1237 1538 1300 εί

233 1329 277 1419 μὴ
299 1327 367 1402 ύπό
390 1337 489 1415 θεοῦ,
512 1336 545 1403 αἱ
572 1337 607 1403 δέ
629 1325 725 1404 οὖσαι
747 1329 813 1403 ῦπό
836 1339 921 1404 θεοῦ
943 1340 1142 1422 τεταγμέναι
1164 1338 1259 1403 εἰσίν·
1289 1324 1378 1403 ῶστε
1400 1333 1432 1402 οί
1455 1325 1537 1403 άνθ-

233 1425 412 1519 εστηκάτες
440 1438 483 1519 τῇ
514 1436 647 1523 ἐξουσίᾳ
678 1441 720 1520 τῇ
747 1439 812 1503 τοῦ
838 1437 923 1503 θεοῦ
944 1437 1084 1519 διαταγῇ
1107 1429 1362 1504 άνθίστανται.“
1404 1436 1441 1501 ἐν
1463 1437 1538 1520 μέν·

184 1542 216 1594 10
234 1557 288 1600 τοι
319 1557 356 1617 γε
387 1548 459 1614 τοῖς
489 1533 535 1614 είς
565 1530 630 1619 τὴν
659 1531 744 1619 πρὸς
774 1527 956 1620 Ῥωμαίους
988 1534 1210 1620 ἐξηγητικοῖς,
1243 1529 1291 1614 ῶς
1322 1529 1469 1602 δυνατὸν
1496 1523 1538 1619 ἦν

236 1624 322 1716 ἡμῖν,
356 1633 410 1700 ἐπὶ
439 1641 559 1701 πλεῖον
589 1639 645 1702 καὶ
674 1637 783 1702 ταῦτα
813 1629 856 1700 τά
884 1626 1016 1720 ῥήματα
1042 1639 1207 1714 ποικίλως
1229 1627 1446 1720 ἐξητάσαμεν·
1476 1637 1539 1702 νῦν

235 1724 267 1798 δ’
290 1724 376 1799 αῦτά
403 1734 449 1812 είς
475 1727 516 1800 τὸ
542 1738 765 1818 προκείμενον
792 1725 1025 1818 ἁπλούστερον
1054 1729 1141 1802 κατά
1173 1729 1237 1820 τὴν
1263 1736 1467 1819 κοινοτέραν
1488 1734 1538 1801 ἐκ-

235 1825 337 1917 δοχὴν
358 1825 622 1917 παρειλήφαμεν,
645 1833 781 1917 ἐπείπερ
803 1835 907 1919 φησὶν
929 1825 947 1900 δ
971 1835 1111 1913 Κέλσος·
1139 1827 1230 1901 ούδέ
1252 1828 1422 1912 τούτους
1444 1826 1540 1899 άνευ

235 1933 447 2016 δαιμονίας
469 1926 603 2015 ἰσχύος
626 1937 708 2000 τῶν
730 1936 823 2017 τῇδε
844 1928 945 2000 εἶναι
967 1925 1224 2018 ἠξιωμένους.

235 2130 446 2197 δυναστῶν
476 2124 727 2212 καταστάσεως,
757 2133 887 2218 πολλῆς
918 2125 1088 2217 ζητήσεως
1110 2123 1212 2217 ούσης
1233 2128 1320 2201 κατά
1342 2128 1407 2200 τὸν
1428 2127 1540 2201 τόπον

235 2225 289 2296 διά
320 2226 400 2309 τούς
432 2222 609 2316 ω’μότερον
639 2233 695 2298 καὶ
727 2225 1024 2315 τυραννικώτερον
1055 2221 1222 2315 ἄρξαντας
1252 2223 1273 2316 ἢ
1305 2229 1387 2311 τοῦς
1412 2232 1449 2299 ἐκ
1476 2234 1540 2300 τοῦ

136 2325 140 2332 ’
235 2323 347 2414 άρχειν
369 2331 424 2397 ἐπὶ
445 2323 575 2415 θρύψιν
595 2332 650 2396 καί
672 2325 809 2416 τρυφὴν
828 2328 1071 2413 ἐξοκείλαντος,
1094 2325 1147 2398 διά
1169 2333 1273 2398 τοῦτο
1296 2331 1350 2399 ἐπὶ
1373 2335 1436 2400 τοῦ
1458 2355 1540 2416 παρ-

235 2421 339 2508 όντος
374 2423 414 2495 τὸ
447 2421 624 2514 πρόβλημα
658 2423 810 2512 ἐξετάσαι
845 2422 1086 2516 ύπερεθέμεθα.
1129 2425 1251 2515 τύχην
1287 2433 1404 2516 μέντοι
1433 2440 1539 2516 βασι-

184 2536 218 2590 20
236 2530 336 2608 λε’ως
358 2523 420 2597 οῦκ
442 2521 616 2615 δμνυμεν
639 2523 687 2610 ῶς
709 2522 784 2597 οὐδ’
807 2521 914 2598 άλλον
937 2522 1165 2616 νομιξύΙμενον
1187 2521 1285 2596 θεόν·
1308 2530 1375 2597 εἴτε
1397 2527 1469 2616 γάρ,
1492 2525 1540 2610 ῶς
1558 2549 1608 2604 791

236 2620 418 2714 ω’νὸμασάν
448 2653 551 2710 τινες,
582 2624 711 2713 ἐκφορά
741 2621 849 2715 μόνον
878 2629 970 2698 ἐστὶν
999 2622 1021 2715 ἦ
1050 2623 1147 2715 τύχη
1173 2619 1301 2713 δμοίως
1327 2623 1459 2714 δοκήσει
1483 2634 1540 2697 καὶ

236 2722 413 2813 διαστάσει,
438 2721 499 2797 οῦκ
522 2722 696 2813 ὅμνυμεν
719 2723 759 2796 τὸ
781 2731 943 2815 μηδαμῶς
966 2718 1007 2796 δν
1030 2721 1078 2807 ῶς
1100 2722 1184 2796 θεὸν
1207 2719 1228 2813 ἢ
1248 2719 1338 2808 ὅλως
1352 2722 1539 2814 ὑφεστηκὸς

235 2831 291 2893 καὶ
321 2820 509 2914 δυνάμενύν
539 2855 573 2896 τι
603 2831 755 2914 ποιῆσαι,
786 2826 841 2896 λ’να
866 2823 911 2914 μὴ
937 2823 1002 2913 τὴι)
1029 2819 1192 2914 ύμοτικὴν
1218 2823 1359 2912 δύναμιν
1386 2830 1432 2907 είς
1453 2820 1473 2895 ά
1495 2824 1539 2914 μὴ

236 2929 288 2994 δεῖ
315 2921 645 3013 παραλαμβάνωμεν,
677 2929 744 2995 εἴτε
773 2931 829 2994 καὶ
858 2916 919 3012 (ῶς
946 2945 1034 2994 τισιν
1067 2927 1180 3010 ἔδοξεν
1207 2929 1348 2995 εἰποῦσι·
1377 2930 1441 2995 τοῦ
1464 2919 1540 2993 Ῥω-

185 3033 218 3086 25
235 3031 344 3110 μαίων
365 3029 554 3108 βασιλέως
576 3021 640 3095 τὸν
655 3029 822 3113 δαίμονα
844 3018 1011 3112 δμνῦσιν
1034 3027 1065 3094 οἱ
1081 3022 1145 3112 τὴν
1161 3022 1286 3112 τύχην
1302 3017 1407 3094 αύτοῦ
1422 3018 1540 3112 ὀμνῦ-

320 3243 337 3298 θ
359 3244 437 3297 λίθω.
456 3245 497 3308 13,
516 3247 539 3297 1.
557 3245 581 3297 2.
599 3273 633 3282 -
653 3245 691 3300 10
714 3243 776 3312 Vgl.
794 3243 932 3314 Origenes,
952 3245 1056 3300 comm.
1073 3244 1103 3298 in
1121 3261 1162 3316 ep.
1180 3245 1223 3298 ad.
1241 3244 1319 3298 Rom.
1338 3243 1412 3314 (Cap.
1425 3244 1466 3310 13,
1479 3247 1502 3298 1.
1515 3244 1542 3312 2)

237 3331 303 3382 tom.
327 3329 364 3382 IX
387 3327 452 3399 Gap.
469 3329 570 3396 λῦσον.
590 3329 633 3396 (=
650 3330 716 3382 tom.
734 3327 786 3382 VII
808 3345 834 3398 p.
852 3328 902 3383 327
912 3346 970 3398 sqq.
994 3331 1035 3384 ed.
1053 3329 1176 3397 Lomm.).
1198 3359 1232 3368 —
1257 3328 1296 3384 19
1320 3328 1383 3398 Vgl.
1401 3327 1542 3390 Eusebius.

237 3412 307 3468 nist.
327 3413 421 3468 eccles.
439 3412 478 3467 IV
498 3415 538 3478 15,
557 3412 590 3467 18
599 3411 628 3466 ff.
652 3411 814 3477 Τεείαθίιιο,
832 3413 911 3482 Apol.
931 3414 994 3484 Cap.
1013 3413 1122 3468 XXXII.
1140 3411 1244 3467 XXXV
1262 3412 1349 3468 Mitte.

325 3611 398 3668 a-4
423 3630 468 3666 am
486 3612 565 3666 nand
583 3629 619 3682 ιη
636 3616 674 3666 A¹
698 3615 702 3680 ι
729 3613 744 3668 ι
773 3593 979 3668 ιπιιιθιιοω
999 3611 1047 3681 [ιο]
1065 3613 1103 3666 ιι
1121 3613 1125 3679 l
1146 3611 1164 3668 ε
1184 3603 1238 3667 σεε
1257 3612 1358 3681 (hinter
1374 3604 1424 3680 μη
1442 3611 1467 3664 A
1485 3603 1542 3664 σου

239 3701 341 3766 Ausgg.
357 3698 361 3764 Ι
377 3696 468 3751 hinter
486 3682 614 3761 οῦσαι-Ι-
624 3691 750 3762 ἐξουσίαι
763 3700 864 3766 Aungg.
880 3699 884 3764 Ι
899 3696 991 3750 hinter
1007 3686 1064 3752 ῦτιδ
1078 3697 1138 3766 (vor
1148 3699 1221 3752 θεοῦ
1233 3697 1299 3766 τετ.)
1313 3705 1345 3760 -Ι-
1356 3697 1410 3751 τοῦ
1419 3695 1522 3763 Ausgg.
1539 3693 1542 3760 Ι

239 3785 258 3837 θ
278 3775 466 3837 ἀνθίστανται
484 3799 533 3836 σου
552 3775 723 3836 ἀνθίσταται
741 3797 807 3836 corr.
821 3785 855 3836 ΔΙ
873 3781 934 3850 118
954 3776 1020 3837 οῦδὲ
1039 3782 1062 3834 Α
1082 3775 1134 3836 οδκ
1151 3781 1194 3834 M²
1210 3780 1401 3850 (Abergesohr.)
1421 3783 1524 3849 Ausgg.
1540 3779 1542 3844 Ι

239 3861 360 3932 τούτους
377 3877 409 3926 <
427 3866 564 3934 MAusgg.
581 3867 585 3934 Ι
601 3865 640 3922 λθ
660 3857 746 3934 οὔσης
763 3858 839 3920 κατά
856 3865 985 3920 verklebt
996 3870 1021 3921 A
1036 3866 1040 3934 Ι
1057 3865 1093 3922 1ί
1114 3858 1257 3938 ἄρξαντας
1274 3859 1292 3934 ἢ
1309 3861 1384 3934 τοὺς]
1404 3883 1438 3930 ας
1450 3857 1467 3934 ἢ
1478 3856 1546 3927 τοὺς

240 3952 327 4006 verkl.
346 3953 370 4006 A
393 3952 399 4020 Ι
424 3952 463 4008 18
481 3957 569 4006 τοῦτο
589 3946 636 4005 ἐπὶ
653 3949 716 4018 τοῦ]
736 3967 752 4004 ο
771 3944 817 4006 ἐπὶ
833 3953 887 4006 τοῦ
904 3950 991 4004 verkl.
1009 3951 1034 4004 A
1058 3952 1062 4017 Ι
1087 3951 1126 4006 Ιθ
1144 3948 1245 4018 μέντοι
1262 3948 1412 4021 βασιλέως]
1432 3966 1461 4003 οι
1478 3951 1546 4019 βασι

239 4035 326 4091 verkl.
344 4039 369 4090 A
388 4036 393 4104 Ι
413 4036 454 4093 20
473 4031 526 4092 οδκ
544 4053 593 4090 aus
611 4028 663 4104 οὐχ
681 4049 748 4088 corr.
765 4034 790 4087 A
805 4034 810 4102 Ι
825 4030 1017 4104 νομιζόμενον
1035 4035 1165 4091 Gelenius
1183 4035 1237 4102 (bei
1254 4034 1305 4090 Ηὸ.
1324 4052 1370 4090 am
1386 4033 1484 4102 θεοῦ),
1501 4033 1545 4102 Sp.

239 4122 299 4176 Del.
316 4121 355 4174 im
372 4121 453 4185 ’λειω
479 4122 637 4188 νομίζομεν
653 4123 678 4174 A
702 4120 706 4187 Ι
724 4110 773 4175 θῶ
793 4136 842 4174 σοι
859 4123 906 4176 θῶ
923 4137 991 4176 corr.
1009 4121 1034 4174 A
1054 4122 1058 4188 Ι
1078 4120 1116 4176 21
1136 4113 1302 4189 οίνόμασάν]
1326 4112 1443 4186 άμασάν
1460 4116 1545 4170 verkl.

240 4210 265 4261 A
280 4208 284 4274 Ι
301 4200 416 4276 δοκήσει
433 4205 524 4260 PDel.
543 4207 651 4260 δοκῶσι
669 4203 753 4260 ΑΗσ.
763 4203 807 4275 Sp.
822 4205 827 4274 Ι
843 4205 882 4262 22
901 4200 1054 4268 διαστάσει,
1074 4198 1127 4260 οὐκ
1140 4195 1275 4274 ὄμνυμενΙ
1294 4220 1338 4259 σει
1351 4194 1433 4258 σῦκά
1450 4201 1545 4263 verld..

241 4291 312 4346 doeh
338 4307 393 4346 von
416 4308 433 4346 σ
455 4289 527 4345 noch
549 4289 594 4344 die
616 4289 692 4344 linke
713 4289 809 4346 HAlste
831 4289 968 4354 σευτλίον,
990 4286 1206 4358 ΑΙδιαστάσει]
1225 4283 1387 4352 διαστάσεις
1405 4285 1546 4356 Πάθη.

241 4375 279 4428 im
296 4376 374 4443 Text,
392 4369 539 4431 διαστάσει
566 4372 683 4429 ΡΙΙΗδ.
694 4373 737 4444 Sp.
764 4390 810 4427 am
835 4373 927 4441 Βασὰ,
949 4372 1009 4428 Del.
1027 4373 1066 4426 im
1081 4372 1163 4436 Ταῦ
1187 4366 1312 4427 διατάσει
1328 4373 1466 4428 vermutet
1487 4369 1547 4424 Del.

242 4461 264 4526 ΙΙ
286 4461 335 4515 791
353 4462 434 4514 Aum.
453 4463 479 4530 a)
497 4463 569 4516 ohne
588 4459 701 4526 Grundl
721 4455 761 4513 λθ
784 4451 950 4527 δυνάμενόν]
969 4453 1067 4528 ’μενον
1083 4457 1170 4512 verkl.
1187 4459 1211 4510 A
1228 4458 1231 4525 Ι
1247 4450 1307 4526 τὴν]
1326 4451 1343 4526 ἡ
1361 4455 1391 4509 in
1406 4455 1548 4510 Conantur

175 4577 179 4586 =
242 4549 266 4600 A
281 4547 285 4612 Ι
301 4544 339 4600 24
356 4541 638 4618 παραλαμβάνομεν]
657 4537 752 4614 λαμβά
770 4541 856 4596 verkl.
875 4545 900 4598 A
923 4544 927 4609 Ι
951 4540 1072 4611 εἰποῦσι]
1095 4540 1225 4597 εἰποῦσιν
1244 4530 1288 4596 ὅτι
1305 4541 1370 4595 1ἱεεί
1386 4541 1435 4596 Βο.
1451 4538 1549 4609 (Notae

242 4649 267 4700 p.
280 4630 340 4698 408)
357 4631 361 4697 Ι
376 4629 415 4687 25
433 4629 584 4704 βασιλέως]
604 4625 725 4692 ασιλέως
743 4626 829 4681 verkl.
847 4630 872 4681 A
887 4628 892 4696 Ι
908 4622 1028 4696 ὄμνυσιν
1044 4630 1175 4696 AAusgg.
