3772 5526
357 461 376 522 6
875 451 1100 540 σοινεσοιπ

357 608 484 702 όρθής
519 612 837 700 τυφλῶττουσιν
872 609 893 704 ἢ
914 610 973 684 Ι’δι
1002 610 1187 703 ἀμυδρῶν
1223 611 1445 704 φασμάτων
1476 609 1668 702 όνειρῶτ·

358 735 499 783 τουσιν
521 715 778 802 ἐγχρίμπτων
800 721 1038 803 λεγομένους
1060 705 1101 785 εὖ
1123 711 1224 803 μάλα
1246 713 1495 804 θρησκεύειν,
1519 713 1613 796 τούς
1639 708 1669 783 θ’

357 815 535 901 ἐναργῶς
562 805 692 894 οῦτως
713 819 778 882 καὶ
799 807 1034 902 λαμπρῶς“
1015 837 1134 884 απασι
1159 813 1512 903 προφητεύοντος,
1541 809 1587 883 δι’
1612 802 1668 882 ῶν

357 907 499 993 ύετούς
519 938 564 982 τε
583 920 648 981 καὶ
668 908 804 1001 θάλπη
825 919 891 983 καὶ
913 918 1011 1000 νέφη
1033 921 1096 984 καὶ
1116 911 1302 1002 βροντὰς,
1318 908 1362 996 ἃς
1383 917 1667 1000 προσκυνοῦσι,

324 1016 421 1080 ὁκαὶ
448 1004 654 1098 ἀστραπὰς
683 1018 747 1082 καὶ
777 1011 955 1100 καρπούς
980 1018 1044 1082 καὶ
1071 1011 1191 1100 γονάς
1217 1007 1368 1095 ἁπάσας
1395 1010 1667 1101 ταμιεύεσθαι,

358 1105 404 1179 δι’
431 1099 487 1180 ῶν
517 1106 657 1192 αύτοῖς
690 1105 1049 1182 ἀνακαλύπτεσθαι
1080 1110 1151 1182 τόν
1177 1109 1288 1195 θεὸν,
1315 1110 1409 1194 τοῦς
1435 1107 1669 1198 φανερωτά-

359 1237 455 1292 τους
490 1215 574 1279 τῶν
603 1205 685 1280 ἀνω
715 1207 901 1299 κήρυκας,
937 1209 1029 1294 τούς
1056 1207 1108 1293 ῶς
1130 1206 1296 1299 ἀληθῶς
1322 1207 1537 1298 ούρανὶους
1558 1206 1669 1298 ἀγγέ-

360 1316 465 1392 λους,
488 1307 660 1392 τούτους
681 1304 864 1398 ἡγεῖσθαι
886 1307 932 1380 τὸ
954 1315 1080 1400 μηδέν.
1107 1315 1144 1382 ἐν
1166 1308 1302 1392 τούτοις
1324 1315 1359 1380 δὲ
1381 1314 1474 1380 δοκεῖ
1485 1336 1544 1396 μοι
1558 1334 1670 1396 συγκε·

358 1405 480 1495 χύσθαι
502 1402 521 1478 ό
538 1414 666 1490 Κέλσος
686 1415 742 1477 καὶ
756 1403 823 1478 ἀπὸ
839 1407 1134 1498 παρακουσμάτων
1149 1405 1169 1480 ά
1184 1407 1228 1498 μή
1244 1403 1316 1496 ήδει
1331 1413 1544 1498 γεγραφέναι·
1567 1413 1670 1494 σαφὲς

310 1522 342 1575 10
361 1505 423 1594 γάρ
445 1525 517 1588 τοῖς
538 1505 582 1576 τό
600 1503 802 1578 Ἰουδαίων
825 1504 1013 1594 ἐξετάζουσι
1027 1516 1083 1579 καὶ
1099 1507 1140 1579 τά
1157 1513 1375 1596 Χριστιανῶν
1390 1512 1531 1588 ἐκείνοις
1546 1504 1668 1577 συνάπ-

362 1628 480 1676 τουσιν
500 1599 554 1677 ότι
576 1611 628 1694 τῶ
650 1611 711 1694 μὲν
733 1602 827 1696 νόμῳ
848 1602 1122 1689 ἀκολουθοῦντες
1143 1603 1339 1690 Ἰουδαῖοι,
1363 1612 1498 1694 λέγοντι
1519 1611 1556 1676 ἐκ
1568 1629 1668 1692 προσ·

361 1705 461 1776 ω’που
483 1711 579 1774 θεοῦ
606 1702 689 1789 ,οῦκ
716 1708 851 1776 έσονταέ
874 1729 927 1776 σοι
952 1711 1059 1796 <θεοὶ>
1085 1708 1192 1794 έτεροι
1220 1704 1311 1794 πλήν
1334 1708 1426 1792 ἐμοῦ.
1460 1701 1500 1775 ού
1520 1702 1669 1794 ποιήσεις

361 1825 493 1891 σεαυτφ
478 1761 647 1873 ειθωλόν
661 1801 738 1875 ούδὲ
752 1803 882 1888 παντός
896 1799 1091 1894 όμσέωμαῇ
1072 1829 1135 1876 οσα
1149 1809 1186 1875 ἐν
1200 1809 1251 1893 τῷ
1263 1801 1398 1892 ούρανῶ
1414 1800 1485 1873 άνω
1496 1833 1551 1874 και
1540 1797 1669 1874 όσαέν

362 1907 403 1989 τῇ
435 1907 476 1990 γή
506 1899 603 1973 κάτω
624 1907 680 1971 καὶ
703 1895 828 1974 όσαέν
809 1923 925 1987 ντοῖς
950 1899 1115 1976 ῦόασιν“
1094 1901 1259 1975 υποκάτω
1288 1909 1348 1992 τῆς
1373 1909 1441 1992 γῆς·
1484 1898 1525 1972 ού
1546 1925 1669 2020 προσ-

310 2021 343 2074 15
361 1999 544 2092 κυνήσεις
565 1997 680 2084 αύτοῖς
702 1999 779 2074 οὐδὲ
800 2002 845 2092 μή
865 2003 1049 2092 λατρεύσης
1064 1999 1207 2086 αύτοῖς,η
1225 1998 1301 2073 ούόέ
1304 1997 1420 2071 νάλλο
1444 2005 1627 2086 σέβουσιν
1649 1995 1668 2088 ή

362 2099 424 2172 τόν
445 2105 501 2172 ἐπὶ
521 2107 603 2172 πᾶσι
625 2097 760 2185 θεὸν,
748 2097 785 2183 ός
806 2106 940 2191 ἐποίησε
967 2101 1040 2174 τόν
1066 2099 1242 2191 ούρανὸν
1269 2107 1324 2172 καὶ
1352 2099 1394 2172 τά
1421 2101 1523 2170 λοιπά
1547 2097 1669 2170 πάντα.

362 2206 466 2290 δῆλον
494 2194 569 2270 6³⁰
552 2227 607 2270 οτι
634 2203 666 2272 οἱ
687 2199 775 2273 κατά
800 2201 863 2272 τόν
888 2198 996 2288 νόμον
1016 2207 1170 2286 βιοῦντες
1192 2207 1378 2285 σέβοντες
1399 2200 1463 2271 τόν
1480 2199 1670 2286 ποιήσαντα

363 2301 436 2372 τόν
468 2296 649 2388 ούρανὸν
676 2297 717 2372 ού
744 2307 968 2384 συσσέβουσι
994 2308 1046 2390 τῶ
1073 2308 1146 2391 θεῶ
1174 2301 1247 2373 τόν
1277 2295 1462 2388 ούρανόν.
1505 2293 1670 2369 ἀλλὰκαὶ

363 2399 456 2482 τοῦς
478 2403 515 2469 ἐν
537 2405 594 2487 τῷ
616 2396 774 2488 ούρανῶ
801 2394 990 2488 ἀγγέλους
1013 2399 1122 2484 οὐδεὶς
1143 2407 1217 2471 τῶν
1235 2395 1471 2472 δουλευόντων
1494 2403 1545 2487 τῶ
1570 2402 1670 2466 ΙΙΙωῦ-

311 2517 345 2570 20
364 2503 449 2581 σέως
470 2494 566 2588 νόμῳ
592 2517 822 2586 προσκυνεῖ·
859 2494 986 2588 ὁμοίως
1008 2505 1043 2570 δὲ
1066 2507 1118 2591 τῷ
1141 2499 1185 2590 μή
1207 2517 1451 2590 προσκυνεῖν
1472 2491 1588 2585 ἥλιον
1610 2501 1671 2566 καὶ

364 2595 539 2686 σελήνην
573 2605 638 2668 καὶ
668 2597 762 2680 τοὺς
796 2594 978 2688 ἀστέρας,
1009 2597 1093 2682 »τὸν
1128 2596 1256 2688 κόσμον
1284 2606 1347 2670 τοῦ
1380 2595 1558 2686 ούρανοῦ,
1593 2591 1671 2665 ἀπέ-

363 2725 482 2786 χονται
504 2703 568 2768 τοῦ
588 2716 833 2786 προσκυνεῖν
855 2695 1033 2788 οὐρανόν
1063 2705 1128 2769 καὶ
1159 2699 1254 2781 τοὺς
1276 2702 1317 2769 ἐν
1347 2695 1441 2787 αύτῷ
1465 2693 1671 2784 ἀγγέλους,

364 2793 563 2886 πειθόμενοι
585 2804 635 2887 τῷ
664 2803 801 2886 λέγοντι
824 2795 968 2888 νόμην,
971 2806 1036 2882 ,καὶ
1058 2797 1102 2888 μή
1125 2794 1317 2924 ἀναβλέψας
1337 2801 1383 2879 εἰς
1406 2793 1472 2866 τόν
1494 2790 1672 2882 ούρανόν

364 2903 419 2965 καὶ
440 2897 525 2967 ἐδῶν
552 2895 617 2969 τόν
640 2890 757 3019 ήλιην
778 2905 833 2968 καὶ
856 2897 920 2986 τήν
946 2895 1117 2986 σελήνην
1147 2904 1203 2968 καὶ
1231 2896 1325 2979 τοὺς
1351 2892 1532 2983 ἀστέρας,
1558 2890 1673 2964 πάντα

314 3013 346 3067 25
365 2994 428 3067 τόν
454 2992 581 3085 κόσμον
607 3003 670 3068 τοῦ
692 2993 854 3086 ούρανοῦ,
863 3003 1063 3119 πλανηθεὶς
1091 2994 1369 3085 προσκυνήσης
1396 2990 1512 3076 αύτοῖς
1541 2999 1595 3064 καὶ
1617 3002 1672 3061 λα-

365 3093 504 3184 τρεύσης
539 3092 670 3182 αύτοῖς,
702 3091 723 3166 ἀ
759 3092 914 3184 ἀπένειμε
948 3097 1066 3184 κύριος
1102 3092 1120 3168 6
1160 3091 1242 3178 θεός
1277 3119 1339 3165 σου
1368 3091 1455 3166 αύτόι
1486 3098 1568 3163 πᾶσι
1599 3111 1672 3174 τοῖς

365 3199 528 3268 ἔθνεσινέ(

446 3299 515 3365 VII.
558 3290 654 3366 Ἀλλά
672 3299 727 3367 καὶ
750 3295 860 3383 εαυτῶ
879 3292 1055 3380 λαβῶν,ἰ
1026 3326 1074 3378 ως
1088 3291 1152 3384 ἄρα
1168 3291 1266 3365 θεόν
1282 3300 1452 3382 νομίζουσι
1468 3291 1539 3364 τόν
1554 3287 1672 3378 ούρα-

366 3395 436 3467 νόν
461 3390 659 3481 Ἰουδαῖοι,
683 3392 799 3484 τούτῳ
822 3391 870 3478 ῶς
892 3389 1026 3465 ἄτοπον
1047 3397 1205 3482 ἐπιφέρει,
1229 3398 1383 3482 ἐγκαλῶν
1405 3411 1477 3474 τοῖς
1498 3415 1672 3479 προσκο-

312 3509 346 3565 30
364 3499 479 3566 νοῦσι
499 3499 561 3582 μὲν
583 3493 655 3565 τὸν
676 3488 852 3582 ούρανὸν
874 3489 950 3580 ούχὶ
965 3499 1000 3564 δὲ
1015 3499 1070 3564 καὶ
1085 3491 1157 3565 τόν
1179 3487 1291 3582 ήλιον
1313 3499 1378 3562 καὶ
1402 3489 1475 3579 τήν
1498 3488 1672 3579 σελήνην

278 3601 427 3664 118ῐκαὶ
460 3593 555 3676 τοῦς
592 3588 774 3681 ἀστέρας,
805 3586 860 3663 ότι
890 3597 995 3662 τοῦτο
1031 3597 1194 3680 ποιοῦΙσιν
1230 3588 1413 3663 Ἰουδαῖοι
1441 3586 1489 3672 ῶς
1516 3586 1671 3678 ἐνδεχό-

451 3775 488 3830 12
507 3773 593 3830 Exod.
611 3778 652 3840 20,
670 3779 695 3833 3.
712 3781 736 3834 4.
755 3781 779 3834 5.
797 3807 830 3817 -
850 3778 888 3833 16
907 3777 969 3847 Vgl.
988 3778 1054 3834 Gen.
1074 3782 1097 3846 1,
1116 3781 1139 3832 7.
1157 3781 1183 3834 8.
1200 3809 1233 3818 -
1250 3777 1361 3834 21-27
1383 3776 1444 3846 Vgl.
1463 3776 1542 3830 Deut.
1562 3781 1587 3842 4,
1607 3779 1646 3830 19.

449 3935 468 3990 θ
487 3925 564 3990 οῦτοι
581 3936 721 4006 MAusgg.
743 3937 748 4005 Ι
771 3937 788 3992 5
808 3937 900 3992 hinter
921 3933 1109 4007 ταμιεύεσθαι
1132 3937 1233 3992 vollen
1259 3939 1307 3992 Bo.
1331 3937 1428 4006 (Notae
1446 3954 1471 4007 p.
1489 3935 1549 4003 389)
1569 3953 1594 3988 u.
1612 3933 1670 3988 Del.

363 4019 386 4086 ΙΙ
403 4019 453 4075 581
471 4022 552 4075 Anm.
566 4021 592 4090 ε)
615 4023 702 4091 δῆλον
719 4021 785 4075 oder
802 4023 887 4076 εῖπεε
904 4009 1055 4078 Ahnliohes
1073 4023 1203 4092 oinfflgen
1220 4022 1287 4077 oder
1304 4025 1454 4090 ergAnzen;
1483 4015 1671 4087 ταμιεύεσθαι

363 4105 420 4159 und
438 4099 690 4162 ἀνακαλύπτεσθαι
708 4107 744 4176 (Ζ.
755 4107 780 4174 6)
798 4106 860 4160 εἰπέ
878 4107 945 4162 aber
961 4107 1036 4162 wohl
1049 4125 1103 4162 von
1121 4107 1208 4162 einem
1223 4105 1353 4168 Verbum,
1371 4105 1423 4159 wie
1441 4105 1590 4173 νομιζουσι
1608 4104 1673 4158 oder

362 4187 486 4259 λέγουσι,
505 4191 646 4261 εοβῖιιςὶς
664 4210 697 4246 zu
711 4191 820 4246 denken
834 4191 839 4260 Ι
856 4192 893 4248 ll
908 4186 941 4246 ἐκ
957 4188 1128 4262 προσώπου]
1145 4212 1164 4248 κ
1178 4209 1219 4263 πρ
1238 4189 1442 4258 ausgebroehen
1459 4191 1483 4242 A
1498 4191 1503 4256 Ι
1521 4189 1558 4244 12
1578 4189 1671 4256 (θεοὶΙ

364 4275 435 4328 nach
453 4275 546 4328 P00ff·
565 4293 591 4331 υ.
604 4276 630 4329 d.
647 4275 721 4330 LXX
738 4292 792 4330 von
810 4275 864 4330 den
881 4279 983 4346 Ausgg.
1002 4277 1144 4347 eingefflgt
1166 4279 1170 4345 Ι
1196 4277 1234 4333 18
1254 4270 1327 4343 οὐδὲ]
1348 4267 1382 4328 ού
1400 4273 1603 4343 ausgebrochen
1622 4273 1646 4326 A
1668 4277 1670 4295 ¹

365 4359 403 4415 15
421 4355 579 4429 λατρεῦσης
597 4361 621 4414 A
639 4355 806 4430 λατρεύσεις
822 4363 925 4430 Ausgg.
941 4362 946 4429 Ι
961 4361 1052 4416 hinter
1069 4355 1140 4418 ἀλλο
1159 4363 1246 4416 Rasur
1256 4360 1282 4412 A
1296 4359 1301 4428 Ι
1317 4361 1451 4426 σεβοῦσιν
1463 4363 1488 4415 A
1503 4361 1507 4426 Ι
1524 4359 1559 4414 l?
1577 4357 1671 4426 δῆλον]

363 4449 381 4512 ῆ
402 4443 428 4496 '1n
439 4445 616 4500 correcturA
632 4447 636 4512 Ι
653 4445 691 4500 18
710 4443 882 4515 συσσέβουσι
899 4448 1001 4514 Ausgg.
1015 4442 1219 4502 συνσεύονσιέ
1235 4447 1238 4505 Ι
1252 4443 1289 4500 19
1307 4440 1439 4510 μινυσέος
1452 4445 1476 4497 A
1491 4446 1495 4512 Ι
1511 4443 1550 4498 25
1569 4445 1672 4509 πλανη-

362 4529 425 4593 θεὶς
447 4545 496 4582 aus
513 4531 669 4599 πλανηθεῖς
686 4545 754 4584 corr.
772 4530 797 4582 A
820 4529 824 4594 Ι
848 4525 1050 4601 προσκυνήσῃς
1067 4531 1191 4585 schreibe
1209 4531 1267 4596 ich,
1284 4522 1497 4598 προσκυνήσεις
1513 4529 1645 4595 AAusgg.
1669 4529 1672 4592 Ι

363 4607 521 4684 λατρεύσης
538 4615 561 4668 A
580 4609 746 4685 λατρεύσεις
763 4613 903 4682 MAusgg.
919 4615 924 4683 Ι
939 4615 979 4670 29
997 4609 1103 4670 τούτωι
1121 4617 1145 4668 A
1163 4621 1250 4669 τοῦτο
1269 4613 1366 4667 Meorr.
1381 4613 1482 4681 Ausgg.
