<?xml version="1.0" encoding="UTF-8"?>
<!DOCTYPE html PUBLIC "-//W3C//DTD XHTML 1.0 Transitional//EN"
    "http://www.w3.org/TR/xhtml1/DTD/xhtml1-transitional.dtd">
<html xmlns="http://www.w3.org/1999/xhtml" xml:lang="en" lang="en">
 <head>
  <title>
</title>
<meta http-equiv="Content-Type" content="text/html;charset=utf-8" />
  <meta name='ocr-system' content='tesseract 3.04.00' />
  <meta name='ocr-capabilities' content='ocr_page ocr_carea ocr_par ocr_line ocrx_word'/>
</head>
<body>
  <div class='ocr_page' id='page_1' title='image "./diegriechischen01wissgoog/diegriechischen01wissgoog_0157.png"; bbox 0 0 3790 5526; ppageno 0'>
   <div class='ocr_carea' id='block_1_1' title="bbox 642 499 1552 570">
    <p class='ocr_par' dir='ltr' id='par_1_1' title="bbox 642 499 1552 570">
     <span class='ocr_line' id='line_1_1' title="bbox 642 499 1552 570; baseline -0.012 -12"><span class='ocrx_word' id='word_1_1' title='bbox 642 500 744 558; x_wconf 78' lang='grc' dir='ltr'><strong><em>ιιιικ</em></strong></span> <span class='ocrx_word' id='word_1_2' title='bbox 770 499 931 555; x_wconf 69' lang='lat' dir='ltr'><strong><em>mmor</em></strong></span> <span class='ocrx_word' id='word_1_3' title='bbox 951 501 993 558; x_wconf 83' lang='grc' dir='ltr'><strong><em>ιι</em></strong></span> <span class='ocrx_word' id='word_1_4' title='bbox 1016 500 1056 554; x_wconf 80' lang='lat'><strong><em>25.</em></strong></span> <span class='ocrx_word' id='word_1_5' title='bbox 1074 500 1115 554; x_wconf 84' lang='lat'><strong><em>26.</em></strong></span> <span class='ocrx_word' id='word_1_6' title='bbox 1138 499 1178 552; x_wconf 78' lang='grc' dir='ltr'><strong><em>ιι.</em></strong></span> <span class='ocrx_word' id='word_1_7' title='bbox 1512 508 1552 570; x_wconf 82' lang='lat'><strong><em>97</em></strong></span> 
     </span>
    </p>
   </div>
   <div class='ocr_carea' id='block_1_2' title="bbox 150 659 1622 3438">
    <p class='ocr_par' dir='ltr' id='par_1_2' title="bbox 150 659 1554 1053">
     <span class='ocr_line' id='line_1_2' title="bbox 150 659 1554 754; baseline -0.001 -19"><span class='ocrx_word' id='word_1_8' title='bbox 150 659 152 662; x_wconf 39' lang='grc'>’</span> <span class='ocrx_word' id='word_1_9' title='bbox 245 687 314 749; x_wconf 87' lang='grc' dir='ltr'><strong><em>σας</em></strong></span> <span class='ocrx_word' id='word_1_10' title='bbox 335 669 409 735; x_wconf 78' lang='grc' dir='ltr'><strong><em>τῶν</em></strong></span> <span class='ocrx_word' id='word_1_11' title='bbox 431 672 510 754; x_wconf 82' lang='grc' dir='ltr'><strong><em>περὶ</em></strong></span> <span class='ocrx_word' id='word_1_12' title='bbox 532 669 593 754; x_wconf 82' lang='grc' dir='ltr'><strong><em>τῆς</em></strong></span> <span class='ocrx_word' id='word_1_13' title='bbox 613 669 822 752; x_wconf 78' lang='grc' dir='ltr'><strong><em>καλουμένης</em></strong></span> <span class='ocrx_word' id='word_1_14' title='bbox 836 661 925 752; x_wconf 82' lang='grc' dir='ltr'><strong><em>παρὰ</em></strong></span> <span class='ocrx_word' id='word_1_15' title='bbox 939 680 1011 744; x_wconf 77' lang='grc' dir='ltr'><strong><em>τοῖς</em></strong></span> <span class='ocrx_word' id='word_1_16' title='bbox 1026 665 1312 750; x_wconf 82' lang='grc' dir='ltr'><strong><em>ἐκκλησιαστικαῖς</em></strong></span> <span class='ocrx_word' id='word_1_17' title='bbox 1334 665 1554 751; x_wconf 81' lang='grc' dir='ltr'><em>σφραγῖδος</em></span> 
     </span>
     <span class='ocr_line' id='line_1_3' title="bbox 247 757 1552 852; baseline -0.002 -19"><span class='ocrx_word' id='word_1_18' title='bbox 247 763 358 852; x_wconf 75' lang='grc' dir='ltr'><strong><em>ἑαυτῷ</em></strong></span> <span class='ocrx_word' id='word_1_19' title='bbox 386 791 462 834; x_wconf 92' lang='grc' dir='ltr'><strong><em>τινα</em></strong></span> <span class='ocrx_word' id='word_1_20' title='bbox 489 767 662 836; x_wconf 73' lang='grc' dir='ltr'><strong><em>ἐκτίθεται</em></strong></span> <span class='ocrx_word' id='word_1_21' title='bbox 689 758 861 834; x_wconf 82' lang='grc' dir='ltr'><strong><em>ἀλλόκοτα</em></strong></span> <span class='ocrx_word' id='word_1_22' title='bbox 885 768 941 831; x_wconf 86' lang='grc' dir='ltr'><strong><em>καὶ</em></strong></span> <span class='ocrx_word' id='word_1_23' title='bbox 963 757 1137 848; x_wconf 88' lang='grc' dir='ltr'><strong><em>ἀμοιβαίας</em></strong></span> <span class='ocrx_word' id='word_1_24' title='bbox 1160 761 1285 848; x_wconf 83' lang='grc' dir='ltr'><strong><em>φωνὰς,</em></strong></span> <span class='ocrx_word' id='word_1_25' title='bbox 1312 759 1360 844; x_wconf 86' lang='grc' dir='ltr'><strong><em>οός</em></strong></span> <span class='ocrx_word' id='word_1_26' title='bbox 1386 768 1459 832; x_wconf 84' lang='grc' dir='ltr'><strong><em>τοῦ</em></strong></span> <span class='ocrx_word' id='word_1_27' title='bbox 1483 767 1552 851; x_wconf 78' lang='grc' dir='ltr'><strong><em>μὲν</em></strong></span> 
     </span>
     <span class='ocr_line' id='line_1_4' title="bbox 247 861 1553 952; baseline -0.002 -20"><span class='ocrx_word' id='word_1_28' title='bbox 247 861 320 952; x_wconf 80' lang='grc' dir='ltr'><strong><em>τὴν</em></strong></span> <span class='ocrx_word' id='word_1_29' title='bbox 357 870 554 952; x_wconf 74' lang='grc' dir='ltr'><strong><em>σφραγῖδα</em></strong></span> <span class='ocrx_word' id='word_1_30' title='bbox 590 867 878 952; x_wconf 78' lang='grc' dir='ltr'><strong><em>περιτιθέντος</em></strong></span> <span class='ocrx_word' id='word_1_31' title='bbox 912 867 1163 949; x_wconf 78' lang='grc' dir='ltr'><strong><em>καλουμένου</em></strong></span> <span class='ocrx_word' id='word_1_32' title='bbox 1198 861 1362 951; x_wconf 86' lang='grc' dir='ltr'><strong><em>πατρὸς,</em></strong></span> <span class='ocrx_word' id='word_1_33' title='bbox 1404 867 1476 932; x_wconf 81' lang='grc' dir='ltr'><strong><em>τοῦ</em></strong></span> <span class='ocrx_word' id='word_1_34' title='bbox 1513 865 1553 933; x_wconf 81' lang='grc' dir='ltr'><strong><em>δὲ</em></strong></span> 
     </span>
     <span class='ocr_line' id='line_1_5' title="bbox 245 957 1553 1053; baseline 0 -23"><span class='ocrx_word' id='word_1_35' title='bbox 245 969 567 1053; x_wconf 78' lang='grc' dir='ltr'><strong><em>σφραγιζομένου</em></strong></span> <span class='ocrx_word' id='word_1_36' title='bbox 590 967 807 1051; x_wconf 79' lang='grc' dir='ltr'><strong><em>λεγομένου</em></strong></span> <span class='ocrx_word' id='word_1_37' title='bbox 826 966 918 1032; x_wconf 83' lang='grc' dir='ltr'><strong><em>νέου</em></strong></span> <span class='ocrx_word' id='word_1_38' title='bbox 939 967 1002 1030; x_wconf 85' lang='grc' dir='ltr'><strong><em>καὶ</em></strong></span> <span class='ocrx_word' id='word_1_39' title='bbox 1024 964 1113 1031; x_wconf 85' lang='grc' dir='ltr'><strong><em>υίοῦ</em></strong></span> <span class='ocrx_word' id='word_1_40' title='bbox 1134 968 1198 1030; x_wconf 90' lang='grc' dir='ltr'><strong><em>καὶ</em></strong></span> <span class='ocrx_word' id='word_1_41' title='bbox 1218 957 1553 1050; x_wconf 90' lang='grc' dir='ltr'><strong><em>ἀποκρινομένου·</em></strong></span> 
     </span>
    </p>

    <p class='ocr_par' dir='ltr' id='par_1_3' title="bbox 212 1055 1622 1548">
     <span class='ocr_line' id='line_1_6' title="bbox 212 1055 1622 1150; baseline -0.002 -20"><span class='ocrx_word' id='word_1_42' title='bbox 212 1067 453 1150; x_wconf 74' lang='grc' dir='ltr'><strong><em>σκέχρισμαι</em></strong></span> <span class='ocrx_word' id='word_1_43' title='bbox 474 1067 661 1150; x_wconf 80' lang='grc' dir='ltr'><strong><em>χρίσματι</em></strong></span> <span class='ocrx_word' id='word_1_44' title='bbox 683 1065 811 1150; x_wconf 79' lang='grc' dir='ltr'><strong><em>λευκῷ</em></strong></span> <span class='ocrx_word' id='word_1_45' title='bbox 839 1064 881 1130; x_wconf 85' lang='grc' dir='ltr'><strong><em>ἐκ</em></strong></span> <span class='ocrx_word' id='word_1_46' title='bbox 907 1058 1027 1146; x_wconf 78' lang='grc' dir='ltr'><strong><em>ξύλου</em></strong></span> <span class='ocrx_word' id='word_1_47' title='bbox 1054 1066 1169 1149; x_wconf 77' lang='grc' dir='ltr'><strong><em>ζωῆς,</em></strong></span> <span class='ocrx_word' id='word_1_48' title='bbox 1195 1071 1198 1146; x_wconf 77' lang='lat' dir='ltr'>l</span> <span class='ocrx_word' id='word_1_49' title='bbox 1223 1055 1307 1150; x_wconf 81' lang='grc' dir='ltr'><strong><em>ὅπερ</em></strong></span> <span class='ocrx_word' id='word_1_50' title='bbox 1330 1056 1400 1130; x_wconf 85' lang='grc' dir='ltr'><strong><em>οδδ</em></strong></span> <span class='ocrx_word' id='word_1_51' title='bbox 1424 1065 1460 1131; x_wconf 89' lang='grc' dir='ltr'><strong><em>ἐν</em></strong></span> <span class='ocrx_word' id='word_1_52' title='bbox 1481 1078 1554 1143; x_wconf 80' lang='grc' dir='ltr'><strong><em>τοῖς</em></strong></span> <span class='ocrx_word' id='word_1_53' title='bbox 1573 1075 1622 1129; x_wconf 84' lang='grc'><strong>651</strong></span> 
     </span>
     <span class='ocr_line' id='line_1_7' title="bbox 246 1155 1553 1250; baseline -0.002 -18"><span class='ocrx_word' id='word_1_54' title='bbox 246 1157 313 1232; x_wconf 83' lang='grc' dir='ltr'><strong><em>ἀπὸ</em></strong></span> <span class='ocrx_word' id='word_1_55' title='bbox 349 1167 424 1233; x_wconf 80' lang='grc' dir='ltr'><strong><em>των</em></strong></span> <span class='ocrx_word' id='word_1_56' title='bbox 459 1165 620 1249; x_wconf 79' lang='grc' dir='ltr'><strong><em>αἱρέσεων</em></strong></span> <span class='ocrx_word' id='word_1_57' title='bbox 653 1157 839 1250; x_wconf 80' lang='grc' dir='ltr'><strong><em>ἠκούσαμεν</em></strong></span> <span class='ocrx_word' id='word_1_58' title='bbox 868 1167 1029 1247; x_wconf 90' lang='grc' dir='ltr'><strong><em>γίνεσθαι.</em></strong></span> <span class='ocrx_word' id='word_1_59' title='bbox 1072 1161 1144 1231; x_wconf 84' lang='grc' dir='ltr'><strong><em>εἶτα</em></strong></span> <span class='ocrx_word' id='word_1_60' title='bbox 1178 1167 1234 1230; x_wconf 83' lang='grc' dir='ltr'><strong><em>καὶ</em></strong></span> <span class='ocrx_word' id='word_1_61' title='bbox 1269 1156 1416 1250; x_wconf 85' lang='grc' dir='ltr'><strong><em>ἀριθμὸν</em></strong></span> <span class='ocrx_word' id='word_1_62' title='bbox 1452 1155 1553 1249; x_wconf 77' lang='grc' dir='ltr'><strong><em>ὁρίζει</em></strong></span> 
     </span>
     <span class='ocr_line' id='line_1_8' title="bbox 245 1255 1553 1351; baseline 0.001 -22"><span class='ocrx_word' id='word_1_63' title='bbox 245 1257 462 1348; x_wconf 86' lang='grc' dir='ltr'><strong><em>λεγόμενον</em></strong></span> <span class='ocrx_word' id='word_1_64' title='bbox 493 1256 569 1332; x_wconf 75' lang='grc' dir='ltr'><strong><em>ἀπὸ</em></strong></span> <span class='ocrx_word' id='word_1_65' title='bbox 599 1265 683 1332; x_wconf 77' lang='grc' dir='ltr'><strong><em>τῶν</em></strong></span> <span class='ocrx_word' id='word_1_66' title='bbox 709 1255 1019 1351; x_wconf 78' lang='grc' dir='ltr'><strong><em>παραδιδόντων</em></strong></span> <span class='ocrx_word' id='word_1_67' title='bbox 1048 1257 1122 1348; x_wconf 83' lang='grc' dir='ltr'><strong><em>τὴν</em></strong></span> <span class='ocrx_word' id='word_1_68' title='bbox 1151 1265 1348 1348; x_wconf 82' lang='grc' dir='ltr'><strong><em>σφραγῖδα</em></strong></span> <span class='ocrx_word' id='word_1_69' title='bbox 1377 1255 1553 1348; x_wconf 86' lang='grc' dir='ltr'><strong><em>ἀγγέλων</em></strong></span> 
     </span>
     <span class='ocr_line' id='line_1_9' title="bbox 246 1354 1553 1450; baseline 0.002 -23"><span class='ocrx_word' id='word_1_70' title='bbox 246 1358 361 1444; x_wconf 75' lang='grc' dir='ltr'><strong><em>ἑπτὰ,</em></strong></span> <span class='ocrx_word' id='word_1_71' title='bbox 396 1359 649 1447; x_wconf 78' lang='grc' dir='ltr'><strong><em>ἑκατέρωθεν</em></strong></span> <span class='ocrx_word' id='word_1_72' title='bbox 675 1368 723 1450; x_wconf 75' lang='grc' dir='ltr'><strong><em>τῇ</em></strong></span> <span class='ocrx_word' id='word_1_73' title='bbox 752 1367 856 1449; x_wconf 79' lang='grc' dir='ltr'><strong><em>ψυχῇ</em></strong></span> <span class='ocrx_word' id='word_1_74' title='bbox 884 1365 956 1429; x_wconf 86' lang='grc' dir='ltr'><strong><em>τοῦ</em></strong></span> <span class='ocrx_word' id='word_1_75' title='bbox 981 1354 1345 1448; x_wconf 85' lang='grc' dir='ltr'><strong><em>ἀπαλλαττομένου</em></strong></span> <span class='ocrx_word' id='word_1_76' title='bbox 1370 1358 1553 1449; x_wconf 81' lang='grc' dir='ltr'><strong><em>σώματος</em></strong></span> 
     </span>
     <span class='ocr_line' id='line_1_10' title="bbox 245 1454 1552 1548; baseline 0.001 -19"><span class='ocrx_word' id='word_1_77' title='bbox 245 1463 538 1548; x_wconf 89' lang='grc' dir='ltr'><strong><em>ἐφισταμένων,</em></strong></span> <span class='ocrx_word' id='word_1_78' title='bbox 565 1466 648 1530; x_wconf 78' lang='grc' dir='ltr'><strong><em>τῶν</em></strong></span> <span class='ocrx_word' id='word_1_79' title='bbox 673 1467 742 1548; x_wconf 78' lang='grc' dir='ltr'><strong><em>μὲν</em></strong></span> <span class='ocrx_word' id='word_1_80' title='bbox 767 1466 840 1530; x_wconf 86' lang='grc' dir='ltr'><strong><em>τοῦ</em></strong></span> <span class='ocrx_word' id='word_1_81' title='bbox 867 1456 1003 1546; x_wconf 89' lang='grc' dir='ltr'><strong><em>φωτὸς</em></strong></span> <span class='ocrx_word' id='word_1_82' title='bbox 1026 1460 1175 1546; x_wconf 75' lang='grc' dir='ltr'><strong><em>ἑτέρων</em></strong></span> <span class='ocrx_word' id='word_1_83' title='bbox 1198 1463 1236 1530; x_wconf 78' lang='grc' dir='ltr'><strong><em>δὲ</em></strong></span> <span class='ocrx_word' id='word_1_84' title='bbox 1259 1465 1340 1530; x_wconf 83' lang='grc' dir='ltr'><strong><em>των</em></strong></span> <span class='ocrx_word' id='word_1_85' title='bbox 1362 1454 1552 1548; x_wconf 84' lang='grc' dir='ltr'><strong><em>ὀνομαζο-</em></strong></span> 
     </span>
    </p>

    <p class='ocr_par' dir='ltr' id='par_1_4' title="bbox 195 1553 1551 1649">
     <span class='ocr_line' id='line_1_11' title="bbox 195 1553 1551 1649; baseline 0.004 -25"><span class='ocrx_word' id='word_1_86' title='bbox 195 1571 228 1626; x_wconf 88' lang='grc'><strong>10</strong></span> <span class='ocrx_word' id='word_1_87' title='bbox 244 1563 378 1648; x_wconf 86' lang='grc' dir='ltr'><strong><em>μένων</em></strong></span> <span class='ocrx_word' id='word_1_88' title='bbox 404 1555 671 1648; x_wconf 82' lang='grc' dir='ltr'><strong><em>ἀρχοντικων,</em></strong></span> <span class='ocrx_word' id='word_1_89' title='bbox 702 1565 757 1630; x_wconf 82' lang='grc' dir='ltr'><strong><em>καί</em></strong></span> <span class='ocrx_word' id='word_1_90' title='bbox 785 1563 872 1647; x_wconf 84' lang='grc' dir='ltr'><strong><em>λέγει</em></strong></span> <span class='ocrx_word' id='word_1_91' title='bbox 898 1556 971 1628; x_wconf 89' lang='grc' dir='ltr'><strong><em>τὸν</em></strong></span> <span class='ocrx_word' id='word_1_92' title='bbox 997 1554 1174 1646; x_wconf 81' lang='grc' dir='ltr'><strong><em>ἄρχοντα</em></strong></span> <span class='ocrx_word' id='word_1_93' title='bbox 1202 1564 1284 1628; x_wconf 77' lang='grc' dir='ltr'><strong><em>τῶν</em></strong></span> <span class='ocrx_word' id='word_1_94' title='bbox 1311 1553 1551 1649; x_wconf 80' lang='grc' dir='ltr'><strong><em>ὀνομαζομέ-</em></strong></span> 
     </span>
    </p>

    <p class='ocr_par' dir='ltr' id='par_1_5' title="bbox 162 1653 1259 1748">
     <span class='ocr_line' id='line_1_12' title="bbox 162 1653 1259 1748; baseline -0.001 -20"><span class='ocrx_word' id='word_1_95' title='bbox 162 1669 227 1721; x_wconf 68' lang='grc'><strong>1471</strong></span> <span class='ocrx_word' id='word_1_96' title='bbox 245 1685 327 1728; x_wconf 91' lang='grc' dir='ltr'><strong><em>νων</em></strong></span> <span class='ocrx_word' id='word_1_97' title='bbox 349 1653 603 1746; x_wconf 83' lang='grc' dir='ltr'><strong><em>ἀρχοντικῶν</em></strong></span> <span class='ocrx_word' id='word_1_98' title='bbox 625 1665 811 1748; x_wconf 88' lang='grc' dir='ltr'><strong><em>λέγεσθαι</em></strong></span> <span class='ocrx_word' id='word_1_99' title='bbox 831 1654 929 1728; x_wconf 86' lang='grc' dir='ltr'><strong><em>θεὸν</em></strong></span> <span class='ocrx_word' id='word_1_100' title='bbox 949 1663 953 1744; x_wconf 75' lang='lat' dir='ltr'>l</span> <span class='ocrx_word' id='word_1_101' title='bbox 972 1662 1259 1746; x_wconf 83' lang='grc' dir='ltr'><strong><em>κατηραμένον.</em></strong></span> 
     </span>
    </p>

    <p class='ocr_par' dir='ltr' id='par_1_6' title="bbox 245 1752 1563 2048">
     <span class='ocr_line' id='line_1_13' title="bbox 328 1752 1563 1846; baseline 0.003 -20"><span class='ocrx_word' id='word_1_102' title='bbox 328 1752 388 1827; x_wconf 76' lang='grc' dir='ltr'><strong><em>εἰτ’</em></strong></span> <span class='ocrx_word' id='word_1_103' title='bbox 421 1755 663 1845; x_wconf 81' lang='grc' dir='ltr'><strong><em>ἐπιλαβόμενος</em></strong></span> <span class='ocrx_word' id='word_1_104' title='bbox 699 1763 759 1846; x_wconf 79' lang='grc' dir='ltr'><strong><em>τῆς</em></strong></span> <span class='ocrx_word' id='word_1_105' title='bbox 796 1763 919 1842; x_wconf 81' lang='grc' dir='ltr'><strong><em>λέξεως</em></strong></span> <span class='ocrx_word' id='word_1_106' title='bbox 954 1752 1101 1844; x_wconf 78' lang='grc' dir='ltr'><strong><em>εὐλόγως</em></strong></span> <span class='ocrx_word' id='word_1_107' title='bbox 1131 1777 1314 1846; x_wconf 82' lang='grc' dir='ltr'><strong><em>κατηγορεῖ</em></strong></span> <span class='ocrx_word' id='word_1_108' title='bbox 1342 1767 1416 1830; x_wconf 79' lang='grc' dir='ltr'><strong><em>τῶν</em></strong></span> <span class='ocrx_word' id='word_1_109' title='bbox 1446 1753 1563 1830; x_wconf 81' lang='grc' dir='ltr'><strong><em>τοῦτοΙ</em></strong></span> 
     </span>
     <span class='ocr_line' id='line_1_14' title="bbox 245 1851 1552 1948; baseline 0.003 -22"><span class='ocrx_word' id='word_1_110' title='bbox 245 1855 461 1943; x_wconf 80' lang='grc' dir='ltr'><strong><em>τολμώντων</em></strong></span> <span class='ocrx_word' id='word_1_111' title='bbox 483 1863 604 1946; x_wconf 86' lang='grc' dir='ltr'><strong><em>λέγειν·</em></strong></span> <span class='ocrx_word' id='word_1_112' title='bbox 632 1854 760 1927; x_wconf 83' lang='grc' dir='ltr'><strong><em>τούτου</em></strong></span> <span class='ocrx_word' id='word_1_113' title='bbox 781 1851 810 1925; x_wconf 88' lang='grc' dir='ltr'><strong><em>δ</em></strong></span> <span class='ocrx_word' id='word_1_114' title='bbox 833 1856 929 1925; x_wconf 74' lang='grc' dir='ltr'><strong><em>ἕνεκα</em></strong></span> <span class='ocrx_word' id='word_1_115' title='bbox 950 1863 1005 1924; x_wconf 84' lang='grc' dir='ltr'><strong><em>καὶ</em></strong></span> <span class='ocrx_word' id='word_1_116' title='bbox 1027 1851 1118 1944; x_wconf 80' lang='grc' dir='ltr'><strong><em>ἡμεῖς</em></strong></span> <span class='ocrx_word' id='word_1_117' title='bbox 1140 1864 1457 1948; x_wconf 87' lang='grc' dir='ltr'><strong><em>συναγανακτοῦμεν</em></strong></span> <span class='ocrx_word' id='word_1_118' title='bbox 1480 1877 1552 1943; x_wconf 82' lang='grc' dir='ltr'><strong><em>τοϊς</em></strong></span> 
     </span>
     <span class='ocr_line' id='line_1_15' title="bbox 245 1951 1552 2048; baseline 0.002 -24"><span class='ocrx_word' id='word_1_119' title='bbox 245 1961 470 2044; x_wconf 87' lang='grc' dir='ltr'><strong><em>μεμφομένοις</em></strong></span> <span class='ocrx_word' id='word_1_120' title='bbox 492 1956 572 2038; x_wconf 82' lang='grc' dir='ltr'><strong><em>τούς</em></strong></span> <span class='ocrx_word' id='word_1_121' title='bbox 593 1954 781 2038; x_wconf 79' lang='grc' dir='ltr'><strong><em>τοιούτους,</em></strong></span> <span class='ocrx_word' id='word_1_122' title='bbox 803 1960 832 2025; x_wconf 87' lang='grc' dir='ltr'><strong><em>εί</em></strong></span> <span class='ocrx_word' id='word_1_123' title='bbox 853 1951 894 2043; x_wconf 82' lang='grc' dir='ltr'><strong><em>δή</em></strong></span> <span class='ocrx_word' id='word_1_124' title='bbox 917 1983 1005 2037; x_wconf 91' lang='grc' dir='ltr'><strong><em>τινες</em></strong></span> <span class='ocrx_word' id='word_1_125' title='bbox 1022 1960 1082 2024; x_wconf 89' lang='grc' dir='ltr'><strong><em>είσὶ</em></strong></span> <span class='ocrx_word' id='word_1_126' title='bbox 1104 1961 1292 2042; x_wconf 86' lang='grc' dir='ltr'><strong><em>λέγοντες</em></strong></span> <span class='ocrx_word' id='word_1_127' title='bbox 1313 1955 1411 2029; x_wconf 84' lang='grc' dir='ltr'><strong><em>θεὸν</em></strong></span> <span class='ocrx_word' id='word_1_128' title='bbox 1433 1987 1552 2048; x_wconf 88' lang='grc' dir='ltr'><strong><em>κατη-</em></strong></span> 
     </span>
    </p>

    <p class='ocr_par' dir='ltr' id='par_1_7' title="bbox 195 2048 1552 2542">
     <span class='ocr_line' id='line_1_16' title="bbox 195 2048 1552 2142; baseline 0.003 -18"><span class='ocrx_word' id='word_1_129' title='bbox 195 2072 227 2125; x_wconf 82' lang='lat'><strong><em>15</em></strong></span> <span class='ocrx_word' id='word_1_130' title='bbox 246 2058 422 2142; x_wconf 88' lang='grc' dir='ltr'><strong><em>ραμένον</em></strong></span> <span class='ocrx_word' id='word_1_131' title='bbox 445 2053 516 2126; x_wconf 88' lang='grc' dir='ltr'><strong><em>τὸν</em></strong></span> <span class='ocrx_word' id='word_1_132' title='bbox 538 2051 752 2140; x_wconf 80' lang='grc' dir='ltr'><strong><em>Ἰουδαίων,</em></strong></span> <span class='ocrx_word' id='word_1_133' title='bbox 775 2052 848 2125; x_wconf 89' lang='grc' dir='ltr'><strong><em>τὸν</em></strong></span> <span class='ocrx_word' id='word_1_134' title='bbox 869 2048 995 2124; x_wconf 75' lang='grc' dir='ltr'><strong><em>ὕοντα</em></strong></span> <span class='ocrx_word' id='word_1_135' title='bbox 1013 2061 1076 2124; x_wconf 86' lang='grc' dir='ltr'><strong><em>καὶ</em></strong></span> <span class='ocrx_word' id='word_1_136' title='bbox 1091 2062 1327 2142; x_wconf 78' lang='grc' dir='ltr'><strong><em>βροντῶντα</em></strong></span> <span class='ocrx_word' id='word_1_137' title='bbox 1348 2063 1412 2126; x_wconf 89' lang='grc' dir='ltr'><strong><em>καὶ</em></strong></span> <span class='ocrx_word' id='word_1_138' title='bbox 1435 2063 1552 2128; x_wconf 85' lang='grc' dir='ltr'><strong><em>τοῦδε</em></strong></span> 
     </span>
     <span class='ocr_line' id='line_1_17' title="bbox 247 2150 1552 2244; baseline 0.003 -22"><span class='ocrx_word' id='word_1_139' title='bbox 247 2159 318 2224; x_wconf 85' lang='grc' dir='ltr'><strong><em>τοῦ</em></strong></span> <span class='ocrx_word' id='word_1_140' title='bbox 348 2150 496 2244; x_wconf 87' lang='grc' dir='ltr'><strong><em>κόσμου</em></strong></span> <span class='ocrx_word' id='word_1_141' title='bbox 526 2152 772 2244; x_wconf 89' lang='grc' dir='ltr'><strong><em>δημιουργόν</em></strong></span> <span class='ocrx_word' id='word_1_142' title='bbox 804 2161 868 2223; x_wconf 86' lang='grc' dir='ltr'><strong><em>καὶ</em></strong></span> <span class='ocrx_word' id='word_1_143' title='bbox 898 2158 1102 2236; x_wconf 83' lang='grc' dir='ltr'><strong><em>Μωῦσέως</em></strong></span> <span class='ocrx_word' id='word_1_144' title='bbox 1132 2162 1198 2224; x_wconf 88' lang='grc' dir='ltr'><strong><em>καὶ</em></strong></span> <span class='ocrx_word' id='word_1_145' title='bbox 1227 2159 1297 2244; x_wconf 81' lang='grc' dir='ltr'><strong><em>τῆς</em></strong></span> <span class='ocrx_word' id='word_1_146' title='bbox 1326 2152 1414 2226; x_wconf 82' lang='grc' dir='ltr'><strong><em>κατ’</em></strong></span> <span class='ocrx_word' id='word_1_147' title='bbox 1444 2152 1552 2226; x_wconf 77' lang='grc' dir='ltr'><strong><em>αὐτόν</em></strong></span> 
     </span>
     <span class='ocr_line' id='line_1_18' title="bbox 244 2248 1551 2342; baseline 0.002 -20"><span class='ocrx_word' id='word_1_148' title='bbox 244 2260 508 2342; x_wconf 81' lang='grc' dir='ltr'><strong><em>κοσμοποιίας</em></strong></span> <span class='ocrx_word' id='word_1_149' title='bbox 534 2248 639 2324; x_wconf 89' lang='grc' dir='ltr'><strong><em>θεόν.</em></strong></span> <span class='ocrx_word' id='word_1_150' title='bbox 681 2249 754 2324; x_wconf 85' lang='grc' dir='ltr'><strong><em>ἀλλ’</em></strong></span> <span class='ocrx_word' id='word_1_151' title='bbox 778 2255 866 2324; x_wconf 86' lang='grc' dir='ltr'><strong><em>ἐοικε</em></strong></span> <span class='ocrx_word' id='word_1_152' title='bbox 887 2258 1110 2341; x_wconf 84' lang='grc' dir='ltr'><strong><em>βεβουλῆσθοί</em></strong></span> <span class='ocrx_word' id='word_1_153' title='bbox 1136 2282 1169 2324; x_wconf 93' lang='grc' dir='ltr'><strong><em>τι</em></strong></span> <span class='ocrx_word' id='word_1_154' title='bbox 1192 2252 1245 2324; x_wconf 80' lang='grc' dir='ltr'><strong><em>διὰ</em></strong></span> <span class='ocrx_word' id='word_1_155' title='bbox 1269 2252 1403 2325; x_wconf 86' lang='grc' dir='ltr'><strong><em>τούτων</em></strong></span> <span class='ocrx_word' id='word_1_156' title='bbox 1426 2249 1444 2324; x_wconf 88' lang='grc' dir='ltr'><strong><em>ό</em></strong></span> <span class='ocrx_word' id='word_1_157' title='bbox 1469 2261 1551 2326; x_wconf 85' lang='grc' dir='ltr'><strong><em>Κέλ-</em></strong></span> 
     </span>
     <span class='ocr_line' id='line_1_19' title="bbox 245 2347 1551 2442; baseline -0.001 -19"><span class='ocrx_word' id='word_1_158' title='bbox 245 2375 303 2436; x_wconf 90' lang='grc' dir='ltr'><strong><em>σος</em></strong></span> <span class='ocrx_word' id='word_1_159' title='bbox 325 2349 396 2424; x_wconf 73' lang='grc' dir='ltr'><strong><em>οὐκ·</em></strong></span> <span class='ocrx_word' id='word_1_160' title='bbox 408 2349 586 2442; x_wconf 78' lang='grc' dir='ltr'><strong><em>εὔγνωμον</em></strong></span> <span class='ocrx_word' id='word_1_161' title='bbox 608 2349 681 2423; x_wconf 84' lang='grc' dir='ltr'><strong><em>ἀλλ’</em></strong></span> <span class='ocrx_word' id='word_1_162' title='bbox 705 2348 855 2423; x_wconf 85' lang='grc' dir='ltr'><strong><em>ἀπὸτοῦ</em></strong></span> <span class='ocrx_word' id='word_1_163' title='bbox 875 2348 953 2421; x_wconf 78' lang='grc' dir='ltr'><strong><em>καθ’</em></strong></span> <span class='ocrx_word' id='word_1_164' title='bbox 977 2347 1073 2440; x_wconf 81' lang='grc' dir='ltr'><strong><em>ἡμῶν</em></strong></span> <span class='ocrx_word' id='word_1_165' title='bbox 1095 2348 1311 2439; x_wconf 89' lang='grc' dir='ltr'><strong><em>ἀφιλοσόφου</em></strong></span> <span class='ocrx_word' id='word_1_166' title='bbox 1330 2361 1445 2442; x_wconf 89' lang='grc' dir='ltr'><strong><em>μίσους</em></strong></span> <span class='ocrx_word' id='word_1_167' title='bbox 1460 2352 1551 2425; x_wconf 83' lang='grc' dir='ltr'><strong><em>πάνυ</em></strong></span> 
     </span>
     <span class='ocr_line' id='line_1_20' title="bbox 244 2446 1551 2542; baseline 0.002 -20"><span class='ocrx_word' id='word_1_168' title='bbox 244 2447 556 2542; x_wconf 85' lang='grc' dir='ltr'><strong><em>ἀγνωμονέστατον.</em></strong></span> <span class='ocrx_word' id='word_1_169' title='bbox 598 2449 768 2542; x_wconf 82' lang='grc' dir='ltr'><strong><em>ἐβουλήθη</em></strong></span> <span class='ocrx_word' id='word_1_170' title='bbox 794 2451 857 2540; x_wconf 83' lang='grc' dir='ltr'><strong><em>γὰρ</em></strong></span> <span class='ocrx_word' id='word_1_171' title='bbox 884 2450 963 2534; x_wconf 82' lang='grc' dir='ltr'><strong><em>τούς</em></strong></span> <span class='ocrx_word' id='word_1_172' title='bbox 990 2446 1147 2539; x_wconf 78' lang='grc' dir='ltr'><strong><em>ἀπείρους</em></strong></span> <span class='ocrx_word' id='word_1_173' title='bbox 1168 2459 1242 2522; x_wconf 81' lang='grc' dir='ltr'><strong><em>τῶν</em></strong></span> <span class='ocrx_word' id='word_1_174' title='bbox 1264 2447 1436 2541; x_wconf 79' lang='grc' dir='ltr'><strong><em>ἡμετέρων</em></strong></span> <span class='ocrx_word' id='word_1_175' title='bbox 1457 2458 1551 2524; x_wconf 89' lang='grc' dir='ltr'><strong><em>ἐντυ-</em></strong></span> 
     </span>
    </p>

    <p class='ocr_par' dir='ltr' id='par_1_8' title="bbox 192 2547 1551 3039">
     <span class='ocr_line' id='line_1_21' title="bbox 192 2547 1550 2644; baseline 0.002 -24"><span class='ocrx_word' id='word_1_176' title='bbox 192 2565 227 2620; x_wconf 89' lang='grc'><strong>20</strong></span> <span class='ocrx_word' id='word_1_177' title='bbox 242 2547 368 2639; x_wconf 89' lang='grc' dir='ltr'><strong><em>χόντας</em></strong></span> <span class='ocrx_word' id='word_1_178' title='bbox 394 2549 501 2622; x_wconf 83' lang='grc' dir='ltr'><strong><em>αάτοῦ</em></strong></span> <span class='ocrx_word' id='word_1_179' title='bbox 527 2559 570 2640; x_wconf 78' lang='grc' dir='ltr'><strong><em>τῇ</em></strong></span> <span class='ocrx_word' id='word_1_180' title='bbox 596 2558 708 2639; x_wconf 79' lang='grc' dir='ltr'><strong><em>γραφῇ</em></strong></span> <span class='ocrx_word' id='word_1_181' title='bbox 734 2558 930 2638; x_wconf 81' lang='grc' dir='ltr'><strong><em>πολεμῶσαι</em></strong></span> <span class='ocrx_word' id='word_1_182' title='bbox 951 2547 1038 2639; x_wconf 87' lang='grc' dir='ltr'><strong><em>πρὸς</em></strong></span> <span class='ocrx_word' id='word_1_183' title='bbox 1059 2547 1153 2640; x_wconf 78' lang='grc' dir='ltr'><strong><em>ἡμᾶς,</em></strong></span> <span class='ocrx_word' id='word_1_184' title='bbox 1180 2548 1229 2634; x_wconf 73' lang='grc' dir='ltr'><strong><em>οδς</em></strong></span> <span class='ocrx_word' id='word_1_185' title='bbox 1254 2550 1354 2622; x_wconf 85' lang='grc' dir='ltr'><strong><em>θεὸν</em></strong></span> <span class='ocrx_word' id='word_1_186' title='bbox 1379 2581 1550 2644; x_wconf 91' lang='grc' dir='ltr'><strong><em>κατηρα-</em></strong></span> 
     </span>
     <span class='ocr_line' id='line_1_22' title="bbox 239 2645 1550 2742; baseline 0.001 -21"><span class='ocrx_word' id='word_1_187' title='bbox 239 2656 364 2738; x_wconf 76' lang='grc' dir='ltr'><strong><em>’μένον</em></strong></span> <span class='ocrx_word' id='word_1_188' title='bbox 394 2657 585 2741; x_wconf 87' lang='grc' dir='ltr'><strong><em>λέγοντας</em></strong></span> <span class='ocrx_word' id='word_1_189' title='bbox 617 2649 688 2722; x_wconf 89' lang='grc' dir='ltr'><strong><em>τόν</em></strong></span> <span class='ocrx_word' id='word_1_190' title='bbox 721 2655 837 2722; x_wconf 85' lang='grc' dir='ltr'><strong><em>τοῦδε</em></strong></span> <span class='ocrx_word' id='word_1_191' title='bbox 872 2655 945 2721; x_wconf 85' lang='grc' dir='ltr'><strong><em>τοῦ</em></strong></span> <span class='ocrx_word' id='word_1_192' title='bbox 979 2645 1130 2737; x_wconf 89' lang='grc' dir='ltr'><strong><em>κόσμου</em></strong></span> <span class='ocrx_word' id='word_1_193' title='bbox 1159 2649 1266 2722; x_wconf 90' lang='grc' dir='ltr'><strong><em>καλὸν</em></strong></span> <span class='ocrx_word' id='word_1_194' title='bbox 1296 2649 1550 2742; x_wconf 92' lang='grc' dir='ltr'><strong><em>δημιουργόν.</em></strong></span> 
     </span>
     <span class='ocr_line' id='line_1_23' title="bbox 243 2745 1551 2841; baseline 0.003 -22"><span class='ocrx_word' id='word_1_195' title='bbox 243 2758 299 2820; x_wconf 85' lang='grc' dir='ltr'><strong><em>καὶ</em></strong></span> <span class='ocrx_word' id='word_1_196' title='bbox 327 2755 421 2821; x_wconf 78' lang='grc' dir='ltr'><strong><em>δοκεῖ</em></strong></span> <span class='ocrx_word' id='word_1_197' title='bbox 444 2779 502 2839; x_wconf 92' lang='grc' dir='ltr'><strong><em>μοι</em></strong></span> <span class='ocrx_word' id='word_1_198' title='bbox 528 2747 767 2839; x_wconf 84' lang='grc' dir='ltr'><strong><em>παραπλήσιον</em></strong></span> <span class='ocrx_word' id='word_1_199' title='bbox 787 2745 991 2832; x_wconf 83' lang='grc' dir='ltr'><strong><em>Ἰουδαίοις</em></strong></span> <span class='ocrx_word' id='word_1_200' title='bbox 1016 2755 1247 2838; x_wconf 83' lang='grc' dir='ltr'><strong><em>πεποιηκέναι,</em></strong></span> <span class='ocrx_word' id='word_1_201' title='bbox 1274 2769 1347 2834; x_wconf 82' lang='grc' dir='ltr'><strong><em>τοῖς</em></strong></span> <span class='ocrx_word' id='word_1_202' title='bbox 1373 2750 1460 2823; x_wconf 81' lang='grc' dir='ltr'><strong><em>κατὰ</em></strong></span> <span class='ocrx_word' id='word_1_203' title='bbox 1487 2751 1551 2841; x_wconf 82' lang='grc' dir='ltr'><strong><em>τὴν</em></strong></span> 
     </span>
     <span class='ocr_line' id='line_1_24' title="bbox 243 2845 1551 2941; baseline 0.003 -22"><span class='ocrx_word' id='word_1_204' title='bbox 243 2845 349 2938; x_wconf 82' lang='grc' dir='ltr'><strong><em>ἀρχὴν</em></strong></span> <span class='ocrx_word' id='word_1_205' title='bbox 372 2855 464 2938; x_wconf 83' lang='grc' dir='ltr'><strong><em>&lt;τῆς&gt;</em></strong></span> <span class='ocrx_word' id='word_1_206' title='bbox 486 2855 550 2921; x_wconf 85' lang='grc' dir='ltr'><strong><em>τοῦ</em></strong></span> <span class='ocrx_word' id='word_1_207' title='bbox 570 2854 821 2938; x_wconf 83' lang='grc' dir='ltr'><strong><em>χριστιανισμοῦ</em></strong></span> <span class='ocrx_word' id='word_1_208' title='bbox 842 2852 1054 2931; x_wconf 89' lang='grc' dir='ltr'><strong><em>διδασκαλίας</em></strong></span> <span class='ocrx_word' id='word_1_209' title='bbox 1075 2848 1339 2921; x_wconf 83' lang='grc' dir='ltr'><strong><em>κατασκεδάσασι</em></strong></span> <span class='ocrx_word' id='word_1_210' title='bbox 1361 2857 1551 2941; x_wconf 81' lang='grc' dir='ltr'><strong><em>δυσφημίαν</em></strong></span> 
     </span>
     <span class='ocr_line' id='line_1_25' title="bbox 243 2943 1551 3039; baseline 0.003 -20"><span class='ocrx_word' id='word_1_211' title='bbox 243 2954 307 3020; x_wconf 87' lang='grc' dir='ltr'><strong><em>τοῦ</em></strong></span> <span class='ocrx_word' id='word_1_212' title='bbox 337 2945 450 3037; x_wconf 90' lang='grc' dir='ltr'><strong><em>λόγου,</em></strong></span> <span class='ocrx_word' id='word_1_213' title='bbox 482 2945 529 3031; x_wconf 84' lang='grc' dir='ltr'><strong><em>σός</em></strong></span> <span class='ocrx_word' id='word_1_214' title='bbox 559 2943 623 3037; x_wconf 84' lang='grc' dir='ltr'><strong><em>ἀρα</em></strong></span> <span class='ocrx_word' id='word_1_215' title='bbox 652 2946 908 3030; x_wconf 78' lang='grc' dir='ltr'><strong><em>καταθύσαντες</em></strong></span> <span class='ocrx_word' id='word_1_216' title='bbox 937 2951 1074 3018; x_wconf 88' lang='grc' dir='ltr'><strong><em>παιδίον</em></strong></span> <span class='ocrx_word' id='word_1_217' title='bbox 1104 2950 1415 3039; x_wconf 85' lang='grc' dir='ltr'><strong><em>μεταλαμβάνουσιν</em></strong></span> <span class='ocrx_word' id='word_1_218' title='bbox 1446 2948 1551 3023; x_wconf 74' lang='grc' dir='ltr'><strong><em>αὐτοῦ</em></strong></span> 
     </span>
    </p>

    <p class='ocr_par' dir='ltr' id='par_1_9' title="bbox 192 3041 1551 3438">
     <span class='ocr_line' id='line_1_26' title="bbox 192 3041 1550 3138; baseline 0.005 -24"><span class='ocrx_word' id='word_1_219' title='bbox 192 3061 226 3114; x_wconf 84' lang='grc'><strong>25</strong></span> <span class='ocrx_word' id='word_1_220' title='bbox 245 3052 319 3117; x_wconf 79' lang='grc' dir='ltr'><strong><em>τῶν</em></strong></span> <span class='ocrx_word' id='word_1_221' title='bbox 341 3054 488 3136; x_wconf 72' lang='grc' dir='ltr'><strong><em>σαρκοῦν,</em></strong></span> <span class='ocrx_word' id='word_1_222' title='bbox 514 3056 570 3118; x_wconf 86' lang='grc' dir='ltr'><strong><em>καὶ</em></strong></span> <span class='ocrx_word' id='word_1_223' title='bbox 592 3048 696 3118; x_wconf 82' lang='grc' dir='ltr'><strong><em>πόλιν</em></strong></span> <span class='ocrx_word' id='word_1_224' title='bbox 719 3041 774 3118; x_wconf 85' lang='grc' dir='ltr'><strong><em>ότι</em></strong></span> <span class='ocrx_word' id='word_1_225' title='bbox 797 3050 829 3117; x_wconf 84' lang='lat' dir='ltr'><strong><em>ol</em></strong></span> <span class='ocrx_word' id='word_1_226' title='bbox 851 3042 919 3116; x_wconf 87' lang='grc' dir='ltr'><strong><em>ἀπὸ</em></strong></span> <span class='ocrx_word' id='word_1_227' title='bbox 942 3051 1005 3119; x_wconf 84' lang='grc' dir='ltr'><strong><em>τοῦ</em></strong></span> <span class='ocrx_word' id='word_1_228' title='bbox 1026 3044 1130 3136; x_wconf 89' lang='grc' dir='ltr'><strong><em>λόγου</em></strong></span> <span class='ocrx_word' id='word_1_229' title='bbox 1151 3047 1194 3120; x_wconf 81' lang='grc' dir='ltr'><strong><em>τὰ</em></strong></span> <span class='ocrx_word' id='word_1_230' title='bbox 1217 3056 1280 3120; x_wconf 86' lang='grc' dir='ltr'><strong><em>τοῦ</em></strong></span> <span class='ocrx_word' id='word_1_231' title='bbox 1301 3046 1427 3120; x_wconf 87' lang='grc' dir='ltr'><strong><em>σκότου</em></strong></span> <span class='ocrx_word' id='word_1_232' title='bbox 1446 3048 1550 3138; x_wconf 83' lang='grc' dir='ltr'><strong><em>πράτ-</em></strong></span> 
     </span>
     <span class='ocr_line' id='line_1_27' title="bbox 244 3143 1550 3238; baseline 0.004 -23"><span class='ocrx_word' id='word_1_233' title='bbox 244 3173 316 3217; x_wconf 90' lang='grc' dir='ltr'><strong><em>τειν</em></strong></span> <span class='ocrx_word' id='word_1_234' title='bbox 336 3143 535 3237; x_wconf 87' lang='grc' dir='ltr'><strong><em>βουλόμενοι</em></strong></span> <span class='ocrx_word' id='word_1_235' title='bbox 557 3145 749 3234; x_wconf 83' lang='grc' dir='ltr'><strong><em>σβεννύουσι</em></strong></span> <span class='ocrx_word' id='word_1_236' title='bbox 770 3151 831 3235; x_wconf 78' lang='grc' dir='ltr'><strong><em>μὲν</em></strong></span> <span class='ocrx_word' id='word_1_237' title='bbox 852 3143 893 3215; x_wconf 88' lang='grc' dir='ltr'><strong><em>τό</em></strong></span> <span class='ocrx_word' id='word_1_238' title='bbox 916 3151 1000 3232; x_wconf 79' lang='grc' dir='ltr'><strong><em>φῶς,</em></strong></span> <span class='ocrx_word' id='word_1_239' title='bbox 1024 3147 1165 3230; x_wconf 72' lang='grc' dir='ltr'><strong><em>ἕκαστος</em></strong></span> <span class='ocrx_word' id='word_1_240' title='bbox 1191 3153 1226 3219; x_wconf 81' lang='grc' dir='ltr'><strong><em>δὲ</em></strong></span> <span class='ocrx_word' id='word_1_241' title='bbox 1248 3155 1291 3236; x_wconf 80' lang='grc' dir='ltr'><strong><em>τῇ</em></strong></span> <span class='ocrx_word' id='word_1_242' title='bbox 1312 3149 1550 3238; x_wconf 86' lang='grc' dir='ltr'><strong><em>παρατυχούση</em></strong></span> 
     </span>
     <span class='ocr_line' id='line_1_28' title="bbox 243 3241 1551 3335; baseline 0.003 -19"><span class='ocrx_word' id='word_1_243' title='bbox 243 3253 413 3334; x_wconf 91' lang='grc' dir='ltr'><strong><em>μίγνυται·</em></strong></span> <span class='ocrx_word' id='word_1_244' title='bbox 457 3241 531 3334; x_wconf 77' lang='grc' dir='ltr'><strong><em>ἥτις</em></strong></span> <span class='ocrx_word' id='word_1_245' title='bbox 567 3251 736 3335; x_wconf 90' lang='grc' dir='ltr'><strong><em>δυσφημία</em></strong></span> <span class='ocrx_word' id='word_1_246' title='bbox 771 3241 976 3333; x_wconf 89' lang='grc' dir='ltr'><strong><em>παραλόγως</em></strong></span> <span class='ocrx_word' id='word_1_247' title='bbox 1011 3244 1115 3316; x_wconf 83' lang='grc' dir='ltr'><strong><em>πάλαι</em></strong></span> <span class='ocrx_word' id='word_1_248' title='bbox 1151 3253 1211 3335; x_wconf 79' lang='grc' dir='ltr'><strong><em>μὲν</em></strong></span> <span class='ocrx_word' id='word_1_249' title='bbox 1247 3255 1417 3319; x_wconf 91' lang='grc' dir='ltr'><strong><em>πλείστων</em></strong></span> <span class='ocrx_word' id='word_1_250' title='bbox 1458 3242 1551 3320; x_wconf 83' lang='grc' dir='ltr'><strong><em>ὅσων</em></strong></span> 
     </span>
     <span class='ocr_line' id='line_1_29' title="bbox 244 3338 1550 3438; baseline 0.003 -23"><span class='ocrx_word' id='word_1_251' title='bbox 244 3343 377 3434; x_wconf 86' lang='grc' dir='ltr'><strong><em>ἐκρότει</em></strong></span> <span class='ocrx_word' id='word_1_252' title='bbox 398 3353 564 3416; x_wconf 88' lang='grc' dir='ltr'><strong><em>πείθουσα</em></strong></span> <span class='ocrx_word' id='word_1_253' title='bbox 586 3344 667 3428; x_wconf 82' lang='grc' dir='ltr'><strong><em>τούς</em></strong></span> <span class='ocrx_word' id='word_1_254' title='bbox 688 3340 889 3433; x_wconf 74' lang='grc' dir='ltr'><strong><em>ἀλλοτρίους</em></strong></span> <span class='ocrx_word' id='word_1_255' title='bbox 911 3349 974 3414; x_wconf 87' lang='grc' dir='ltr'><strong><em>τοῦ</em></strong></span> <span class='ocrx_word' id='word_1_256' title='bbox 996 3341 1099 3434; x_wconf 92' lang='grc' dir='ltr'><strong><em>λόγου</em></strong></span> <span class='ocrx_word' id='word_1_257' title='bbox 1119 3338 1174 3419; x_wconf 86' lang='grc' dir='ltr'><strong><em>ότι</em></strong></span> <span class='ocrx_word' id='word_1_258' title='bbox 1189 3353 1343 3417; x_wconf 86' lang='grc' dir='ltr'><strong><em>τοιοῦτοί</em></strong></span> <span class='ocrx_word' id='word_1_259' title='bbox 1357 3353 1418 3418; x_wconf 89' lang='grc' dir='ltr'><strong><em>είσι</em></strong></span> <span class='ocrx_word' id='word_1_260' title='bbox 1433 3354 1550 3438; x_wconf 89' lang='grc' dir='ltr'><strong><em>Χρισ-</em></strong></span> 
     </span>
    </p>
   </div>
   <div class='ocr_carea' id='block_1_3' title="bbox 242 3546 1553 4126">
    <p class='ocr_par' dir='ltr' id='par_1_10' title="bbox 242 3546 1553 4126">
     <span class='ocr_line' id='line_1_30' title="bbox 330 3546 1549 3621; baseline 0.003 -18"><span class='ocrx_word' id='word_1_261' title='bbox 330 3549 346 3603; x_wconf 97' lang='grc'><strong>1</strong></span> <span class='ocrx_word' id='word_1_262' title='bbox 371 3547 479 3618; x_wconf 79' lang='lat' dir='ltr'><strong><em>vgl.11</em></strong></span> <span class='ocrx_word' id='word_1_263' title='bbox 497 3549 560 3602; x_wconf 89' lang='lat' dir='ltr'><strong>Kor.</strong></span> <span class='ocrx_word' id='word_1_264' title='bbox 580 3551 607 3613; x_wconf 91' lang='lat'><strong><em>1,</em></strong></span> <span class='ocrx_word' id='word_1_265' title='bbox 625 3549 666 3602; x_wconf 89' lang='grc'><strong><em>22.</em></strong></span> <span class='ocrx_word' id='word_1_266' title='bbox 696 3546 795 3618; x_wconf 75' lang='lat' dir='ltr'><strong>Ephes.</strong></span> <span class='ocrx_word' id='word_1_267' title='bbox 814 3550 841 3612; x_wconf 90' lang='lat'><strong><em>1,</em></strong></span> <span class='ocrx_word' id='word_1_268' title='bbox 860 3549 901 3603; x_wconf 82' lang='lat'><strong><em>13.</em></strong></span> <span class='ocrx_word' id='word_1_269' title='bbox 924 3552 953 3617; x_wconf 89' lang='grc'><strong><em>4,</em></strong></span> <span class='ocrx_word' id='word_1_270' title='bbox 971 3550 1012 3605; x_wconf 89' lang='grc'><strong><em>30.</em></strong></span> <span class='ocrx_word' id='word_1_271' title='bbox 1036 3549 1124 3620; x_wconf 79' lang='lat' dir='ltr'><strong><em>Apol.</em></strong></span> <span class='ocrx_word' id='word_1_272' title='bbox 1142 3549 1203 3604; x_wconf 87' lang='lat' dir='ltr'><strong>Joh.</strong></span> <span class='ocrx_word' id='word_1_273' title='bbox 1222 3552 1250 3618; x_wconf 79' lang='lat'><strong><em>7,</em></strong></span> <span class='ocrx_word' id='word_1_274' title='bbox 1268 3551 1343 3606; x_wconf 87' lang='lat'><strong>3-8.</strong></span> <span class='ocrx_word' id='word_1_275' title='bbox 1367 3553 1392 3616; x_wconf 89' lang='lat'><strong><em>9,</em></strong></span> <span class='ocrx_word' id='word_1_276' title='bbox 1410 3554 1427 3606; x_wconf 89' lang='grc'><strong>4</strong></span> <span class='ocrx_word' id='word_1_277' title='bbox 1445 3553 1497 3621; x_wconf 87' lang='grc'><strong>(14,</strong></span> <span class='ocrx_word' id='word_1_278' title='bbox 1516 3553 1549 3621; x_wconf 93' lang='grc'><strong><em>1).</em></strong></span> 
     </span>
     <span class='ocr_line' id='line_1_31' title="bbox 245 3631 1549 3706; baseline 0.002 -18"><span class='ocrx_word' id='word_1_279' title='bbox 245 3663 276 3671; x_wconf 95' lang='grc'>-</span> <span class='ocrx_word' id='word_1_280' title='bbox 299 3632 318 3688; x_wconf 86' lang='grc'><strong>2</strong></span> <span class='ocrx_word' id='word_1_281' title='bbox 345 3633 408 3702; x_wconf 83' lang='lat' dir='ltr'><strong><em>Vgl.</em></strong></span> <span class='ocrx_word' id='word_1_282' title='bbox 426 3633 458 3686; x_wconf 93' lang='lat' dir='ltr'><strong><em>A.</em></strong></span> <span class='ocrx_word' id='word_1_283' title='bbox 476 3631 649 3702; x_wconf 79' lang='lat' dir='ltr'>Hilgenfeld,</span> <span class='ocrx_word' id='word_1_284' title='bbox 672 3631 723 3686; x_wconf 83' lang='lat' dir='ltr'><strong><em>Die</em></strong></span> <span class='ocrx_word' id='word_1_285' title='bbox 748 3632 939 3702; x_wconf 79' lang='lat' dir='ltr'><strong><em>Kelzergesch.</em></strong></span> <span class='ocrx_word' id='word_1_286' title='bbox 957 3634 1004 3688; x_wconf 75' lang='lat' dir='ltr'><strong><em>des</em></strong></span> <span class='ocrx_word' id='word_1_287' title='bbox 1023 3633 1153 3689; x_wconf 78' lang='lat' dir='ltr'>Urchrisl.</span> <span class='ocrx_word' id='word_1_288' title='bbox 1173 3633 1199 3687; x_wconf 85' lang='lat' dir='ltr'><strong><em>S.</em></strong></span> <span class='ocrx_word' id='word_1_289' title='bbox 1217 3634 1359 3691; x_wconf 80' lang='lat'><strong>380-382.</strong></span> <span class='ocrx_word' id='word_1_290' title='bbox 1383 3666 1416 3675; x_wconf 97' lang='lat'>—</span> <span class='ocrx_word' id='word_1_291' title='bbox 1442 3639 1459 3692; x_wconf 82' lang='lat'>5</span> <span class='ocrx_word' id='word_1_292' title='bbox 1486 3635 1549 3706; x_wconf 75' lang='lat' dir='ltr'><strong><em>vgl.</em></strong></span> 
     </span>
     <span class='ocr_line' id='line_1_32' title="bbox 244 3715 1553 3788; baseline 0.003 -18"><span class='ocrx_word' id='word_1_293' title='bbox 244 3715 311 3771; x_wconf 82' lang='lat' dir='ltr'><strong>Gen.</strong></span> <span class='ocrx_word' id='word_1_294' title='bbox 328 3717 357 3781; x_wconf 87' lang='grc'><strong><em>2,</em></strong></span> <span class='ocrx_word' id='word_1_295' title='bbox 376 3719 400 3771; x_wconf 85' lang='grc'><strong>9.</strong></span> <span class='ocrx_word' id='word_1_296' title='bbox 429 3718 459 3783; x_wconf 86' lang='grc'><strong><em>3,</em></strong></span> <span class='ocrx_word' id='word_1_297' title='bbox 478 3718 518 3772; x_wconf 95' lang='grc'><strong><em>22.</em></strong></span> <span class='ocrx_word' id='word_1_298' title='bbox 537 3718 578 3771; x_wconf 93' lang='grc'><strong><em>24.</em></strong></span> <span class='ocrx_word' id='word_1_299' title='bbox 614 3717 746 3771; x_wconf 79' lang='grc' dir='ltr'><strong><em>ΟΙεωειθι.</em></strong></span> <span class='ocrx_word' id='word_1_300' title='bbox 764 3717 882 3787; x_wconf 81' lang='lat' dir='ltr'><strong>Recogn.</strong></span> <span class='ocrx_word' id='word_1_301' title='bbox 901 3721 914 3772; x_wconf 96' lang='grc' dir='ltr'><strong>Ι</strong></span> <span class='ocrx_word' id='word_1_302' title='bbox 935 3722 976 3775; x_wconf 85' lang='grc'><strong><em>45.</em></strong></span> <span class='ocrx_word' id='word_1_303' title='bbox 1009 3718 1116 3786; x_wconf 77' lang='lat' dir='ltr'><strong>Evang.</strong></span> <span class='ocrx_word' id='word_1_304' title='bbox 1134 3733 1224 3788; x_wconf 76' lang='lat' dir='ltr'><strong>apocr.</strong></span> <span class='ocrx_word' id='word_1_305' title='bbox 1247 3719 1303 3773; x_wconf 77' lang='grc' dir='ltr'><strong><em>εδ.2</em></strong></span> <span class='ocrx_word' id='word_1_306' title='bbox 1324 3719 1354 3773; x_wconf 84' lang='lat' dir='ltr'><strong><em>G.</em></strong></span> <span class='ocrx_word' id='word_1_307' title='bbox 1371 3719 1553 3774; x_wconf 77' lang='lat' dir='ltr'><strong>Tischendorf</strong></span> 
     </span>
     <span class='ocr_line' id='line_1_33' title="bbox 242 3801 1548 3874; baseline 0.006 -20"><span class='ocrx_word' id='word_1_308' title='bbox 242 3818 268 3870; x_wconf 92' lang='lat' dir='ltr'><strong><em>p.</em></strong></span> <span class='ocrx_word' id='word_1_309' title='bbox 286 3801 344 3855; x_wconf 88' lang='grc'><strong>394.</strong></span> <span class='ocrx_word' id='word_1_310' title='bbox 367 3831 400 3840; x_wconf 98' lang='grc'>-</span> <span class='ocrx_word' id='word_1_311' title='bbox 428 3801 467 3856; x_wconf 84' lang='grc'><strong>10</strong></span> <span class='ocrx_word' id='word_1_312' title='bbox 494 3801 557 3870; x_wconf 87' lang='lat' dir='ltr'><strong><em>Vgl.</em></strong></span> <span class='ocrx_word' id='word_1_313' title='bbox 574 3801 740 3865; x_wconf 82' lang='lat' dir='ltr'>Theodorel‚</span> <span class='ocrx_word' id='word_1_314' title='bbox 763 3801 842 3856; x_wconf 75' lang='lat' dir='ltr'><strong>Haer.</strong></span> <span class='ocrx_word' id='word_1_315' title='bbox 864 3803 921 3857; x_wconf 79' lang='lat' dir='ltr'><strong>fab.</strong></span> <span class='ocrx_word' id='word_1_316' title='bbox 941 3821 1029 3874; x_wconf 85' lang='lat' dir='ltr'><strong>comp.</strong></span> <span class='ocrx_word' id='word_1_317' title='bbox 1047 3805 1060 3857; x_wconf 96' lang='lat' dir='ltr'>I</span> <span class='ocrx_word' id='word_1_318' title='bbox 1079 3805 1119 3856; x_wconf 87' lang='lat'><strong><em>11.</em></strong></span> <span class='ocrx_word' id='word_1_319' title='bbox 1145 3833 1178 3842; x_wconf 94' lang='lat'>-</span> <span class='ocrx_word' id='word_1_320' title='bbox 1206 3802 1246 3858; x_wconf 97' lang='grc'><strong><em>14</em></strong></span> <span class='ocrx_word' id='word_1_321' title='bbox 1264 3803 1326 3872; x_wconf 85' lang='lat' dir='ltr'><strong><em>Vgl.</em></strong></span> <span class='ocrx_word' id='word_1_322' title='bbox 1343 3807 1428 3858; x_wconf 77' lang='lat' dir='ltr'>unten</span> <span class='ocrx_word' id='word_1_323' title='bbox 1446 3805 1484 3860; x_wconf 90' lang='lat' dir='ltr'><strong><em>Vl</em></strong></span> <span class='ocrx_word' id='word_1_324' title='bbox 1507 3807 1548 3872; x_wconf 84' lang='lat'><strong><em>29,</em></strong></span> 
     </span>
     <span class='ocr_line' id='line_1_34' title="bbox 242 3884 1548 3958; baseline 0.005 -20"><span class='ocrx_word' id='word_1_325' title='bbox 242 3884 267 3938; x_wconf 84' lang='lat' dir='ltr'><strong><em>S.</em></strong></span> <span class='ocrx_word' id='word_1_326' title='bbox 287 3886 320 3940; x_wconf 87' lang='grc'><strong><em>99</em></strong></span> <span class='ocrx_word' id='word_1_327' title='bbox 347 3885 373 3938; x_wconf 87' lang='grc' dir='ltr'><strong><em>Ζ.</em></strong></span> <span class='ocrx_word' id='word_1_328' title='bbox 395 3887 420 3939; x_wconf 91' lang='grc'><strong><em>4.</em></strong></span> <span class='ocrx_word' id='word_1_329' title='bbox 447 3915 478 3924; x_wconf 88' lang='grc'><strong>-</strong></span> <span class='ocrx_word' id='word_1_330' title='bbox 512 3885 551 3940; x_wconf 83' lang='grc'><strong><em>24</em></strong></span> <span class='ocrx_word' id='word_1_331' title='bbox 579 3884 641 3953; x_wconf 82' lang='lat' dir='ltr'><strong><em>Vgl.</em></strong></span> <span class='ocrx_word' id='word_1_332' title='bbox 672 3885 774 3949; x_wconf 77' lang='lat' dir='ltr'>lustin,</span> <span class='ocrx_word' id='word_1_333' title='bbox 800 3888 879 3958; x_wconf 89' lang='lat' dir='ltr'><strong>Apol.</strong></span> <span class='ocrx_word' id='word_1_334' title='bbox 903 3889 929 3942; x_wconf 91' lang='grc'><strong><em>11</em></strong></span> <span class='ocrx_word' id='word_1_335' title='bbox 952 3889 984 3942; x_wconf 87' lang='grc'><strong><em>12</em></strong></span> <span class='ocrx_word' id='word_1_336' title='bbox 1014 3887 1078 3958; x_wconf 87' lang='lat' dir='ltr'>(vol.</span> <span class='ocrx_word' id='word_1_337' title='bbox 1101 3889 1114 3941; x_wconf 96' lang='lat' dir='ltr'>I</span> <span class='ocrx_word' id='word_1_338' title='bbox 1140 3889 1238 3941; x_wconf 73' lang='lat' dir='ltr'><strong>tom.I</strong></span> <span class='ocrx_word' id='word_1_339' title='bbox 1261 3891 1275 3943; x_wconf 93' lang='lat'>1</span> <span class='ocrx_word' id='word_1_340' title='bbox 1299 3905 1324 3958; x_wconf 89' lang='lat' dir='ltr'><strong><em>p.</em></strong></span> <span class='ocrx_word' id='word_1_341' title='bbox 1348 3889 1406 3944; x_wconf 80' lang='lat'><strong>234.</strong></span> <span class='ocrx_word' id='word_1_342' title='bbox 1433 3890 1484 3946; x_wconf 88' lang='grc'><strong>236</strong></span> <span class='ocrx_word' id='word_1_343' title='bbox 1506 3890 1548 3944; x_wconf 84' lang='grc' dir='ltr'><strong><em>εδ.</em></strong></span> 
     </span>
     <span class='ocr_line' id='line_1_35' title="bbox 243 3969 1549 4045; baseline 0.005 -23"><span class='ocrx_word' id='word_1_344' title='bbox 243 3969 326 4037; x_wconf 69' lang='lat' dir='ltr'><strong><em>olto).</em></strong></span> <span class='ocrx_word' id='word_1_345' title='bbox 361 3970 560 4038; x_wconf 66' lang='lat' dir='ltr'>Athenagoras,</span> <span class='ocrx_word' id='word_1_346' title='bbox 579 3969 747 4040; x_wconf 76' lang='lat' dir='ltr'><strong>supplicatio</strong></span> <span class='ocrx_word' id='word_1_347' title='bbox 764 3987 813 4041; x_wconf 89' lang='lat' dir='ltr'><strong><em>pro</em></strong></span> <span class='ocrx_word' id='word_1_348' title='bbox 832 3971 928 4028; x_wconf 81' lang='lat' dir='ltr'><strong>Christ.</strong></span> <span class='ocrx_word' id='word_1_349' title='bbox 949 3973 1012 4043; x_wconf 77' lang='lat' dir='ltr'><strong>Cap.</strong></span> <span class='ocrx_word' id='word_1_350' title='bbox 1031 3973 1070 4026; x_wconf 91' lang='lat' dir='ltr'><strong><em>III</em></strong></span> <span class='ocrx_word' id='word_1_351' title='bbox 1088 3971 1152 4041; x_wconf 89' lang='lat' dir='ltr'>(vol.</span> <span class='ocrx_word' id='word_1_352' title='bbox 1171 3970 1222 4024; x_wconf 87' lang='lat' dir='ltr'><strong><em>Vll</em></strong></span> <span class='ocrx_word' id='word_1_353' title='bbox 1240 3989 1265 4042; x_wconf 91' lang='lat' dir='ltr'><strong><em>p.</em></strong></span> <span class='ocrx_word' id='word_1_354' title='bbox 1284 3975 1317 4026; x_wconf 89' lang='grc'><strong>14</strong></span> <span class='ocrx_word' id='word_1_355' title='bbox 1335 3972 1378 4026; x_wconf 82' lang='lat' dir='ltr'><strong><em>ed.</em></strong></span> <span class='ocrx_word' id='word_1_356' title='bbox 1396 3973 1468 4037; x_wconf 74' lang='lat' dir='ltr'>olto.</span> <span class='ocrx_word' id='word_1_357' title='bbox 1487 3992 1513 4045; x_wconf 94' lang='lat' dir='ltr'><strong><em>p.</em></strong></span> <span class='ocrx_word' id='word_1_358' title='bbox 1531 3979 1549 4029; x_wconf 84' lang='lat'>4</span> 
     </span>
     <span class='ocr_line' id='line_1_36' title="bbox 243 4053 1071 4126; baseline 0.002 -18"><span class='ocrx_word' id='word_1_359' title='bbox 243 4053 285 4108; x_wconf 83' lang='lat' dir='ltr'><strong><em>ed.</em></strong></span> <span class='ocrx_word' id='word_1_360' title='bbox 304 4053 335 4107; x_wconf 73' lang='lat' dir='ltr'><strong><em>A.</em></strong></span> <span class='ocrx_word' id='word_1_361' title='bbox 354 4055 512 4122; x_wconf 81' lang='lat' dir='ltr'><strong>Schwartz).</strong></span> <span class='ocrx_word' id='word_1_362' title='bbox 539 4054 674 4108; x_wconf 80' lang='lat' dir='ltr'><strong>Minucius</strong></span> <span class='ocrx_word' id='word_1_363' title='bbox 692 4054 776 4123; x_wconf 84' lang='lat' dir='ltr'>Felix,</span> <span class='ocrx_word' id='word_1_364' title='bbox 795 4055 925 4110; x_wconf 76' lang='lat' dir='ltr'>Octavius</span> <span class='ocrx_word' id='word_1_365' title='bbox 944 4057 1007 4126; x_wconf 78' lang='lat' dir='ltr'><strong>(lap.</strong></span> <span class='ocrx_word' id='word_1_366' title='bbox 1026 4055 1071 4110; x_wconf 89' lang='lat' dir='ltr'><strong><em>IX.</em></strong></span> 
     </span>
    </p>
   </div>
   <div class='ocr_carea' id='block_1_4' title="bbox 240 4220 1548 4653">
    <p class='ocr_par' dir='ltr' id='par_1_11' title="bbox 240 4220 1548 4653">
     <span class='ocr_line' id='line_1_37' title="bbox 328 4220 1546 4298; baseline 0.007 -23"><span class='ocrx_word' id='word_1_367' title='bbox 328 4220 344 4275; x_wconf 97' lang='grc'><strong>1</strong></span> <span class='ocrx_word' id='word_1_368' title='bbox 369 4223 529 4291; x_wconf 84' lang='grc' dir='ltr'><strong><em>σφραγῖδος</em></strong></span> <span class='ocrx_word' id='word_1_369' title='bbox 545 4224 571 4274; x_wconf 97' lang='lat' dir='ltr'>A</span> <span class='ocrx_word' id='word_1_370' title='bbox 594 4221 752 4291; x_wconf 85' lang='grc' dir='ltr'><strong><em>σφραγίδος</em></strong></span> <span class='ocrx_word' id='word_1_371' title='bbox 768 4224 870 4292; x_wconf 85' lang='lat' dir='ltr'><strong>Ausgg.</strong></span> <span class='ocrx_word' id='word_1_372' title='bbox 890 4225 931 4292; x_wconf 78' lang='grc' dir='ltr'><strong><em>Ιθ</em></strong></span> <span class='ocrx_word' id='word_1_373' title='bbox 954 4225 1098 4295; x_wconf 83' lang='grc' dir='ltr'><strong><em>σφραγῖδα</em></strong></span> <span class='ocrx_word' id='word_1_374' title='bbox 1116 4224 1140 4276; x_wconf 84' lang='grc' dir='ltr'>Α</span> <span class='ocrx_word' id='word_1_375' title='bbox 1159 4223 1303 4293; x_wconf 84' lang='grc' dir='ltr'><strong><em>οφραγίδα</em></strong></span> <span class='ocrx_word' id='word_1_376' title='bbox 1321 4228 1423 4296; x_wconf 83' lang='lat' dir='ltr'><strong>Ausgg.</strong></span> <span class='ocrx_word' id='word_1_377' title='bbox 1444 4228 1448 4296; x_wconf 94' lang='grc' dir='ltr'>Ι</span> <span class='ocrx_word' id='word_1_378' title='bbox 1468 4229 1487 4283; x_wconf 84' lang='grc'><strong>6</strong></span> <span class='ocrx_word' id='word_1_379' title='bbox 1508 4229 1546 4298; x_wconf 94' lang='grc' dir='ltr'><strong><em>γί-</em></strong></span> 
     </span>
     <span class='ocr_line' id='line_1_38' title="bbox 241 4299 1547 4382; baseline 0.006 -24"><span class='ocrx_word' id='word_1_380' title='bbox 241 4307 362 4374; x_wconf 80' lang='grc' dir='ltr'><strong><em>γνεσθαι</em></strong></span> <span class='ocrx_word' id='word_1_381' title='bbox 374 4307 506 4373; x_wconf 80' lang='lat' dir='ltr'>AAusgg.</span> <span class='ocrx_word' id='word_1_382' title='bbox 523 4307 524 4372; x_wconf 66' lang='lat' dir='ltr'>l</span> <span class='ocrx_word' id='word_1_383' title='bbox 543 4305 556 4358; x_wconf 79' lang='grc' dir='ltr'><strong><em>λ</em></strong></span> <span class='ocrx_word' id='word_1_384' title='bbox 571 4299 739 4376; x_wconf 84' lang='grc' dir='ltr'><strong><em>λεγόμενον]</em></strong></span> <span class='ocrx_word' id='word_1_385' title='bbox 752 4307 916 4377; x_wconf 86' lang='grc' dir='ltr'><strong><em>λεγομένων</em></strong></span> <span class='ocrx_word' id='word_1_386' title='bbox 928 4311 1064 4362; x_wconf 80' lang='lat' dir='ltr'>vermulel</span> <span class='ocrx_word' id='word_1_387' title='bbox 1075 4309 1122 4362; x_wconf 93' lang='lat' dir='ltr'><strong><em>Bo.</em></strong></span> <span class='ocrx_word' id='word_1_388' title='bbox 1133 4307 1231 4377; x_wconf 73' lang='lat' dir='ltr'><strong>(Notae</strong></span> <span class='ocrx_word' id='word_1_389' title='bbox 1242 4326 1268 4379; x_wconf 94' lang='lat' dir='ltr'><strong><em>p.</em></strong></span> <span class='ocrx_word' id='word_1_390' title='bbox 1278 4310 1338 4378; x_wconf 82' lang='lat'>395)</span> <span class='ocrx_word' id='word_1_391' title='bbox 1351 4313 1353 4378; x_wconf 77' lang='lat' dir='ltr'>l</span> <span class='ocrx_word' id='word_1_392' title='bbox 1366 4314 1510 4382; x_wconf 84' lang='grc' dir='ltr'><strong><em>σφραγῖδα</em></strong></span> <span class='ocrx_word' id='word_1_393' title='bbox 1523 4316 1547 4366; x_wconf 88' lang='lat' dir='ltr'>A</span> 
     </span>
     <span class='ocr_line' id='line_1_39' title="bbox 243 4387 1548 4465; baseline 0.005 -22"><span class='ocrx_word' id='word_1_394' title='bbox 243 4390 386 4460; x_wconf 82' lang='grc' dir='ltr'><strong><em>σφραγίδα</em></strong></span> <span class='ocrx_word' id='word_1_395' title='bbox 400 4392 500 4457; x_wconf 80' lang='lat' dir='ltr'>Ausgg.</span> <span class='ocrx_word' id='word_1_396' title='bbox 524 4389 527 4456; x_wconf 77' lang='lat' dir='ltr'>l</span> <span class='ocrx_word' id='word_1_397' title='bbox 553 4389 592 4443; x_wconf 85' lang='lat'><strong><em>10</em></strong></span> <span class='ocrx_word' id='word_1_398' title='bbox 611 4392 689 4444; x_wconf 62' lang='lat' dir='ltr'><strong><em>&gt;acal</em></strong></span> <span class='ocrx_word' id='word_1_399' title='bbox 705 4389 780 4460; x_wconf 87' lang='grc' dir='ltr'><strong><em>λέγει</em></strong></span> <span class='ocrx_word' id='word_1_400' title='bbox 799 4392 841 4447; x_wconf 82' lang='lat' dir='ltr'><strong><em>bis</em></strong></span> <span class='ocrx_word' id='word_1_401' title='bbox 854 4396 884 4447; x_wconf 92' lang='lat'><strong><em>11</em></strong></span> <span class='ocrx_word' id='word_1_402' title='bbox 899 4387 1079 4464; x_wconf 80' lang='grc' dir='ltr'><strong><em>δρχοντικιῦν</em></strong></span> <span class='ocrx_word' id='word_1_403' title='bbox 1091 4410 1143 4447; x_wconf 83' lang='lat' dir='ltr'><strong><em>von</em></strong></span> <span class='ocrx_word' id='word_1_404' title='bbox 1157 4393 1177 4448; x_wconf 96' lang='lat' dir='ltr'><strong><em>I.</em></strong></span> <span class='ocrx_word' id='word_1_405' title='bbox 1191 4392 1224 4463; x_wconf 82' lang='lat'><strong><em>[2]</em></strong></span> <span class='ocrx_word' id='word_1_406' title='bbox 1238 4393 1270 4449; x_wconf 88' lang='lat' dir='ltr'><strong><em>H.</em></strong></span> <span class='ocrx_word' id='word_1_407' title='bbox 1282 4411 1328 4447; x_wconf 76' lang='lat' dir='ltr'><strong><em>am</em></strong></span> <span class='ocrx_word' id='word_1_408' title='bbox 1340 4393 1419 4448; x_wconf 77' lang='lat' dir='ltr'><strong>Rand</strong></span> <span class='ocrx_word' id='word_1_409' title='bbox 1431 4396 1548 4465; x_wconf 78' lang='lat' dir='ltr'>nachgo-</span> 
     </span>
     <span class='ocr_line' id='line_1_40' title="bbox 241 4474 1547 4566; baseline 0.006 -23"><span class='ocrx_word' id='word_1_410' title='bbox 241 4493 339 4560; x_wconf 73' lang='lat' dir='ltr'><strong>tragen</strong></span> <span class='ocrx_word' id='word_1_411' title='bbox 351 4495 375 4545; x_wconf 89' lang='lat' dir='ltr'>A</span> <span class='ocrx_word' id='word_1_412' title='bbox 390 4492 395 4558; x_wconf 88' lang='lat' dir='ltr'>l</span> <span class='ocrx_word' id='word_1_413' title='bbox 411 4491 447 4546; x_wconf 73' lang='lat'><strong><em>13</em></strong></span> <span class='ocrx_word' id='word_1_414' title='bbox 466 4484 558 4559; x_wconf 70' lang='grc' dir='ltr'><strong><em>ἕνεκα]</em></strong></span> <span class='ocrx_word' id='word_1_415' title='bbox 577 4474 673 4546; x_wconf 62' lang='grc' dir='ltr'><strong><em>ένεκεῗν</em></strong></span> <span class='ocrx_word' id='word_1_416' title='bbox 686 4492 734 4562; x_wconf 80' lang='grc' dir='ltr'><strong><em>[ιο]</em></strong></span> <span class='ocrx_word' id='word_1_417' title='bbox 748 4497 786 4547; x_wconf 88' lang='lat' dir='ltr'><strong><em>A¹</em></strong></span> <span class='ocrx_word' id='word_1_418' title='bbox 801 4495 804 4562; x_wconf 94' lang='grc' dir='ltr'>Ι</span> <span class='ocrx_word' id='word_1_419' title='bbox 820 4495 860 4549; x_wconf 71' lang='lat' dir='ltr'><strong><em>Aa</em></strong></span> <span class='ocrx_word' id='word_1_420' title='bbox 879 4495 954 4565; x_wconf 80' lang='grc' dir='ltr'><strong><em>(τῆς)</em></strong></span> <span class='ocrx_word' id='word_1_421' title='bbox 968 4494 1039 4549; x_wconf 89' lang='lat' dir='ltr'><strong><em>Pim</em></strong></span> <span class='ocrx_word' id='word_1_422' title='bbox 1050 4495 1125 4558; x_wconf 72' lang='lat' dir='ltr'>Text,</span> <span class='ocrx_word' id='word_1_423' title='bbox 1138 4493 1181 4547; x_wconf 76' lang='grc' dir='ltr'><strong><em>Μ2</em></strong></span> <span class='ocrx_word' id='word_1_424' title='bbox 1192 4493 1374 4563; x_wconf 62' lang='lat' dir='ltr'>llbergeschr„</span> <span class='ocrx_word' id='word_1_425' title='bbox 1387 4497 1436 4552; x_wconf 93' lang='grc' dir='ltr'><strong><em>Βο.</em></strong></span> <span class='ocrx_word' id='word_1_426' title='bbox 1449 4496 1547 4566; x_wconf 75' lang='lat' dir='ltr'>(Nolae</span> 
     </span>
     <span class='ocr_line' id='line_1_41' title="bbox 240 4573 1546 4653; baseline 0.007 -25"><span class='ocrx_word' id='word_1_427' title='bbox 240 4593 266 4645; x_wconf 92' lang='lat' dir='ltr'><strong><em>p.</em></strong></span> <span class='ocrx_word' id='word_1_428' title='bbox 284 4575 344 4642; x_wconf 78' lang='lat'>395)</span> <span class='ocrx_word' id='word_1_429' title='bbox 362 4574 448 4628; x_wconf 79' lang='lat' dir='ltr'><strong>durch</strong></span> <span class='ocrx_word' id='word_1_430' title='bbox 467 4575 621 4643; x_wconf 83' lang='lat' dir='ltr'>Gonjeelur‚</span> <span class='ocrx_word' id='word_1_431' title='bbox 642 4575 699 4629; x_wconf 80' lang='lat' dir='ltr'><strong><em>Del.</em></strong></span> <span class='ocrx_word' id='word_1_432' title='bbox 718 4575 756 4629; x_wconf 90' lang='lat' dir='ltr'><strong><em>im</em></strong></span> <span class='ocrx_word' id='word_1_433' title='bbox 773 4577 842 4632; x_wconf 79' lang='lat' dir='ltr'>Text</span> <span class='ocrx_word' id='word_1_434' title='bbox 860 4579 864 4645; x_wconf 92' lang='grc'><strong>1</strong></span> <span class='ocrx_word' id='word_1_435' title='bbox 884 4573 1118 4636; x_wconf 83' lang='grc' dir='ltr'><strong><em>κατασκεδᾶοαω</em></strong></span> <span class='ocrx_word' id='word_1_436' title='bbox 1135 4579 1245 4644; x_wconf 50' lang='grc'><strong>110012,</strong></span> <span class='ocrx_word' id='word_1_437' title='bbox 1264 4579 1314 4634; x_wconf 70' lang='lat' dir='ltr'><strong><em>Hb.</em></strong></span> <span class='ocrx_word' id='word_1_438' title='bbox 1333 4597 1379 4635; x_wconf 86' lang='lat' dir='ltr'><strong><em>am</em></strong></span> <span class='ocrx_word' id='word_1_439' title='bbox 1396 4581 1483 4645; x_wconf 80' lang='lat' dir='ltr'><strong>Rand.</strong></span> <span class='ocrx_word' id='word_1_440' title='bbox 1502 4583 1546 4653; x_wconf 88' lang='lat' dir='ltr'><strong><em>Sp.</em></strong></span> 
     </span>
    </p>
   </div>
   <div class='ocr_carea' id='block_1_5' title="bbox 240 4655 1338 4803">
    <p class='ocr_par' dir='ltr' id='par_1_12' title="bbox 240 4655 1338 4803">
     <span class='ocr_line' id='line_1_42' title="bbox 240 4655 1149 4734; baseline 0.008 -22"><span class='ocrx_word' id='word_1_441' title='bbox 240 4657 301 4713; x_wconf 83' lang='lat' dir='ltr'><strong><em>Del.</em></strong></span> <span class='ocrx_word' id='word_1_442' title='bbox 319 4657 357 4710; x_wconf 90' lang='lat' dir='ltr'><strong><em>im</em></strong></span> <span class='ocrx_word' id='word_1_443' title='bbox 374 4658 455 4726; x_wconf 77' lang='lat' dir='ltr'>Text;</span> <span class='ocrx_word' id='word_1_444' title='bbox 473 4655 687 4714; x_wconf 80' lang='grc' dir='ltr'><strong><em>κατασκεδάσαι</em></strong></span> <span class='ocrx_word' id='word_1_445' title='bbox 704 4661 872 4731; x_wconf 76' lang='grc'><strong>4124-25</strong></span> <span class='ocrx_word' id='word_1_446' title='bbox 890 4681 935 4717; x_wconf 81' lang='lat' dir='ltr'><strong><em>am</em></strong></span> <span class='ocrx_word' id='word_1_447' title='bbox 952 4664 1032 4717; x_wconf 83' lang='lat' dir='ltr'>Rand</span> <span class='ocrx_word' id='word_1_448' title='bbox 1050 4673 1087 4734; x_wconf 74' lang='grc' dir='ltr'><strong><em>σῖ]</em></strong></span> <span class='ocrx_word' id='word_1_449' title='bbox 1105 4665 1149 4719; x_wconf 78' lang='lat' dir='ltr'><strong><em>A2.</em></strong></span> 
     </span>
     <span class='ocr_line' id='line_1_43' title="bbox 290 4743 1338 4803; baseline 0.013 -14"><span class='ocrx_word' id='word_1_450' title='bbox 290 4743 407 4796; x_wconf 78' lang='lat' dir='ltr'>Origenes</span> <span class='ocrx_word' id='word_1_451' title='bbox 421 4743 453 4788; x_wconf 87' lang='lat'><strong><em>11.</em></strong></span> <span class='ocrx_word' id='word_1_452' title='bbox 1324 4753 1338 4803; x_wconf 78' lang='lat'>7</span> 
     </span>
    </p>
   </div>
   <div class='ocr_carea' id='block_1_6' title="bbox 0 0 1900 5526">
    <p class='ocr_par' dir='ltr' id='par_1_13' title="bbox 0 0 1900 5526">
     <span class='ocr_line' id='line_1_44' title="bbox 0 0 1900 5526; baseline 0 1"><span class='ocrx_word' id='word_1_453' title='bbox 0 0 1900 5526; x_wconf 95' lang='lat' dir='ltr'><strong><em> </em></strong></span> 
     </span>
    </p>
   </div>
  </div>
 </body>
</html>
