<?xml version="1.0" encoding="UTF-8"?>
<!DOCTYPE html PUBLIC "-//W3C//DTD XHTML 1.0 Transitional//EN"
    "http://www.w3.org/TR/xhtml1/DTD/xhtml1-transitional.dtd">
<html xmlns="http://www.w3.org/1999/xhtml" xml:lang="en" lang="en">
 <head>
  <title>
</title>
<meta http-equiv="Content-Type" content="text/html;charset=utf-8" />
  <meta name='ocr-system' content='tesseract 3.04.00' />
  <meta name='ocr-capabilities' content='ocr_page ocr_carea ocr_par ocr_line ocrx_word'/>
</head>
<body>
  <div class='ocr_page' id='page_1' title='image "./diegriechischen01wissgoog/diegriechischen01wissgoog_0178.png"; bbox 0 0 3790 5526; ppageno 0'>
   <div class='ocr_carea' id='block_1_1' title="bbox 352 467 1112 536">
    <p class='ocr_par' dir='ltr' id='par_1_1' title="bbox 352 467 1112 536">
     <span class='ocr_line' id='line_1_1' title="bbox 352 467 1112 536; baseline 0.001 -16"><span class='ocrx_word' id='word_1_1' title='bbox 352 474 411 536; x_wconf 84' lang='lat'><strong><em>118</em></strong></span> <span class='ocrx_word' id='word_1_2' title='bbox 890 467 1112 523; x_wconf 73' lang='grc' dir='ltr'><strong><em>αοιοσνοιν</em></strong></span> 
     </span>
    </p>
   </div>
   <div class='ocr_carea' id='block_1_2' title="bbox 296 624 1728 2314">
    <p class='ocr_par' dir='ltr' id='par_1_2' title="bbox 296 624 1728 2314">
     <span class='ocr_line' id='line_1_2' title="bbox 351 624 1657 720; baseline -0.002 -20"><span class='ocrx_word' id='word_1_3' title='bbox 351 627 439 700; x_wconf 88' lang='grc' dir='ltr'><strong><em>αῦτά</em></strong></span> <span class='ocrx_word' id='word_1_4' title='bbox 461 635 544 700; x_wconf 92' lang='grc' dir='ltr'><strong><em>έστι·</em></strong></span> <span class='ocrx_word' id='word_1_5' title='bbox 566 637 641 713; x_wconf 70' lang='grc' dir='ltr'><strong><em>,καὶ</em></strong></span> <span class='ocrx_word' id='word_1_6' title='bbox 663 626 714 700; x_wconf 79' lang='grc' dir='ltr'><strong><em>ἐπ’</em></strong></span> <span class='ocrx_word' id='word_1_7' title='bbox 737 627 868 720; x_wconf 80' lang='grc' dir='ltr'><em>ἐσχάτῳ</em></span> <span class='ocrx_word' id='word_1_8' title='bbox 890 637 951 719; x_wconf 86' lang='grc' dir='ltr'><strong><em>τῆς</em></strong></span> <span class='ocrx_word' id='word_1_9' title='bbox 972 636 1138 712; x_wconf 80' lang='grc' dir='ltr'><strong><em>βασιλείας</em></strong></span> <span class='ocrx_word' id='word_1_10' title='bbox 1160 624 1286 703; x_wconf 73' lang='grc' dir='ltr'><strong><em>αὐτῶν,</em></strong></span> <span class='ocrx_word' id='word_1_11' title='bbox 1318 633 1562 718; x_wconf 79' lang='grc' dir='ltr'><strong><em>πληρουμένων</em></strong></span> <span class='ocrx_word' id='word_1_12' title='bbox 1583 634 1657 698; x_wconf 80' lang='grc' dir='ltr'><strong><em>τῶν</em></strong></span> 
     </span>
     <span class='ocr_line' id='line_1_3' title="bbox 350 723 1656 820; baseline -0.002 -19"><span class='ocrx_word' id='word_1_13' title='bbox 350 725 527 818; x_wconf 80' lang='grc' dir='ltr'><strong><em>ἀμαρτιιῦν</em></strong></span> <span class='ocrx_word' id='word_1_14' title='bbox 547 726 672 812; x_wconf 83' lang='grc' dir='ltr'><strong><em>αῦτεῦν,</em></strong></span> <span class='ocrx_word' id='word_1_15' title='bbox 695 723 920 820; x_wconf 72' lang='grc' dir='ltr'><strong><em>ἀναστήσεται</em></strong></span> <span class='ocrx_word' id='word_1_16' title='bbox 940 729 1093 817; x_wconf 80' lang='grc' dir='ltr'><strong><em>βασιλεὺς</em></strong></span> <span class='ocrx_word' id='word_1_17' title='bbox 1114 726 1251 817; x_wconf 88' lang='grc' dir='ltr'><strong><em>ἀναιδής</em></strong></span> <span class='ocrx_word' id='word_1_18' title='bbox 1265 729 1442 818; x_wconf 78' lang='grc' dir='ltr'><strong><em>προσώπῳ</em></strong></span> <span class='ocrx_word' id='word_1_19' title='bbox 1457 737 1512 800; x_wconf 85' lang='grc' dir='ltr'><strong><em>καὶ</em></strong></span> <span class='ocrx_word' id='word_1_20' title='bbox 1529 736 1656 800; x_wconf 82' lang='grc' dir='ltr'><strong><em>συνιῶν</em></strong></span> 
     </span>
     <span class='ocr_line' id='line_1_4' title="bbox 349 826 1659 920; baseline -0.003 -18"><span class='ocrx_word' id='word_1_21' title='bbox 349 828 586 920; x_wconf 78' lang='grc' dir='ltr'><strong><em>προβλήματα·</em></strong></span> <span class='ocrx_word' id='word_1_22' title='bbox 615 835 669 898; x_wconf 83' lang='grc' dir='ltr'><strong><em>καὶ</em></strong></span> <span class='ocrx_word' id='word_1_23' title='bbox 700 828 843 917; x_wconf 82' lang='grc' dir='ltr'><strong><em>κραταιά</em></strong></span> <span class='ocrx_word' id='word_1_24' title='bbox 871 826 891 918; x_wconf 90' lang='grc' dir='ltr'><strong><em>ή</em></strong></span> <span class='ocrx_word' id='word_1_25' title='bbox 917 829 1007 918; x_wconf 84' lang='grc' dir='ltr'><strong><em>ίσχύς</em></strong></span> <span class='ocrx_word' id='word_1_26' title='bbox 1033 827 1151 907; x_wconf 88' lang='grc' dir='ltr'><strong><em>αῦτοῦ,</em></strong></span> <span class='ocrx_word' id='word_1_27' title='bbox 1184 834 1239 898; x_wconf 84' lang='grc' dir='ltr'><strong><em>καί</em></strong></span> <span class='ocrx_word' id='word_1_28' title='bbox 1270 827 1448 914; x_wconf 81' lang='grc' dir='ltr'><strong><em>θαυμαστὰ</em></strong></span> <span class='ocrx_word' id='word_1_29' title='bbox 1479 835 1659 918; x_wconf 76' lang='grc' dir='ltr'><strong><em>διαφθερεῖ</em></strong></span> 
     </span>
     <span class='ocr_line' id='line_1_5' title="bbox 349 922 1728 1018; baseline -0.007 -16"><span class='ocrx_word' id='word_1_30' title='bbox 349 939 406 1002; x_wconf 84' lang='grc' dir='ltr'><strong><em>καὶ</em></strong></span> <span class='ocrx_word' id='word_1_31' title='bbox 427 938 631 1000; x_wconf 85' lang='grc' dir='ltr'><strong><em>κατευθυνεῖ</em></strong></span> <span class='ocrx_word' id='word_1_32' title='bbox 647 935 652 1011; x_wconf 95' lang='grc' dir='ltr'>Ι</span> <span class='ocrx_word' id='word_1_33' title='bbox 670 935 725 998; x_wconf 85' lang='grc' dir='ltr'><strong><em>καί</em></strong></span> <span class='ocrx_word' id='word_1_34' title='bbox 746 926 878 1018; x_wconf 88' lang='grc' dir='ltr'><strong><em>ποιήσει</em></strong></span> <span class='ocrx_word' id='word_1_35' title='bbox 898 935 954 1000; x_wconf 81' lang='grc' dir='ltr'><strong><em>καὶ</em></strong></span> <span class='ocrx_word' id='word_1_36' title='bbox 977 935 1155 1015; x_wconf 90' lang='grc' dir='ltr'><strong><em>διαφθερεῖ</em></strong></span> <span class='ocrx_word' id='word_1_37' title='bbox 1178 927 1331 1016; x_wconf 86' lang='grc' dir='ltr'><strong><em>ίσχυροῦς</em></strong></span> <span class='ocrx_word' id='word_1_38' title='bbox 1356 936 1411 998; x_wconf 89' lang='grc' dir='ltr'><strong><em>καὶ</em></strong></span> <span class='ocrx_word' id='word_1_39' title='bbox 1438 927 1523 1000; x_wconf 91' lang='grc' dir='ltr'><strong><em>λαὸν</em></strong></span> <span class='ocrx_word' id='word_1_40' title='bbox 1549 922 1655 1017; x_wconf 74' lang='grc' dir='ltr'><strong><em>ἅγιον.</em></strong></span> <span class='ocrx_word' id='word_1_41' title='bbox 1677 937 1728 994; x_wconf 87' lang='grc'><strong><em>669</em></strong></span> 
     </span>
     <span class='ocr_line' id='line_1_6' title="bbox 315 1023 1656 1119; baseline 0.001 -23"><span class='ocrx_word' id='word_1_42' title='bbox 315 1039 406 1102; x_wconf 77' lang='grc' dir='ltr'><strong><em>ὅκαὶ</em></strong></span> <span class='ocrx_word' id='word_1_43' title='bbox 428 1026 447 1101; x_wconf 88' lang='grc' dir='ltr'><strong><em>ό</em></strong></span> <span class='ocrx_word' id='word_1_44' title='bbox 470 1026 568 1119; x_wconf 76' lang='grc' dir='ltr'><strong><em>ζυγός</em></strong></span> <span class='ocrx_word' id='word_1_45' title='bbox 589 1034 653 1098; x_wconf 94' lang='grc' dir='ltr'><strong><em>τοῦ</em></strong></span> <span class='ocrx_word' id='word_1_46' title='bbox 674 1034 795 1101; x_wconf 91' lang='grc' dir='ltr'><strong><em>κλοιοῦ</em></strong></span> <span class='ocrx_word' id='word_1_47' title='bbox 818 1025 926 1100; x_wconf 87' lang='grc' dir='ltr'><strong><em>αῦτοῦ</em></strong></span> <span class='ocrx_word' id='word_1_48' title='bbox 948 1037 1162 1098; x_wconf 85' lang='grc' dir='ltr'><strong><em>κατευθυνεῖ·</em></strong></span> <span class='ocrx_word' id='word_1_49' title='bbox 1187 1025 1288 1110; x_wconf 88' lang='grc' dir='ltr'><strong><em>δόλος</em></strong></span> <span class='ocrx_word' id='word_1_50' title='bbox 1310 1032 1347 1098; x_wconf 88' lang='grc' dir='ltr'><strong><em>ἐν</em></strong></span> <span class='ocrx_word' id='word_1_51' title='bbox 1368 1035 1412 1116; x_wconf 78' lang='grc' dir='ltr'><strong><em>τῇ</em></strong></span> <span class='ocrx_word' id='word_1_52' title='bbox 1434 1036 1516 1116; x_wconf 80' lang='grc' dir='ltr'><strong><em>χειρί</em></strong></span> <span class='ocrx_word' id='word_1_53' title='bbox 1539 1023 1656 1112; x_wconf 89' lang='grc' dir='ltr'><strong><em>αῦτοῦ,</em></strong></span> 
     </span>
     <span class='ocr_line' id='line_1_7' title="bbox 348 1124 1656 1221; baseline -0.002 -21"><span class='ocrx_word' id='word_1_54' title='bbox 348 1139 405 1202; x_wconf 85' lang='grc' dir='ltr'><strong><em>καὶ</em></strong></span> <span class='ocrx_word' id='word_1_55' title='bbox 427 1135 464 1202; x_wconf 88' lang='grc' dir='ltr'><strong><em>ἐν</em></strong></span> <span class='ocrx_word' id='word_1_56' title='bbox 485 1135 605 1221; x_wconf 80' lang='grc' dir='ltr'><strong><em>καρδίᾳ</em></strong></span> <span class='ocrx_word' id='word_1_57' title='bbox 627 1125 736 1200; x_wconf 78' lang='grc' dir='ltr'><strong><em>αὐτοῦ</em></strong></span> <span class='ocrx_word' id='word_1_58' title='bbox 759 1125 1057 1218; x_wconf 78' lang='grc' dir='ltr'><strong><em>μεγαλυνθήσεται,</em></strong></span> <span class='ocrx_word' id='word_1_59' title='bbox 1091 1134 1147 1197; x_wconf 85' lang='grc' dir='ltr'><strong><em>καὶ</em></strong></span> <span class='ocrx_word' id='word_1_60' title='bbox 1175 1124 1267 1217; x_wconf 84' lang='grc' dir='ltr'><strong><em>δόλῳ</em></strong></span> <span class='ocrx_word' id='word_1_61' title='bbox 1294 1132 1472 1214; x_wconf 88' lang='grc' dir='ltr'><strong><em>διαφθερεῖ</em></strong></span> <span class='ocrx_word' id='word_1_62' title='bbox 1495 1127 1656 1212; x_wconf 87' lang='grc' dir='ltr'><strong><em>πολλοῦς,</em></strong></span> 
     </span>
     <span class='ocr_line' id='line_1_8' title="bbox 348 1224 1656 1318; baseline -0.002 -17"><span class='ocrx_word' id='word_1_63' title='bbox 348 1237 404 1302; x_wconf 89' lang='grc' dir='ltr'><strong><em>καὶ</em></strong></span> <span class='ocrx_word' id='word_1_64' title='bbox 434 1235 490 1302; x_wconf 82' lang='grc' dir='ltr'><strong><em>ἐπὶ</em></strong></span> <span class='ocrx_word' id='word_1_65' title='bbox 522 1225 693 1310; x_wconf 76' lang='grc' dir='ltr'><strong><em>ἀπωλείας</em></strong></span> <span class='ocrx_word' id='word_1_66' title='bbox 722 1235 865 1299; x_wconf 84' lang='grc' dir='ltr'><strong><em>πολλῶν</em></strong></span> <span class='ocrx_word' id='word_1_67' title='bbox 893 1226 1060 1318; x_wconf 87' lang='grc' dir='ltr'><strong><em>στήσεται,</em></strong></span> <span class='ocrx_word' id='word_1_68' title='bbox 1091 1234 1147 1298; x_wconf 87' lang='grc' dir='ltr'><strong><em>καὶ</em></strong></span> <span class='ocrx_word' id='word_1_69' title='bbox 1176 1224 1225 1309; x_wconf 67' lang='grc' dir='ltr'><strong><em>οἷς</em></strong></span> <span class='ocrx_word' id='word_1_70' title='bbox 1255 1225 1308 1298; x_wconf 85' lang='grc' dir='ltr'><strong><em>ιόὰ</em></strong></span> <span class='ocrx_word' id='word_1_71' title='bbox 1339 1233 1422 1316; x_wconf 82' lang='grc' dir='ltr'><strong><em>χειρὶ</em></strong></span> <span class='ocrx_word' id='word_1_72' title='bbox 1453 1233 1656 1316; x_wconf 77' lang='grc' dir='ltr'><strong><em>συντρίψει.“</em></strong></span> 
     </span>
     <span class='ocr_line' id='line_1_9' title="bbox 349 1317 1655 1419; baseline -0.003 -16"><span class='ocrx_word' id='word_1_73' title='bbox 349 1325 433 1419; x_wconf 88' lang='grc' dir='ltr'><strong><em>όπερ</em></strong></span> <span class='ocrx_word' id='word_1_74' title='bbox 460 1337 496 1401; x_wconf 82' lang='grc' dir='ltr'><strong><em>δὲ</em></strong></span> <span class='ocrx_word' id='word_1_75' title='bbox 525 1327 617 1416; x_wconf 82' lang='grc' dir='ltr'><strong><em>παρὰ</em></strong></span> <span class='ocrx_word' id='word_1_76' title='bbox 645 1333 696 1416; x_wconf 78' lang='grc' dir='ltr'><strong><em>τῷ</em></strong></span> <span class='ocrx_word' id='word_1_77' title='bbox 719 1326 846 1417; x_wconf 81' lang='grc' dir='ltr'><strong><em>Παύλῳ</em></strong></span> <span class='ocrx_word' id='word_1_78' title='bbox 873 1334 1027 1399; x_wconf 84' lang='grc' dir='ltr'><strong><em>λέλεκται</em></strong></span> <span class='ocrx_word' id='word_1_79' title='bbox 1049 1331 1085 1398; x_wconf 93' lang='grc' dir='ltr'><strong><em>ἐν</em></strong></span> <span class='ocrx_word' id='word_1_80' title='bbox 1108 1317 1128 1414; x_wconf 84' lang='grc' dir='ltr'><strong><em>ή</em></strong></span> <span class='ocrx_word' id='word_1_81' title='bbox 1150 1331 1313 1416; x_wconf 74' lang='grc' dir='ltr'><strong><em>ἐξεθέμην</em></strong></span> <span class='ocrx_word' id='word_1_82' title='bbox 1337 1325 1444 1398; x_wconf 74' lang='grc' dir='ltr'><strong><em>αὐτοῦ</em></strong></span> <span class='ocrx_word' id='word_1_83' title='bbox 1471 1335 1566 1414; x_wconf 77' lang='grc' dir='ltr'><strong><em>λέξει,</em></strong></span> <span class='ocrx_word' id='word_1_84' title='bbox 1593 1356 1655 1415; x_wconf 90' lang='grc' dir='ltr'><strong><em>φα-</em></strong></span> 
     </span>
     <span class='ocr_line' id='line_1_10' title="bbox 349 1421 1655 1516; baseline -0.005 -14"><span class='ocrx_word' id='word_1_85' title='bbox 349 1429 487 1516; x_wconf 87' lang='grc' dir='ltr'><strong><em>σκοόση·</em></strong></span> <span class='ocrx_word' id='word_1_86' title='bbox 511 1421 619 1512; x_wconf 70' lang='grc' dir='ltr'><strong><em>,ὥστε</em></strong></span> <span class='ocrx_word' id='word_1_87' title='bbox 640 1424 748 1498; x_wconf 76' lang='grc' dir='ltr'><strong><em>αὐτόν</em></strong></span> <span class='ocrx_word' id='word_1_88' title='bbox 775 1432 821 1510; x_wconf 89' lang='grc' dir='ltr'><strong><em>είς</em></strong></span> <span class='ocrx_word' id='word_1_89' title='bbox 848 1424 911 1498; x_wconf 89' lang='grc' dir='ltr'><strong><em>τόν</em></strong></span> <span class='ocrx_word' id='word_1_90' title='bbox 937 1424 1021 1498; x_wconf 90' lang='grc' dir='ltr'><strong><em>ναόν</em></strong></span> <span class='ocrx_word' id='word_1_91' title='bbox 1043 1433 1106 1498; x_wconf 92' lang='grc' dir='ltr'><strong><em>τοῦ</em></strong></span> <span class='ocrx_word' id='word_1_92' title='bbox 1130 1433 1215 1499; x_wconf 86' lang='grc' dir='ltr'><strong><em>θεοῦ</em></strong></span> <span class='ocrx_word' id='word_1_93' title='bbox 1237 1433 1383 1501; x_wconf 86' lang='grc' dir='ltr'><strong><em>καθίσαι,</em></strong></span> <span class='ocrx_word' id='word_1_94' title='bbox 1406 1423 1655 1498; x_wconf 76' lang='grc' dir='ltr'><strong><em>ἀποδεικνύντα</em></strong></span> 
     </span>
     <span class='ocr_line' id='line_1_11' title="bbox 299 1523 1655 1616; baseline -0.001 -19"><span class='ocrx_word' id='word_1_95' title='bbox 299 1543 333 1598; x_wconf 87' lang='grc'><strong><em>10</em></strong></span> <span class='ocrx_word' id='word_1_96' title='bbox 349 1527 473 1601; x_wconf 78' lang='grc' dir='ltr'><strong><em>ἑαυτὸν</em></strong></span> <span class='ocrx_word' id='word_1_97' title='bbox 496 1523 551 1600; x_wconf 89' lang='grc' dir='ltr'><strong><em>ότι</em></strong></span> <span class='ocrx_word' id='word_1_98' title='bbox 573 1531 642 1597; x_wconf 88' lang='grc' dir='ltr'><strong><em>ἐστὶ</em></strong></span> <span class='ocrx_word' id='word_1_99' title='bbox 664 1527 776 1610; x_wconf 83' lang='grc' dir='ltr'><strong><em>θεὸς,“</em></strong></span> <span class='ocrx_word' id='word_1_100' title='bbox 800 1532 905 1597; x_wconf 92' lang='grc' dir='ltr'><strong><em>τοῦτο</em></strong></span> <span class='ocrx_word' id='word_1_101' title='bbox 927 1532 983 1596; x_wconf 82' lang='grc' dir='ltr'><strong><em>καί</em></strong></span> <span class='ocrx_word' id='word_1_102' title='bbox 1004 1531 1042 1598; x_wconf 92' lang='grc' dir='ltr'><strong><em>ἐν</em></strong></span> <span class='ocrx_word' id='word_1_103' title='bbox 1068 1533 1120 1616; x_wconf 80' lang='grc' dir='ltr'><strong><em>τῷ</em></strong></span> <span class='ocrx_word' id='word_1_104' title='bbox 1143 1526 1268 1616; x_wconf 86' lang='grc' dir='ltr'><strong><em>Δανιὴλ</em></strong></span> <span class='ocrx_word' id='word_1_105' title='bbox 1291 1533 1420 1599; x_wconf 91' lang='grc' dir='ltr'><strong><em>τοῦτον</em></strong></span> <span class='ocrx_word' id='word_1_106' title='bbox 1442 1531 1570 1615; x_wconf 80' lang='grc' dir='ltr'><strong><em>εἴρηται</em></strong></span> <span class='ocrx_word' id='word_1_107' title='bbox 1591 1524 1655 1596; x_wconf 86' lang='grc' dir='ltr'><strong><em>τὸν</em></strong></span> 
     </span>
     <span class='ocr_line' id='line_1_12' title="bbox 350 1625 1655 1717; baseline -0.005 -17"><span class='ocrx_word' id='word_1_108' title='bbox 350 1625 495 1717; x_wconf 87' lang='grc' dir='ltr'><strong><em>τρόπον·</em></strong></span> <span class='ocrx_word' id='word_1_109' title='bbox 517 1634 594 1712; x_wconf 72' lang='grc' dir='ltr'><strong><em>,καί</em></strong></span> <span class='ocrx_word' id='word_1_110' title='bbox 616 1631 671 1697; x_wconf 89' lang='grc' dir='ltr'><strong><em>ἐπὶ</em></strong></span> <span class='ocrx_word' id='word_1_111' title='bbox 692 1626 734 1698; x_wconf 91' lang='grc' dir='ltr'><strong><em>τὸ</em></strong></span> <span class='ocrx_word' id='word_1_112' title='bbox 755 1625 849 1713; x_wconf 79' lang='grc' dir='ltr'><strong><em>ἱερὸν</em></strong></span> <span class='ocrx_word' id='word_1_113' title='bbox 869 1632 1034 1716; x_wconf 80' lang='grc' dir='ltr'><strong><em>βδέλυγμα</em></strong></span> <span class='ocrx_word' id='word_1_114' title='bbox 1055 1635 1129 1699; x_wconf 82' lang='grc' dir='ltr'><strong><em>τῶν</em></strong></span> <span class='ocrx_word' id='word_1_115' title='bbox 1150 1627 1363 1716; x_wconf 80' lang='grc' dir='ltr'><strong><em>ἐρημώσεων,</em></strong></span> <span class='ocrx_word' id='word_1_116' title='bbox 1385 1633 1441 1698; x_wconf 86' lang='grc' dir='ltr'><strong><em>καὶ</em></strong></span> <span class='ocrx_word' id='word_1_117' title='bbox 1462 1627 1527 1708; x_wconf 77' lang='grc' dir='ltr'><strong><em>ἕως</em></strong></span> <span class='ocrx_word' id='word_1_118' title='bbox 1542 1649 1655 1696; x_wconf 88' lang='grc' dir='ltr'><strong><em>συντε-</em></strong></span> 
     </span>
     <span class='ocr_line' id='line_1_13' title="bbox 351 1722 1364 1817; baseline 0 -19"><span class='ocrx_word' id='word_1_119' title='bbox 351 1735 441 1811; x_wconf 87' lang='grc' dir='ltr'><strong><em>λείας</em></strong></span> <span class='ocrx_word' id='word_1_120' title='bbox 462 1731 582 1816; x_wconf 84' lang='grc' dir='ltr'><strong><em>καιροῦ</em></strong></span> <span class='ocrx_word' id='word_1_121' title='bbox 604 1732 778 1798; x_wconf 79' lang='grc' dir='ltr'><strong><em>συντέλεια</em></strong></span> <span class='ocrx_word' id='word_1_122' title='bbox 800 1722 983 1814; x_wconf 88' lang='grc' dir='ltr'><strong><em>δοθήσεται</em></strong></span> <span class='ocrx_word' id='word_1_123' title='bbox 1005 1729 1059 1796; x_wconf 85' lang='grc' dir='ltr'><strong><em>ἐπὶ</em></strong></span> <span class='ocrx_word' id='word_1_124' title='bbox 1082 1725 1145 1815; x_wconf 89' lang='grc' dir='ltr'><strong><em>τήν</em></strong></span> <span class='ocrx_word' id='word_1_125' title='bbox 1167 1724 1364 1817; x_wconf 82' lang='grc' dir='ltr'><strong><em>ἐρήμωσιν.“</em></strong></span> 
     </span>
     <span class='ocr_line' id='line_1_14' title="bbox 431 1821 1655 1916; baseline -0.002 -18"><span class='ocrx_word' id='word_1_126' title='bbox 431 1831 583 1898; x_wconf 89' lang='grc' dir='ltr'><strong><em>τοσαῦτα</em></strong></span> <span class='ocrx_word' id='word_1_127' title='bbox 607 1825 647 1915; x_wconf 89' lang='grc' dir='ltr'><strong><em>δή</em></strong></span> <span class='ocrx_word' id='word_1_128' title='bbox 670 1821 739 1897; x_wconf 87' lang='grc' dir='ltr'><strong><em>ἀπὸ</em></strong></span> <span class='ocrx_word' id='word_1_129' title='bbox 761 1821 932 1896; x_wconf 90' lang='grc' dir='ltr'><strong><em>πλειόνων</em></strong></span> <span class='ocrx_word' id='word_1_130' title='bbox 955 1827 1068 1910; x_wconf 79' lang='grc' dir='ltr'><strong><em>ἔδοξεν</em></strong></span> <span class='ocrx_word' id='word_1_131' title='bbox 1090 1821 1234 1915; x_wconf 82' lang='grc' dir='ltr'><strong><em>εὔλογον</em></strong></span> <span class='ocrx_word' id='word_1_132' title='bbox 1256 1827 1340 1898; x_wconf 84' lang='grc' dir='ltr'><strong><em>είναί</em></strong></span> <span class='ocrx_word' id='word_1_133' title='bbox 1360 1855 1417 1916; x_wconf 92' lang='grc' dir='ltr'><strong><em>μοι</em></strong></span> <span class='ocrx_word' id='word_1_134' title='bbox 1438 1833 1655 1915; x_wconf 86' lang='grc' dir='ltr'><strong><em>παραθέσθαι</em></strong></span> 
     </span>
     <span class='ocr_line' id='line_1_15' title="bbox 349 1920 1655 2016; baseline -0.002 -18"><span class='ocrx_word' id='word_1_135' title='bbox 349 1931 395 2010; x_wconf 90' lang='grc' dir='ltr'><strong><em>είς</em></strong></span> <span class='ocrx_word' id='word_1_136' title='bbox 416 1925 458 1999; x_wconf 91' lang='grc' dir='ltr'><strong><em>τό</em></strong></span> <span class='ocrx_word' id='word_1_137' title='bbox 480 1920 545 1997; x_wconf 83' lang='grc' dir='ltr'><strong><em>κάν</em></strong></span> <span class='ocrx_word' id='word_1_138' title='bbox 563 1921 614 1996; x_wconf 77' lang='grc' dir='ltr'><strong><em>ἐπ’</em></strong></span> <span class='ocrx_word' id='word_1_139' title='bbox 642 1920 760 2013; x_wconf 80' lang='grc' dir='ltr'><strong><em>ὀλίγον</em></strong></span> <span class='ocrx_word' id='word_1_140' title='bbox 785 1930 935 1994; x_wconf 84' lang='grc' dir='ltr'><strong><em>συνιέναι</em></strong></span> <span class='ocrx_word' id='word_1_141' title='bbox 961 1923 1024 1994; x_wconf 90' lang='grc' dir='ltr'><strong><em>τόν</em></strong></span> <span class='ocrx_word' id='word_1_142' title='bbox 1049 1921 1222 2015; x_wconf 87' lang='grc' dir='ltr'><strong><em>ἀκροατήν</em></strong></span> <span class='ocrx_word' id='word_1_143' title='bbox 1248 1935 1325 2015; x_wconf 85' lang='grc' dir='ltr'><strong><em>περὶ</em></strong></span> <span class='ocrx_word' id='word_1_144' title='bbox 1351 1933 1415 1998; x_wconf 91' lang='grc' dir='ltr'><strong><em>τοῦ</em></strong></span> <span class='ocrx_word' id='word_1_145' title='bbox 1441 1925 1655 2016; x_wconf 87' lang='grc' dir='ltr'><strong><em>βουλήματος</em></strong></span> 
     </span>
     <span class='ocr_line' id='line_1_16' title="bbox 296 2021 1653 2113; baseline -0.001 -14"><span class='ocrx_word' id='word_1_146' title='bbox 296 2047 328 2100; x_wconf 81' lang='lat'><strong><em>15</em></strong></span> <span class='ocrx_word' id='word_1_147' title='bbox 348 2035 422 2098; x_wconf 81' lang='grc' dir='ltr'><strong><em>τῶν</em></strong></span> <span class='ocrx_word' id='word_1_148' title='bbox 444 2032 551 2097; x_wconf 85' lang='grc' dir='ltr'><strong><em>θείων</em></strong></span> <span class='ocrx_word' id='word_1_149' title='bbox 584 2021 709 2113; x_wconf 87' lang='grc' dir='ltr'><strong><em>λόγων,</em></strong></span> <span class='ocrx_word' id='word_1_150' title='bbox 741 2021 975 2096; x_wconf 89' lang='grc' dir='ltr'><strong><em>διδασκόντων</em></strong></span> <span class='ocrx_word' id='word_1_151' title='bbox 1006 2023 1048 2096; x_wconf 84' lang='grc' dir='ltr'><strong><em>τὰ</em></strong></span> <span class='ocrx_word' id='word_1_152' title='bbox 1078 2034 1156 2112; x_wconf 85' lang='grc' dir='ltr'><strong><em>περὶ</em></strong></span> <span class='ocrx_word' id='word_1_153' title='bbox 1186 2031 1250 2096; x_wconf 94' lang='grc' dir='ltr'><strong><em>τοῦ</em></strong></span> <span class='ocrx_word' id='word_1_154' title='bbox 1280 2023 1472 2109; x_wconf 90' lang='grc' dir='ltr'><strong><em>διαβόλου</em></strong></span> <span class='ocrx_word' id='word_1_155' title='bbox 1500 2033 1557 2098; x_wconf 84' lang='grc' dir='ltr'><strong><em>καὶ</em></strong></span> <span class='ocrx_word' id='word_1_156' title='bbox 1589 2031 1653 2097; x_wconf 93' lang='grc' dir='ltr'><strong><em>τοῦ</em></strong></span> 
     </span>
     <span class='ocr_line' id='line_1_17' title="bbox 348 2121 1654 2214; baseline -0.003 -16"><span class='ocrx_word' id='word_1_157' title='bbox 348 2123 577 2214; x_wconf 85' lang='grc' dir='ltr'><strong><em>ἀντιχρίστου·</em></strong></span> <span class='ocrx_word' id='word_1_158' title='bbox 599 2125 649 2206; x_wconf 75' lang='grc' dir='ltr'><strong><em>οἷς</em></strong></span> <span class='ocrx_word' id='word_1_159' title='bbox 673 2130 718 2206; x_wconf 91' lang='grc' dir='ltr'><strong><em>είς</em></strong></span> <span class='ocrx_word' id='word_1_160' title='bbox 733 2130 844 2196; x_wconf 88' lang='grc' dir='ltr'><strong><em>ταῦτα</em></strong></span> <span class='ocrx_word' id='word_1_161' title='bbox 865 2121 1087 2213; x_wconf 76' lang='grc' dir='ltr'><strong><em>ἀρκεσθέντες</em></strong></span> <span class='ocrx_word' id='word_1_162' title='bbox 1103 2129 1227 2214; x_wconf 82' lang='grc' dir='ltr'><strong><em>ἴδωμεν</em></strong></span> <span class='ocrx_word' id='word_1_163' title='bbox 1243 2131 1298 2196; x_wconf 85' lang='grc' dir='ltr'><strong><em>καὶ</em></strong></span> <span class='ocrx_word' id='word_1_164' title='bbox 1314 2121 1420 2214; x_wconf 87' lang='grc' dir='ltr'><strong><em>ἀλλην</em></strong></span> <span class='ocrx_word' id='word_1_165' title='bbox 1443 2131 1506 2196; x_wconf 94' lang='grc' dir='ltr'><strong><em>τοῦ</em></strong></span> <span class='ocrx_word' id='word_1_166' title='bbox 1524 2130 1654 2196; x_wconf 86' lang='grc' dir='ltr'><strong><em>Κέλσου</em></strong></span> 
     </span>
     <span class='ocr_line' id='line_1_18' title="bbox 349 2219 1375 2314; baseline -0.001 -18"><span class='ocrx_word' id='word_1_167' title='bbox 349 2233 441 2314; x_wconf 78' lang='grc' dir='ltr'><strong><em>λέξιν</em></strong></span> <span class='ocrx_word' id='word_1_168' title='bbox 461 2233 517 2295; x_wconf 87' lang='grc' dir='ltr'><strong><em>καὶ</em></strong></span> <span class='ocrx_word' id='word_1_169' title='bbox 539 2223 625 2312; x_wconf 89' lang='grc' dir='ltr'><strong><em>πρός</em></strong></span> <span class='ocrx_word' id='word_1_170' title='bbox 648 2221 755 2313; x_wconf 87' lang='grc' dir='ltr'><strong><em>αότήν</em></strong></span> <span class='ocrx_word' id='word_1_171' title='bbox 777 2223 865 2295; x_wconf 88' lang='grc' dir='ltr'><strong><em>κατὰ</em></strong></span> <span class='ocrx_word' id='word_1_172' title='bbox 888 2223 929 2296; x_wconf 89' lang='grc' dir='ltr'><strong><em>τό</em></strong></span> <span class='ocrx_word' id='word_1_173' title='bbox 953 2223 1099 2295; x_wconf 88' lang='grc' dir='ltr'><strong><em>δυνατόν</em></strong></span> <span class='ocrx_word' id='word_1_174' title='bbox 1121 2219 1375 2313; x_wconf 79' lang='grc' dir='ltr'><strong><em>ἀγωνισώμεθα.</em></strong></span> 
     </span>
    </p>
   </div>
   <div class='ocr_carea' id='block_1_3' title="bbox 294 2336 1654 3630">
    <p class='ocr_par' dir='ltr' id='par_1_3' title="bbox 430 2336 1653 2430">
     <span class='ocr_line' id='line_1_19' title="bbox 430 2336 1653 2430; baseline 0 -19"><span class='ocrx_word' id='word_1_175' title='bbox 430 2345 555 2411; x_wconf 87' lang='lat' dir='ltr'><strong>XLVII.</strong></span> <span class='ocrx_word' id='word_1_176' title='bbox 586 2336 698 2430; x_wconf 77' lang='grc' dir='ltr'><strong><em>Ἐλεγε</em></strong></span> <span class='ocrx_word' id='word_1_177' title='bbox 720 2339 760 2430; x_wconf 88' lang='grc' dir='ltr'><strong><em>δή</em></strong></span> <span class='ocrx_word' id='word_1_178' title='bbox 782 2340 865 2430; x_wconf 81' lang='grc' dir='ltr'><strong><em>μετὰ</em></strong></span> <span class='ocrx_word' id='word_1_179' title='bbox 894 2340 937 2411; x_wconf 84' lang='grc' dir='ltr'><strong><em>τὰ</em></strong></span> <span class='ocrx_word' id='word_1_180' title='bbox 963 2343 1134 2428; x_wconf 76' lang='grc' dir='ltr'><strong><em>ἐκκείμενα</em></strong></span> <span class='ocrx_word' id='word_1_181' title='bbox 1160 2348 1317 2412; x_wconf 89' lang='grc' dir='ltr'><strong><em>τοιαῦτα·</em></strong></span> <span class='ocrx_word' id='word_1_182' title='bbox 1344 2337 1496 2413; x_wconf 86' lang='grc' dir='ltr'><strong><em>όπόθεν</em></strong></span> <span class='ocrx_word' id='word_1_183' title='bbox 1522 2349 1563 2414; x_wconf 83' lang='grc' dir='ltr'><strong><em>δέ</em></strong></span> <span class='ocrx_word' id='word_1_184' title='bbox 1589 2349 1653 2412; x_wconf 82' lang='grc' dir='ltr'><strong><em>καί</em></strong></span> 
     </span>
    </p>

    <p class='ocr_par' dir='ltr' id='par_1_4' title="bbox 294 2437 1654 3630">
     <span class='ocr_line' id='line_1_20' title="bbox 347 2437 1653 2532; baseline -0.001 -19"><span class='ocrx_word' id='word_1_185' title='bbox 347 2440 446 2513; x_wconf 79' lang='grc' dir='ltr'><strong><em>αὐτὸ</em></strong></span> <span class='ocrx_word' id='word_1_186' title='bbox 472 2447 597 2512; x_wconf 90' lang='grc' dir='ltr'><strong><em>τοῦτο</em></strong></span> <span class='ocrx_word' id='word_1_187' title='bbox 629 2443 808 2529; x_wconf 80' lang='grc' dir='ltr'><strong><em>ἐπῆλθεν</em></strong></span> <span class='ocrx_word' id='word_1_188' title='bbox 838 2437 977 2523; x_wconf 87' lang='grc' dir='ltr'><strong><em>αῦτοῖς</em></strong></span> <span class='ocrx_word' id='word_1_189' title='bbox 1012 2447 1112 2512; x_wconf 84' lang='grc' dir='ltr'><strong><em>θεοῦ</em></strong></span> <span class='ocrx_word' id='word_1_190' title='bbox 1148 2443 1239 2513; x_wconf 79' lang='grc' dir='ltr'><strong><em>υἱὸν</em></strong></span> <span class='ocrx_word' id='word_1_191' title='bbox 1273 2451 1427 2526; x_wconf 90' lang='grc' dir='ltr'><strong><em>καλεῖν,</em></strong></span> <span class='ocrx_word' id='word_1_192' title='bbox 1463 2451 1653 2532; x_wconf 87' lang='grc' dir='ltr'><strong><em>σημαίνω.</em></strong></span> 
     </span>
     <span class='ocr_line' id='line_1_21' title="bbox 294 2536 1653 2630; baseline -0.001 -16"><span class='ocrx_word' id='word_1_193' title='bbox 294 2559 328 2614; x_wconf 86' lang='grc'><strong><em>20</em></strong></span> <span class='ocrx_word' id='word_1_194' title='bbox 347 2539 490 2630; x_wconf 88' lang='grc' dir='ltr'><strong><em>ἀνδρες</em></strong></span> <span class='ocrx_word' id='word_1_195' title='bbox 519 2546 685 2611; x_wconf 85' lang='grc' dir='ltr'><strong><em>παλαιοὶ</em></strong></span> <span class='ocrx_word' id='word_1_196' title='bbox 719 2536 838 2610; x_wconf 87' lang='grc' dir='ltr'><strong><em>τόνδε</em></strong></span> <span class='ocrx_word' id='word_1_197' title='bbox 868 2540 941 2612; x_wconf 90' lang='grc' dir='ltr'><strong><em>τόν</em></strong></span> <span class='ocrx_word' id='word_1_198' title='bbox 971 2539 1123 2628; x_wconf 89' lang='grc' dir='ltr'><strong><em>κόσμον</em></strong></span> <span class='ocrx_word' id='word_1_199' title='bbox 1153 2536 1206 2624; x_wconf 79' lang='grc' dir='ltr'><strong><em>(ῦς</em></strong></span> <span class='ocrx_word' id='word_1_200' title='bbox 1236 2545 1278 2612; x_wconf 89' lang='grc' dir='ltr'><strong><em>ἐκ</em></strong></span> <span class='ocrx_word' id='word_1_201' title='bbox 1304 2547 1405 2612; x_wconf 90' lang='grc' dir='ltr'><strong><em>θεοῦ</em></strong></span> <span class='ocrx_word' id='word_1_202' title='bbox 1434 2539 1653 2630; x_wconf 88' lang='grc' dir='ltr'><strong><em>γενόμενον</em></strong></span> 
     </span>
     <span class='ocr_line' id='line_1_22' title="bbox 347 2633 1653 2730; baseline -0.001 -17"><span class='ocrx_word' id='word_1_203' title='bbox 347 2639 469 2713; x_wconf 83' lang='grc' dir='ltr'><strong><em>παιδά</em></strong></span> <span class='ocrx_word' id='word_1_204' title='bbox 495 2669 539 2712; x_wconf 85' lang='grc' dir='ltr'><strong><em>τε</em></strong></span> <span class='ocrx_word' id='word_1_205' title='bbox 566 2636 690 2710; x_wconf 78' lang='grc' dir='ltr'><strong><em>αὐτοῦ</em></strong></span> <span class='ocrx_word' id='word_1_206' title='bbox 716 2647 781 2710; x_wconf 83' lang='grc' dir='ltr'><strong><em>καί</em></strong></span> <span class='ocrx_word' id='word_1_207' title='bbox 811 2637 954 2730; x_wconf 82' lang='grc' dir='ltr'><strong><em>ήΐθεον</em></strong></span> <span class='ocrx_word' id='word_1_208' title='bbox 984 2660 1213 2725; x_wconf 83' lang='grc' dir='ltr'><strong><em>προσεῖπον.</em></strong></span> <span class='ocrx_word' id='word_1_209' title='bbox 1249 2637 1354 2711; x_wconf 89' lang='grc' dir='ltr'><strong><em>πάνυ</em></strong></span> <span class='ocrx_word' id='word_1_210' title='bbox 1383 2648 1481 2729; x_wconf 90' lang='grc' dir='ltr'><strong><em>γοῦν</em></strong></span> <span class='ocrx_word' id='word_1_211' title='bbox 1514 2633 1653 2730; x_wconf 87' lang='grc' dir='ltr'><strong><em>όμοιος</em></strong></span> 
     </span>
     <span class='ocr_line' id='line_1_23' title="bbox 348 2733 1652 2832; baseline -0.003 -18"><span class='ocrx_word' id='word_1_212' title='bbox 348 2733 470 2824; x_wconf 90' lang='grc' dir='ltr'><strong><em>οῦτός</em></strong></span> <span class='ocrx_word' id='word_1_213' title='bbox 492 2769 532 2810; x_wconf 89' lang='grc' dir='ltr'><strong><em>τε</em></strong></span> <span class='ocrx_word' id='word_1_214' title='bbox 554 2736 742 2824; x_wconf 85' lang='grc' dir='ltr'><strong><em>κάκεῖνος</em></strong></span> <span class='ocrx_word' id='word_1_215' title='bbox 763 2759 855 2823; x_wconf 88' lang='grc' dir='ltr'><strong><em>παῖς</em></strong></span> <span class='ocrx_word' id='word_1_216' title='bbox 877 2745 982 2811; x_wconf 91' lang='grc' dir='ltr'><strong><em>θεοῦ.</em></strong></span> <span class='ocrx_word' id='word_1_217' title='bbox 1018 2737 1119 2830; x_wconf 79' lang='grc' dir='ltr'><strong><em>ῳίήθη</em></strong></span> <span class='ocrx_word' id='word_1_218' title='bbox 1142 2740 1183 2829; x_wconf 90' lang='grc' dir='ltr'><strong><em>δή</em></strong></span> <span class='ocrx_word' id='word_1_219' title='bbox 1205 2739 1294 2811; x_wconf 86' lang='grc' dir='ltr'><strong><em>υἱόν</em></strong></span> <span class='ocrx_word' id='word_1_220' title='bbox 1309 2748 1408 2812; x_wconf 88' lang='grc' dir='ltr'><strong><em>θεοῦ</em></strong></span> <span class='ocrx_word' id='word_1_221' title='bbox 1429 2737 1514 2831; x_wconf 84' lang='grc' dir='ltr'><strong><em>ἡμᾶς</em></strong></span> <span class='ocrx_word' id='word_1_222' title='bbox 1534 2749 1652 2832; x_wconf 89' lang='grc' dir='ltr'><strong><em>λέγειν,</em></strong></span> 
     </span>
     <span class='ocr_line' id='line_1_24' title="bbox 348 2837 1653 2931; baseline 0 -19"><span class='ocrx_word' id='word_1_223' title='bbox 348 2838 651 2931; x_wconf 86' lang='grc' dir='ltr'><strong><em>παραποιήσαντας</em></strong></span> <span class='ocrx_word' id='word_1_224' title='bbox 673 2838 715 2911; x_wconf 82' lang='grc' dir='ltr'><strong><em>τό</em></strong></span> <span class='ocrx_word' id='word_1_225' title='bbox 737 2849 814 2928; x_wconf 85' lang='grc' dir='ltr'><strong><em>περὶ</em></strong></span> <span class='ocrx_word' id='word_1_226' title='bbox 835 2847 907 2910; x_wconf 91' lang='grc' dir='ltr'><strong><em>τοῦ</em></strong></span> <span class='ocrx_word' id='word_1_227' title='bbox 928 2837 1078 2927; x_wconf 89' lang='grc' dir='ltr'><strong><em>κόσμου</em></strong></span> <span class='ocrx_word' id='word_1_228' title='bbox 1100 2838 1152 2920; x_wconf 76' lang='grc' dir='ltr'><strong><em>ὦς</em></strong></span> <span class='ocrx_word' id='word_1_229' title='bbox 1173 2845 1214 2911; x_wconf 85' lang='grc' dir='ltr'><strong><em>ἐκ</em></strong></span> <span class='ocrx_word' id='word_1_230' title='bbox 1235 2847 1334 2911; x_wconf 89' lang='grc' dir='ltr'><strong><em>θεοῦ</em></strong></span> <span class='ocrx_word' id='word_1_231' title='bbox 1357 2848 1576 2930; x_wconf 85' lang='grc' dir='ltr'><strong><em>γενομένου</em></strong></span> <span class='ocrx_word' id='word_1_232' title='bbox 1596 2849 1653 2912; x_wconf 82' lang='grc' dir='ltr'><strong><em>καί</em></strong></span> 
     </span>
     <span class='ocr_line' id='line_1_25' title="bbox 348 2936 1652 3031; baseline 0.002 -21"><span class='ocrx_word' id='word_1_233' title='bbox 348 2945 437 3012; x_wconf 84' lang='grc' dir='ltr'><strong><em>υίοῦ</em></strong></span> <span class='ocrx_word' id='word_1_234' title='bbox 461 2936 564 3019; x_wconf 83' lang='grc' dir='ltr'><strong><em>ὄντος</em></strong></span> <span class='ocrx_word' id='word_1_235' title='bbox 592 2936 716 3011; x_wconf 87' lang='grc' dir='ltr'><strong><em>αῦτοῦ</em></strong></span> <span class='ocrx_word' id='word_1_236' title='bbox 737 2946 803 3011; x_wconf 84' lang='grc' dir='ltr'><strong><em>καὶ</em></strong></span> <span class='ocrx_word' id='word_1_237' title='bbox 825 2946 934 3011; x_wconf 87' lang='grc' dir='ltr'><strong><em>θεοῦ·</em></strong></span> <span class='ocrx_word' id='word_1_238' title='bbox 963 2936 1004 3010; x_wconf 86' lang='grc' dir='ltr'><strong><em>οῦ</em></strong></span> <span class='ocrx_word' id='word_1_239' title='bbox 1026 2939 1088 3028; x_wconf 76' lang='grc' dir='ltr'><strong><em>γὰρ</em></strong></span> <span class='ocrx_word' id='word_1_240' title='bbox 1111 2938 1259 3029; x_wconf 79' lang='grc' dir='ltr'><strong><em>ἐδυνήθη</em></strong></span> <span class='ocrx_word' id='word_1_241' title='bbox 1281 2938 1462 3030; x_wconf 79' lang='grc' dir='ltr'><strong><em>ἐπιστήσας</em></strong></span> <span class='ocrx_word' id='word_1_242' title='bbox 1485 2961 1557 3023; x_wconf 86' lang='grc' dir='ltr'><strong><em>τοῖς</em></strong></span> <span class='ocrx_word' id='word_1_243' title='bbox 1577 2937 1652 3031; x_wconf 88' lang='grc' dir='ltr'><strong><em>χρό-</em></strong></span> 
     </span>
     <span class='ocr_line' id='line_1_26' title="bbox 298 3035 1654 3128; baseline -0.001 -16"><span class='ocrx_word' id='word_1_244' title='bbox 298 3064 332 3119; x_wconf 79' lang='lat'><strong><em>25</em></strong></span> <span class='ocrx_word' id='word_1_245' title='bbox 349 3069 422 3124; x_wconf 87' lang='grc' dir='ltr'><strong><em>νοις</em></strong></span> <span class='ocrx_word' id='word_1_246' title='bbox 442 3043 620 3123; x_wconf 87' lang='grc' dir='ltr'><strong><em>Μωῦσέως</em></strong></span> <span class='ocrx_word' id='word_1_247' title='bbox 640 3046 697 3109; x_wconf 84' lang='grc' dir='ltr'><strong><em>καὶ</em></strong></span> <span class='ocrx_word' id='word_1_248' title='bbox 718 3047 792 3111; x_wconf 86' lang='grc' dir='ltr'><strong><em>τιῦν</em></strong></span> <span class='ocrx_word' id='word_1_249' title='bbox 812 3047 1008 3128; x_wconf 83' lang='grc' dir='ltr'><strong><em>προφητῶν</em></strong></span> <span class='ocrx_word' id='word_1_250' title='bbox 1029 3045 1113 3111; x_wconf 86' lang='grc' dir='ltr'><strong><em>ίδεῖν</em></strong></span> <span class='ocrx_word' id='word_1_251' title='bbox 1136 3035 1190 3111; x_wconf 86' lang='grc' dir='ltr'><strong><em>ότι</em></strong></span> <span class='ocrx_word' id='word_1_252' title='bbox 1216 3037 1372 3112; x_wconf 86' lang='grc' dir='ltr'><strong><em>καθόλου</em></strong></span> <span class='ocrx_word' id='word_1_253' title='bbox 1396 3039 1438 3112; x_wconf 92' lang='grc' dir='ltr'><strong><em>τό</em></strong></span> <span class='ocrx_word' id='word_1_254' title='bbox 1465 3042 1550 3112; x_wconf 80' lang='grc' dir='ltr'><strong><em>εἷναί</em></strong></span> <span class='ocrx_word' id='word_1_255' title='bbox 1576 3069 1654 3112; x_wconf 89' lang='grc' dir='ltr'><strong><em>τινα</em></strong></span> 
     </span>
     <span class='ocr_line' id='line_1_27' title="bbox 349 3130 1653 3229; baseline 0.002 -19"><span class='ocrx_word' id='word_1_256' title='bbox 349 3139 437 3212; x_wconf 74' lang='grc' dir='ltr'><strong><em>υἱόν</em></strong></span> <span class='ocrx_word' id='word_1_257' title='bbox 458 3145 558 3211; x_wconf 89' lang='grc' dir='ltr'><strong><em>θεοῦ</em></strong></span> <span class='ocrx_word' id='word_1_258' title='bbox 585 3137 651 3227; x_wconf 90' lang='grc' dir='ltr'><strong><em>πρό</em></strong></span> <span class='ocrx_word' id='word_1_259' title='bbox 675 3135 845 3228; x_wconf 80' lang='grc' dir='ltr'><strong><em>Ἑλλήνων</em></strong></span> <span class='ocrx_word' id='word_1_260' title='bbox 875 3145 930 3208; x_wconf 85' lang='grc' dir='ltr'><strong><em>καὶ</em></strong></span> <span class='ocrx_word' id='word_1_261' title='bbox 962 3130 1013 3210; x_wconf 77' lang='grc' dir='ltr'><strong><em>ὧν</em></strong></span> <span class='ocrx_word' id='word_1_262' title='bbox 1035 3162 1139 3229; x_wconf 92' lang='grc' dir='ltr'><strong><em>φησιν</em></strong></span> <span class='ocrx_word' id='word_1_263' title='bbox 1169 3136 1188 3212; x_wconf 87' lang='grc' dir='ltr'><strong><em>ό</em></strong></span> <span class='ocrx_word' id='word_1_264' title='bbox 1217 3147 1345 3224; x_wconf 85' lang='grc' dir='ltr'><strong><em>Κέλσος</em></strong></span> <span class='ocrx_word' id='word_1_265' title='bbox 1373 3149 1559 3214; x_wconf 81' lang='grc' dir='ltr'><strong><em>παλαιῶν</em></strong></span> <span class='ocrx_word' id='word_1_266' title='bbox 1589 3138 1653 3214; x_wconf 88' lang='grc' dir='ltr'><strong><em>ἀν·</em></strong></span> 
     </span>
     <span class='ocr_line' id='line_1_28' title="bbox 348 3234 1652 3331; baseline 0 -21"><span class='ocrx_word' id='word_1_267' title='bbox 348 3246 454 3328; x_wconf 82' lang='grc' dir='ltr'><strong><em>δρῶν</em></strong></span> <span class='ocrx_word' id='word_1_268' title='bbox 480 3243 512 3310; x_wconf 84' lang='grc' dir='ltr'><strong><em>οί</em></strong></span> <span class='ocrx_word' id='word_1_269' title='bbox 531 3235 612 3327; x_wconf 79' lang='grc' dir='ltr'><strong><em>παρ&gt;</em></strong></span> <span class='ocrx_word' id='word_1_270' title='bbox 626 3234 795 3321; x_wconf 79' lang='grc' dir='ltr'><strong><em>Ἰουδαίοις</em></strong></span> <span class='ocrx_word' id='word_1_271' title='bbox 815 3245 991 3328; x_wconf 81' lang='grc' dir='ltr'><strong><em>προφῆται</em></strong></span> <span class='ocrx_word' id='word_1_272' title='bbox 1006 3238 1271 3330; x_wconf 85' lang='grc' dir='ltr'><strong><em>ἐπροφήτευσαν.</em></strong></span> <span class='ocrx_word' id='word_1_273' title='bbox 1307 3237 1381 3312; x_wconf 74' lang='grc' dir='ltr'><strong><em>ἀλλ’</em></strong></span> <span class='ocrx_word' id='word_1_274' title='bbox 1397 3237 1467 3312; x_wconf 84' lang='grc' dir='ltr'><strong><em>οῦδ</em></strong></span> <span class='ocrx_word' id='word_1_275' title='bbox 1483 3239 1652 3331; x_wconf 89' lang='grc' dir='ltr'><strong><em>ἐβουλήθη</em></strong></span> 
     </span>
     <span class='ocr_line' id='line_1_29' title="bbox 347 3333 1653 3430; baseline 0 -20"><span class='ocrx_word' id='word_1_276' title='bbox 347 3339 389 3410; x_wconf 91' lang='grc' dir='ltr'><strong><em>τό</em></strong></span> <span class='ocrx_word' id='word_1_277' title='bbox 418 3338 511 3426; x_wconf 84' lang='grc' dir='ltr'><strong><em>παρὰ</em></strong></span> <span class='ocrx_word' id='word_1_278' title='bbox 543 3335 733 3409; x_wconf 80' lang='grc' dir='ltr'><strong><em>Πλάτωνι</em></strong></span> <span class='ocrx_word' id='word_1_279' title='bbox 763 3343 799 3409; x_wconf 89' lang='grc' dir='ltr'><strong><em>ἐν</em></strong></span> <span class='ocrx_word' id='word_1_280' title='bbox 830 3357 904 3421; x_wconf 89' lang='grc' dir='ltr'><strong><em>ταῖς</em></strong></span> <span class='ocrx_word' id='word_1_281' title='bbox 936 3343 1169 3424; x_wconf 79' lang='grc' dir='ltr'><strong><em>ἐπιστολαῖς</em></strong></span> <span class='ocrx_word' id='word_1_282' title='bbox 1200 3346 1409 3430; x_wconf 81' lang='grc' dir='ltr'><strong><em>λελεγμένον,</em></strong></span> <span class='ocrx_word' id='word_1_283' title='bbox 1441 3333 1482 3412; x_wconf 89' lang='grc' dir='ltr'><strong><em>οῦ</em></strong></span> <span class='ocrx_word' id='word_1_284' title='bbox 1513 3346 1550 3412; x_wconf 91' lang='grc' dir='ltr'><strong><em>ἐν</em></strong></span> <span class='ocrx_word' id='word_1_285' title='bbox 1580 3359 1653 3422; x_wconf 92' lang='grc' dir='ltr'><strong><em>τοῖς</em></strong></span> 
     </span>
     <span class='ocr_line' id='line_1_30' title="bbox 347 3435 1652 3528; baseline 0 -18"><span class='ocrx_word' id='word_1_286' title='bbox 347 3435 514 3528; x_wconf 76' lang='grc' dir='ltr'><strong><em>ἀνωτέρω</em></strong></span> <span class='ocrx_word' id='word_1_287' title='bbox 542 3436 765 3528; x_wconf 87' lang='grc' dir='ltr'><strong><em>ἐμνήσθημεν,</em></strong></span> <span class='ocrx_word' id='word_1_288' title='bbox 794 3446 872 3526; x_wconf 83' lang='grc' dir='ltr'><strong><em>περὶ</em></strong></span> <span class='ocrx_word' id='word_1_289' title='bbox 907 3446 971 3511; x_wconf 88' lang='grc' dir='ltr'><strong><em>τοῦ</em></strong></span> <span class='ocrx_word' id='word_1_290' title='bbox 1004 3438 1293 3528; x_wconf 88' lang='grc' dir='ltr'><strong><em>διακοσμήσαντος</em></strong></span> <span class='ocrx_word' id='word_1_291' title='bbox 1323 3438 1402 3513; x_wconf 90' lang='grc' dir='ltr'><strong><em>τόδε</em></strong></span> <span class='ocrx_word' id='word_1_292' title='bbox 1432 3440 1474 3513; x_wconf 87' lang='grc' dir='ltr'><strong><em>τό</em></strong></span> <span class='ocrx_word' id='word_1_293' title='bbox 1504 3447 1573 3512; x_wconf 84' lang='grc' dir='ltr'><strong><em>πᾶν</em></strong></span> <span class='ocrx_word' id='word_1_294' title='bbox 1605 3437 1652 3523; x_wconf 71' lang='grc' dir='ltr'><strong><em>σός</em></strong></span> 
     </span>
     <span class='ocr_line' id='line_1_31' title="bbox 294 3533 1652 3630; baseline 0.001 -22"><span class='ocrx_word' id='word_1_295' title='bbox 294 3553 330 3608; x_wconf 89' lang='grc'><strong><em>30</em></strong></span> <span class='ocrx_word' id='word_1_296' title='bbox 348 3533 451 3621; x_wconf 82' lang='grc' dir='ltr'><strong><em>ὄντος</em></strong></span> <span class='ocrx_word' id='word_1_297' title='bbox 472 3541 561 3609; x_wconf 91' lang='grc' dir='ltr'><strong><em>υίοῦ</em></strong></span> <span class='ocrx_word' id='word_1_298' title='bbox 583 3543 682 3608; x_wconf 91' lang='grc' dir='ltr'><strong><em>θεοῦ</em></strong></span> <span class='ocrx_word' id='word_1_299' title='bbox 702 3544 931 3625; x_wconf 88' lang='grc' dir='ltr'><strong><em>παραθέσθαι·</em></strong></span> <span class='ocrx_word' id='word_1_300' title='bbox 954 3543 1008 3610; x_wconf 76' lang='grc' dir='ltr'><strong><em>ἵνα</em></strong></span> <span class='ocrx_word' id='word_1_301' title='bbox 1029 3539 1073 3630; x_wconf 89' lang='grc' dir='ltr'><strong><em>μή</em></strong></span> <span class='ocrx_word' id='word_1_302' title='bbox 1095 3547 1150 3610; x_wconf 90' lang='grc' dir='ltr'><strong><em>καὶ</em></strong></span> <span class='ocrx_word' id='word_1_303' title='bbox 1177 3537 1280 3623; x_wconf 86' lang='grc' dir='ltr'><strong><em>αῦτός</em></strong></span> <span class='ocrx_word' id='word_1_304' title='bbox 1304 3537 1373 3612; x_wconf 89' lang='grc' dir='ltr'><strong><em>ῦπό</em></strong></span> <span class='ocrx_word' id='word_1_305' title='bbox 1401 3549 1463 3612; x_wconf 90' lang='grc' dir='ltr'><strong><em>τοῦ</em></strong></span> <span class='ocrx_word' id='word_1_306' title='bbox 1489 3538 1652 3612; x_wconf 88' lang='grc' dir='ltr'><strong><em>Πλάτω-</em></strong></span> 
     </span>
    </p>
   </div>
   <div class='ocr_carea' id='block_1_4' title="bbox 347 3707 1652 3866">
    <p class='ocr_par' dir='ltr' id='par_1_5' title="bbox 347 3707 1652 3866">
     <span class='ocr_line' id='line_1_32' title="bbox 433 3707 1651 3780; baseline 0.002 -17"><span class='ocrx_word' id='word_1_307' title='bbox 433 3709 448 3763; x_wconf 90' lang='grc'><strong>1</strong></span> <span class='ocrx_word' id='word_1_308' title='bbox 473 3707 542 3761; x_wconf 83' lang='lat' dir='ltr'>Den.</span> <span class='ocrx_word' id='word_1_309' title='bbox 560 3709 584 3770; x_wconf 87' lang='grc'><strong><em>8,</em></strong></span> <span class='ocrx_word' id='word_1_310' title='bbox 603 3709 712 3762; x_wconf 78' lang='grc'><strong><em>23-25.</em></strong></span> <span class='ocrx_word' id='word_1_311' title='bbox 735 3737 768 3746; x_wconf 99' lang='grc'>-</span> <span class='ocrx_word' id='word_1_312' title='bbox 790 3707 808 3762; x_wconf 88' lang='grc' dir='ltr'><strong><em>θ</em></strong></span> <span class='ocrx_word' id='word_1_313' title='bbox 829 3709 855 3762; x_wconf 93' lang='lat' dir='ltr'><strong><em>II</em></strong></span> <span class='ocrx_word' id='word_1_314' title='bbox 872 3708 963 3763; x_wconf 81' lang='lat' dir='ltr'>These.</span> <span class='ocrx_word' id='word_1_315' title='bbox 981 3711 1006 3772; x_wconf 88' lang='grc'><strong><em>2,</em></strong></span> <span class='ocrx_word' id='word_1_316' title='bbox 1024 3713 1049 3764; x_wconf 88' lang='grc'><strong><em>4.</em></strong></span> <span class='ocrx_word' id='word_1_317' title='bbox 1073 3740 1106 3750; x_wconf 93' lang='grc'><strong>-</strong></span> <span class='ocrx_word' id='word_1_318' title='bbox 1126 3711 1164 3766; x_wconf 92' lang='lat' dir='ltr'><strong><em>ll</em></strong></span> <span class='ocrx_word' id='word_1_319' title='bbox 1182 3709 1253 3764; x_wconf 79' lang='lat' dir='ltr'><strong>Dan.</strong></span> <span class='ocrx_word' id='word_1_320' title='bbox 1272 3711 1295 3774; x_wconf 87' lang='lat'><strong><em>9,</em></strong></span> <span class='ocrx_word' id='word_1_321' title='bbox 1314 3713 1354 3766; x_wconf 81' lang='lat'><strong><em>27.</em></strong></span> <span class='ocrx_word' id='word_1_322' title='bbox 1374 3741 1407 3750; x_wconf 90' lang='lat'>-</span> <span class='ocrx_word' id='word_1_323' title='bbox 1424 3711 1465 3767; x_wconf 79' lang='lat'><strong><em>20</em></strong></span> <span class='ocrx_word' id='word_1_324' title='bbox 1485 3709 1546 3780; x_wconf 79' lang='lat' dir='ltr'>Vgl.</span> <span class='ocrx_word' id='word_1_325' title='bbox 1564 3711 1651 3776; x_wconf 75' lang='lat' dir='ltr'>Plato,</span> 
     </span>
     <span class='ocr_line' id='line_1_33' title="bbox 347 3789 1652 3866; baseline 0.003 -21"><span class='ocrx_word' id='word_1_326' title='bbox 347 3791 416 3847; x_wconf 78' lang='lat' dir='ltr'><strong>Tim.</strong></span> <span class='ocrx_word' id='word_1_327' title='bbox 436 3792 500 3861; x_wconf 77' lang='lat' dir='ltr'>Cep.</span> <span class='ocrx_word' id='word_1_328' title='bbox 518 3789 555 3844; x_wconf 86' lang='lat' dir='ltr'><strong><em>VI</em></strong></span> <span class='ocrx_word' id='word_1_329' title='bbox 574 3810 599 3862; x_wconf 88' lang='lat' dir='ltr'><strong><em>p.</em></strong></span> <span class='ocrx_word' id='word_1_330' title='bbox 619 3793 686 3847; x_wconf 90' lang='grc' dir='ltr'><strong><em>3οΒ</em></strong></span> <span class='ocrx_word' id='word_1_331' title='bbox 713 3791 778 3845; x_wconf 89' lang='lat' dir='ltr'>VIII</span> <span class='ocrx_word' id='word_1_332' title='bbox 796 3809 823 3861; x_wconf 89' lang='lat' dir='ltr'><strong><em>p.</em></strong></span> <span class='ocrx_word' id='word_1_333' title='bbox 842 3793 875 3847; x_wconf 83' lang='lat'><strong><em>34</em></strong></span> <span class='ocrx_word' id='word_1_334' title='bbox 889 3795 949 3847; x_wconf 80' lang='grc' dir='ltr'><strong><em>ΑΒ</em></strong></span> <span class='ocrx_word' id='word_1_335' title='bbox 972 3794 1037 3848; x_wconf 89' lang='lat' dir='ltr'>XIII</span> <span class='ocrx_word' id='word_1_336' title='bbox 1054 3811 1081 3864; x_wconf 85' lang='lat' dir='ltr'><strong><em>p.</em></strong></span> <span class='ocrx_word' id='word_1_337' title='bbox 1099 3795 1133 3850; x_wconf 89' lang='grc'><strong><em>40</em></strong></span> <span class='ocrx_word' id='word_1_338' title='bbox 1144 3793 1236 3850; x_wconf 83' lang='grc'>1)-41</span> <span class='ocrx_word' id='word_1_339' title='bbox 1246 3795 1279 3849; x_wconf 85' lang='grc' dir='ltr'><strong><em>Ι).</em></strong></span> <span class='ocrx_word' id='word_1_340' title='bbox 1303 3795 1391 3859; x_wconf 85' lang='lat' dir='ltr'>Philo,</span> <span class='ocrx_word' id='word_1_341' title='bbox 1404 3793 1445 3850; x_wconf 90' lang='lat' dir='ltr'><strong><em>De</em></strong></span> <span class='ocrx_word' id='word_1_342' title='bbox 1457 3795 1544 3866; x_wconf 80' lang='lat' dir='ltr'>opific.</span> <span class='ocrx_word' id='word_1_343' title='bbox 1557 3795 1652 3849; x_wconf 86' lang='lat' dir='ltr'>mundi</span> 
     </span>
    </p>
   </div>
   <div class='ocr_carea' id='block_1_5' title="bbox 347 3874 1653 4015">
    <p class='ocr_par' dir='ltr' id='par_1_6' title="bbox 347 3874 1653 4015">
     <span class='ocr_line' id='line_1_34' title="bbox 347 3874 1653 4015; baseline 0.004 -86"><span class='ocrx_word' id='word_1_344' title='bbox 347 3874 517 4015; x_wconf 49' lang='grc' dir='ltr'><strong><em>ξηρ313.83</em></strong></span> <span class='ocrx_word' id='word_1_345' title='bbox 538 3876 601 3945; x_wconf 90' lang='lat' dir='ltr'>(vol.</span> <span class='ocrx_word' id='word_1_346' title='bbox 620 3877 632 3930; x_wconf 94' lang='grc' dir='ltr'>Ι</span> <span class='ocrx_word' id='word_1_347' title='bbox 651 3895 676 3947; x_wconf 90' lang='lat' dir='ltr'><strong><em>p.</em></strong></span> <span class='ocrx_word' id='word_1_348' title='bbox 689 3879 713 3930; x_wconf 87' lang='grc'><strong><em>4.</em></strong></span> <span class='ocrx_word' id='word_1_349' title='bbox 732 3880 748 3932; x_wconf 86' lang='grc'>5</span> <span class='ocrx_word' id='word_1_350' title='bbox 766 3876 807 3930; x_wconf 90' lang='lat' dir='ltr'><strong><em>ed.</em></strong></span> <span class='ocrx_word' id='word_1_351' title='bbox 826 3877 963 3948; x_wconf 78' lang='lat' dir='ltr'>Mengey).</span> <span class='ocrx_word' id='word_1_352' title='bbox 982 3909 1015 3917; x_wconf 97' lang='lat'>—</span> <span class='ocrx_word' id='word_1_353' title='bbox 1035 3879 1074 3934; x_wconf 80' lang='lat'><strong><em>28</em></strong></span> <span class='ocrx_word' id='word_1_354' title='bbox 1093 3879 1156 3948; x_wconf 87' lang='lat' dir='ltr'>VgI.</span> <span class='ocrx_word' id='word_1_355' title='bbox 1169 3879 1256 3944; x_wconf 76' lang='lat' dir='ltr'>Plato,</span> <span class='ocrx_word' id='word_1_356' title='bbox 1275 3877 1359 3950; x_wconf 76' lang='lat' dir='ltr'>Epist.</span> <span class='ocrx_word' id='word_1_357' title='bbox 1371 3879 1424 3934; x_wconf 87' lang='lat' dir='ltr'><strong><em>VII</em></strong></span> <span class='ocrx_word' id='word_1_358' title='bbox 1442 3898 1466 3950; x_wconf 93' lang='lat' dir='ltr'><strong><em>p.</em></strong></span> <span class='ocrx_word' id='word_1_359' title='bbox 1480 3881 1529 3935; x_wconf 88' lang='grc'><strong><em>341</em></strong></span> <span class='ocrx_word' id='word_1_360' title='bbox 1542 3899 1568 3934; x_wconf 90' lang='lat' dir='ltr'><strong><em>u.</em></strong></span> <span class='ocrx_word' id='word_1_361' title='bbox 1580 3879 1653 3936; x_wconf 86' lang='lat' dir='ltr'>oben</span> 
     </span>
     <span class='ocr_line' id='line_1_35' title="bbox 436 3963 588 4014; baseline 0.007 -1"><span class='ocrx_word' id='word_1_362' title='bbox 436 3977 462 4014; x_wconf 86' lang='lat' dir='ltr'><strong><em>u.</em></strong></span> <span class='ocrx_word' id='word_1_363' title='bbox 514 3977 538 4014; x_wconf 75' lang='lat' dir='ltr'>e</span> <span class='ocrx_word' id='word_1_364' title='bbox 557 3963 588 4014; x_wconf 86' lang='grc' dir='ltr'><strong><em>Α.</em></strong></span> 
     </span>
    </p>
   </div>
   <div class='ocr_carea' id='block_1_6' title="bbox 345 4105 1653 4526">
    <p class='ocr_par' dir='ltr' id='par_1_7' title="bbox 345 4105 1653 4526">
     <span class='ocr_line' id='line_1_36' title="bbox 432 4105 1652 4185; baseline 0.002 -17"><span class='ocrx_word' id='word_1_365' title='bbox 432 4111 448 4168; x_wconf 97' lang='lat'>1</span> <span class='ocrx_word' id='word_1_366' title='bbox 474 4105 622 4182; x_wconf 72' lang='grc' dir='ltr'><strong><em>ἐπεσχάτιο</em></strong></span> <span class='ocrx_word' id='word_1_367' title='bbox 639 4112 664 4164; x_wconf 85' lang='grc' dir='ltr'><strong>Δ</strong></span> <span class='ocrx_word' id='word_1_368' title='bbox 687 4114 691 4179; x_wconf 92' lang='grc' dir='ltr'>Ι</span> <span class='ocrx_word' id='word_1_369' title='bbox 713 4111 750 4166; x_wconf 83' lang='grc'><strong><em>13</em></strong></span> <span class='ocrx_word' id='word_1_370' title='bbox 773 4113 833 4182; x_wconf 86' lang='grc' dir='ltr'><strong><em>μοι]</em></strong></span> <span class='ocrx_word' id='word_1_371' title='bbox 851 4132 872 4181; x_wconf 93' lang='grc' dir='ltr'><strong><em>μ</em></strong></span> <span class='ocrx_word' id='word_1_372' title='bbox 890 4113 918 4166; x_wconf 87' lang='lat' dir='ltr'><strong><em>in</em></strong></span> <span class='ocrx_word' id='word_1_373' title='bbox 937 4113 1121 4169; x_wconf 76' lang='lat' dir='ltr'>correcturA</span> <span class='ocrx_word' id='word_1_374' title='bbox 1142 4117 1146 4181; x_wconf 91' lang='grc' dir='ltr'>Ι</span> <span class='ocrx_word' id='word_1_375' title='bbox 1166 4115 1204 4170; x_wconf 73' lang='lat'><strong><em>21</em></strong></span> <span class='ocrx_word' id='word_1_376' title='bbox 1224 4107 1334 4185; x_wconf 81' lang='grc' dir='ltr'><strong><em>ἠίθεον]</em></strong></span> <span class='ocrx_word' id='word_1_377' title='bbox 1362 4115 1426 4184; x_wconf 74' lang='lat' dir='ltr'>,elii</span> <span class='ocrx_word' id='word_1_378' title='bbox 1445 4115 1561 4170; x_wconf 76' lang='lat' dir='ltr'>mallent</span> <span class='ocrx_word' id='word_1_379' title='bbox 1579 4111 1652 4170; x_wconf 80' lang='grc' dir='ltr'><strong><em>ἀντί-</em></strong></span> 
     </span>
     <span class='ocr_line' id='line_1_37' title="bbox 346 4187 1653 4270; baseline 0.005 -20"><span class='ocrx_word' id='word_1_380' title='bbox 346 4199 426 4262; x_wconf 89' lang='grc' dir='ltr'><strong><em>θεον,</em></strong></span> <span class='ocrx_word' id='word_1_381' title='bbox 445 4195 493 4250; x_wconf 77' lang='lat' dir='ltr'>elii</span> <span class='ocrx_word' id='word_1_382' title='bbox 512 4187 640 4264; x_wconf 60' lang='grc' dir='ltr'><strong><em>ἡμίθεον·</em></strong></span> <span class='ocrx_word' id='word_1_383' title='bbox 663 4195 726 4250; x_wconf 90' lang='lat' dir='ltr'>Del.</span> <span class='ocrx_word' id='word_1_384' title='bbox 744 4197 835 4266; x_wconf 76' lang='lat'>(1669</span> <span class='ocrx_word' id='word_1_385' title='bbox 853 4203 932 4253; x_wconf 82' lang='lat' dir='ltr'>Anm.</span> <span class='ocrx_word' id='word_1_386' title='bbox 951 4198 992 4268; x_wconf 88' lang='lat' dir='ltr'><strong><em>b);</em></strong></span> <span class='ocrx_word' id='word_1_387' title='bbox 1019 4216 1068 4253; x_wconf 76' lang='lat' dir='ltr'><strong><em>eus</em></strong></span> <span class='ocrx_word' id='word_1_388' title='bbox 1091 4199 1140 4254; x_wconf 89' lang='lat' dir='ltr'><strong><em>der</em></strong></span> <span class='ocrx_word' id='word_1_389' title='bbox 1158 4199 1375 4270; x_wconf 82' lang='lat' dir='ltr'>Wiederholung</span> <span class='ocrx_word' id='word_1_390' title='bbox 1392 4199 1441 4254; x_wconf 87' lang='lat' dir='ltr'><strong><em>der</em></strong></span> <span class='ocrx_word' id='word_1_391' title='bbox 1458 4200 1554 4256; x_wconf 76' lang='lat' dir='ltr'>Worte</span> <span class='ocrx_word' id='word_1_392' title='bbox 1571 4196 1653 4256; x_wconf 86' lang='grc' dir='ltr'><strong><em>τόνδε</em></strong></span> 
     </span>
     <span class='ocr_line' id='line_1_38' title="bbox 345 4273 1653 4355; baseline 0.003 -19"><span class='ocrx_word' id='word_1_393' title='bbox 345 4273 399 4336; x_wconf 86' lang='grc' dir='ltr'><strong><em>τόν</em></strong></span> <span class='ocrx_word' id='word_1_394' title='bbox 415 4275 676 4350; x_wconf 81' lang='grc' dir='ltr'><strong><em>κόσμον-ἠΐθεον</em></strong></span> <span class='ocrx_word' id='word_1_395' title='bbox 698 4281 783 4334; x_wconf 78' lang='lat' dir='ltr'><strong>durch</strong></span> <span class='ocrx_word' id='word_1_396' title='bbox 802 4281 932 4354; x_wconf 81' lang='lat' dir='ltr'>Origenes</span> <span class='ocrx_word' id='word_1_397' title='bbox 954 4286 1050 4352; x_wconf 74' lang='lat' dir='ltr'>(unten</span> <span class='ocrx_word' id='word_1_398' title='bbox 1069 4285 1095 4341; x_wconf 90' lang='lat' dir='ltr'><strong><em>Z.</em></strong></span> <span class='ocrx_word' id='word_1_399' title='bbox 1114 4285 1185 4353; x_wconf 70' lang='lat'>235.)</span> <span class='ocrx_word' id='word_1_400' title='bbox 1203 4285 1310 4355; x_wconf 74' lang='lat' dir='ltr'>ergiebt</span> <span class='ocrx_word' id='word_1_401' title='bbox 1327 4285 1397 4350; x_wconf 81' lang='lat' dir='ltr'>sich,</span> <span class='ocrx_word' id='word_1_402' title='bbox 1421 4285 1496 4349; x_wconf 79' lang='lat' dir='ltr'>dese.</span> <span class='ocrx_word' id='word_1_403' title='bbox 1515 4286 1577 4340; x_wconf 86' lang='lat' dir='ltr'>weil</span> <span class='ocrx_word' id='word_1_404' title='bbox 1596 4287 1653 4348; x_wconf 84' lang='grc' dir='ltr'><strong><em>,καί</em></strong></span> 
     </span>
     <span class='ocr_line' id='line_1_39' title="bbox 346 4359 1653 4440; baseline 0.005 -22"><span class='ocrx_word' id='word_1_405' title='bbox 346 4366 426 4420; x_wconf 66' lang='grc' dir='ltr'><strong><em>θεοῦ*</em></strong></span> <span class='ocrx_word' id='word_1_406' title='bbox 446 4363 494 4418; x_wconf 83' lang='lat' dir='ltr'><strong><em>des</em></strong></span> <span class='ocrx_word' id='word_1_407' title='bbox 512 4363 642 4434; x_wconf 78' lang='lat' dir='ltr'>Origenes</span> <span class='ocrx_word' id='word_1_408' title='bbox 660 4367 722 4420; x_wconf 89' lang='lat' dir='ltr'><strong><em>dem</em></strong></span> <span class='ocrx_word' id='word_1_409' title='bbox 742 4359 858 4435; x_wconf 60' lang='grc' dir='ltr'><strong><em>,η”ίθεοιί</em></strong></span> <span class='ocrx_word' id='word_1_410' title='bbox 877 4369 925 4422; x_wconf 81' lang='lat' dir='ltr'><strong><em>des</em></strong></span> <span class='ocrx_word' id='word_1_411' title='bbox 943 4369 1036 4423; x_wconf 82' lang='lat' dir='ltr'>Celsus</span> <span class='ocrx_word' id='word_1_412' title='bbox 1054 4369 1210 4440; x_wconf 73' lang='lat' dir='ltr'>entepricht.</span> <span class='ocrx_word' id='word_1_413' title='bbox 1230 4369 1278 4425; x_wconf 87' lang='lat' dir='ltr'><strong><em>der</em></strong></span> <span class='ocrx_word' id='word_1_414' title='bbox 1296 4369 1411 4426; x_wconf 82' lang='lat' dir='ltr'>Kosmos</span> <span class='ocrx_word' id='word_1_415' title='bbox 1429 4388 1484 4426; x_wconf 87' lang='lat' dir='ltr'><strong><em>von</em></strong></span> <span class='ocrx_word' id='word_1_416' title='bbox 1501 4369 1595 4426; x_wconf 75' lang='lat' dir='ltr'>Celeus</span> <span class='ocrx_word' id='word_1_417' title='bbox 1611 4371 1653 4424; x_wconf 81' lang='lat' dir='ltr'><strong><em>ele</em></strong></span> 
     </span>
     <span class='ocr_line' id='line_1_40' title="bbox 346 4446 1651 4526; baseline 0.005 -22"><span class='ocrx_word' id='word_1_418' title='bbox 346 4449 464 4518; x_wconf 77' lang='lat' dir='ltr'>gettlich</span> <span class='ocrx_word' id='word_1_419' title='bbox 494 4447 655 4504; x_wconf 74' lang='lat' dir='ltr'>bezeIehnet</span> <span class='ocrx_word' id='word_1_420' title='bbox 686 4467 755 4514; x_wconf 67' lang='lat' dir='ltr'><strong><em>wan</em></strong></span> <span class='ocrx_word' id='word_1_421' title='bbox 782 4451 868 4504; x_wconf 89' lang='lat' dir='ltr'>deher</span> <span class='ocrx_word' id='word_1_422' title='bbox 893 4452 929 4507; x_wconf 80' lang='lat' dir='ltr'>ist·</span> <span class='ocrx_word' id='word_1_423' title='bbox 956 4446 1079 4523; x_wconf 74' lang='grc' dir='ltr'><strong><em>[ἤϊ’]θεὸν</em></strong></span> <span class='ocrx_word' id='word_1_424' title='bbox 1102 4453 1168 4508; x_wconf 87' lang='lat' dir='ltr'>oder</span> <span class='ocrx_word' id='word_1_425' title='bbox 1195 4447 1351 4526; x_wconf 80' lang='grc' dir='ltr'><strong><em>ή&lt;μ&gt;ίθεον</em></strong></span> <span class='ocrx_word' id='word_1_426' title='bbox 1376 4455 1443 4510; x_wconf 85' lang='lat' dir='ltr'>oder</span> <span class='ocrx_word' id='word_1_427' title='bbox 1470 4448 1563 4510; x_wconf 79' lang='grc' dir='ltr'><strong><em>ἀίδιον</em></strong></span> <span class='ocrx_word' id='word_1_428' title='bbox 1586 4455 1651 4525; x_wconf 89' lang='lat' dir='ltr'><strong><em>(ng.</em></strong></span> 
     </span>
    </p>
   </div>
   <div class='ocr_carea' id='block_1_7' title="bbox 345 4543 1653 4708">
    <p class='ocr_par' dir='ltr' id='par_1_8' title="bbox 345 4543 1653 4708">
     <span class='ocr_line' id='line_1_41' title="bbox 345 4543 1653 4627; baseline 0.008 -25"><span class='ocrx_word' id='word_1_429' title='bbox 345 4548 379 4602; x_wconf 86' lang='grc' dir='ltr'><strong><em>Η.</em></strong></span> <span class='ocrx_word' id='word_1_430' title='bbox 398 4549 481 4611; x_wconf 82' lang='lat' dir='ltr'>Diels.</span> <span class='ocrx_word' id='word_1_431' title='bbox 500 4551 618 4618; x_wconf 56' lang='lat' dir='ltr'>Dogogr.</span> <span class='ocrx_word' id='word_1_432' title='bbox 636 4569 676 4619; x_wconf 81' lang='lat' dir='ltr'><strong><em>gr.</em></strong></span> <span class='ocrx_word' id='word_1_433' title='bbox 695 4570 719 4621; x_wconf 90' lang='lat' dir='ltr'><strong><em>p.</em></strong></span> <span class='ocrx_word' id='word_1_434' title='bbox 737 4554 795 4618; x_wconf 88' lang='grc'><strong><em>333,</em></strong></span> <span class='ocrx_word' id='word_1_435' title='bbox 813 4555 838 4607; x_wconf 88' lang='grc'><strong><em>3.</em></strong></span> <span class='ocrx_word' id='word_1_436' title='bbox 859 4555 918 4614; x_wconf 75' lang='lat'><strong>570,</strong></span> <span class='ocrx_word' id='word_1_437' title='bbox 930 4557 974 4622; x_wconf 84' lang='lat'><strong><em>34)</em></strong></span> <span class='ocrx_word' id='word_1_438' title='bbox 993 4573 1027 4609; x_wconf 80' lang='lat' dir='ltr'><strong><em>zu</em></strong></span> <span class='ocrx_word' id='word_1_439' title='bbox 1045 4555 1187 4609; x_wconf 78' lang='lat' dir='ltr'>schreiben</span> <span class='ocrx_word' id='word_1_440' title='bbox 1207 4561 1212 4625; x_wconf 89' lang='grc' dir='ltr'>Ι</span> <span class='ocrx_word' id='word_1_441' title='bbox 1233 4557 1272 4612; x_wconf 77' lang='lat'><strong><em>22</em></strong></span> <span class='ocrx_word' id='word_1_442' title='bbox 1291 4550 1365 4627; x_wconf 79' lang='grc' dir='ltr'><strong><em>δή(</em></strong></span> <span class='ocrx_word' id='word_1_443' title='bbox 1377 4557 1437 4612; x_wconf 88' lang='lat' dir='ltr'>Del.</span> <span class='ocrx_word' id='word_1_444' title='bbox 1453 4559 1458 4626; x_wconf 86' lang='grc'>1</span> <span class='ocrx_word' id='word_1_445' title='bbox 1474 4557 1514 4614; x_wconf 73' lang='lat'><strong><em>25</em></strong></span> <span class='ocrx_word' id='word_1_446' title='bbox 1531 4543 1653 4625; x_wconf 78' lang='grc' dir='ltr'><strong><em>μῶῖιέόις</em></strong></span> 
     </span>
     <span class='ocr_line' id='line_1_42' title="bbox 347 4633 1126 4708; baseline 0.01 -22"><span class='ocrx_word' id='word_1_447' title='bbox 347 4633 394 4703; x_wconf 67' lang='lat' dir='ltr'>[soI</span> <span class='ocrx_word' id='word_1_448' title='bbox 415 4637 438 4686; x_wconf 79' lang='lat' dir='ltr'>A</span> <span class='ocrx_word' id='word_1_449' title='bbox 459 4633 588 4700; x_wconf 88' lang='grc' dir='ltr'><strong><em>Μωσέως</em></strong></span> <span class='ocrx_word' id='word_1_450' title='bbox 605 4637 685 4704; x_wconf 85' lang='grc' dir='ltr'><strong><em>Ι)ε1.1</em></strong></span> <span class='ocrx_word' id='word_1_451' title='bbox 701 4635 738 4692; x_wconf 77' lang='grc'><strong><em>27</em></strong></span> <span class='ocrx_word' id='word_1_452' title='bbox 758 4633 979 4708; x_wconf 85' lang='grc' dir='ltr'><strong><em>προεφήτευσαν</em></strong></span> <span class='ocrx_word' id='word_1_453' title='bbox 996 4641 1126 4708; x_wconf 75' lang='lat' dir='ltr'>eAusgg.</span> 
     </span>
    </p>
   </div>
   <div class='ocr_carea' id='block_1_8' title="bbox 0 0 1900 5526">
    <p class='ocr_par' dir='ltr' id='par_1_9' title="bbox 0 0 1900 5526">
     <span class='ocr_line' id='line_1_43' title="bbox 0 0 1900 5526; baseline 0 0"><span class='ocrx_word' id='word_1_454' title='bbox 0 0 1900 5526; x_wconf 95' lang='lat' dir='ltr'><strong><em> </em></strong></span> 
     </span>
    </p>
   </div>
  </div>
 </body>
</html>
