3758 5564
379 509 446 572 3⁷0·
819 539 825 548 .
921 497 1145 555 ανινειιονε

343 677 347 683 ’
379 669 443 736 τοῦ
465 669 562 747 θεοῦ,
585 662 711 744 οίτινες
731 657 882 750 Ἑβραῖοι
902 662 1221 752 προσαγορεύονται,
1244 681 1316 745 τοις
1335 659 1486 750 ἀγγέλοις
1503 667 1560 733 καί
1581 664 1684 733 οίονεὶ

377 769 433 833 καὶ
455 769 642 833 συνεστίων
663 756 780 844 αύτοῑς
794 766 993 851 γινομένων.
1026 769 1189 835 τοιοῦτον
1210 768 1248 833 δέ
1268 767 1339 834 ἐστι
1363 761 1403 833 τὸ
1426 757 1571 852 ,ἄρτον
1592 757 1684 850 ἀγγέ-

380 873 453 934 λων
480 865 604 950 ἔφαγεν
633 855 849 948 ἀνθρωπος.“
890 859 935 951 μῆ
967 861 1029 950 γὰρ
1058 867 1113 933 ἐπὶ
1143 869 1314 934 τοσοῦτον
1340 860 1531 951 πτωχεύσαι
1557 855 1577 932 5
1604 865 1684 942 νοῦς

380 958 486 1052 ήμῶν,
508 957 557 1044 ῶς
580 965 743 1051 οἰηθῆναι
763 967 958 1047 σωματικοῦ
979 989 1073 1045 τινος
1095 957 1231 1050 ἄρτου,
1255 967 1318 1033 τοῦ
1333 965 1575 1050 ἱστορουμένων
1588 955 1684 1046 ούρα-

345 1057 485 1134 σνύθεν
515 1064 570 1131 ἐπὶ
601 1059 682 1142 τοῦς
710 1056 959 1149 ἐξεληλυθότας
989 1060 1054 1151 τῆν
1074 1066 1252 1150 Αἴγυπτον
1279 1065 1551 1150 καταβεβηκέναι,
1575 1067 1581 1144 Ι
1604 1057 1684 1139 τοῦς
1702 1071 1756 1124 248

379 1158 539 1252 ἀγγέλους
571 1155 622 1232 ἀεὶ
652 1155 971 1249 μεταλαμβάνοντας
1004 1167 1198 1249 τρέφεσθαι,
1234 1159 1361 1232 τούτου
1388 1155 1495 1234 αύτοῦ
1525 1185 1683 1230 κεκοινω-

379 1256 540 1351 νηκότων
574 1267 648 1331 τῶν
668 1254 831 1346 Ἐβραίων
861 1277 935 1342 τοις
964 1256 1129 1349 ἀγγέλοις,
1152 1279 1225 1345 τοῖς
1251 1270 1492 1348 λειτουργικοῑς
1514 1263 1578 1330 τοῦ
1599 1261 1685 1328 θεοῦ

380 1359 573 1450 πνεύμασιν.

466 1473 513 1532 11.
549 1454 613 1530 οῦκ
639 1452 780 1546 ἄκαιρον
808 1461 844 1528 δε
866 1463 1026 1546 ζητουσιν
1047 1454 1165 1549 ημλν
1167 1487 1241 1530 τον
1260 1456 1495 1531 ίπιουσιον
1511 1453 1683 1546 ,ἀρτον“

330 1573 364 1630 10
379 1565 435 1631 καί
458 1557 498 1630 τὸ
522 1556 648 1644 ,ξύλον
674 1562 735 1646 τῆς
761 1562 871 1646 ζωῆς(
892 1564 948 1628 καὶ
975 1557 1041 1648 τῆν
1065 1564 1190 1656 σοφίαν
1216 1563 1281 1630 τοῦ
1306 1564 1392 1629 θεοῦ
1419 1556 1485 1650 τήν
1507 1586 1544 1629 τε
1565 1555 1685 1646 κοινῆυ

380 1655 486 1750 ἀγίων
513 1655 716 1747 ἀνθρώπων
742 1661 797 1725 καὶ
823 1651 976 1779 ἀγγέλων
1002 1657 1135 1748 τροφήν
1161 1663 1337 1748 ἐπιστῆσαι
1362 1663 1521 1746 καὶπερὶ
1548 1661 1622 1727 τῶν
1648 1659 1685 1725 έν

380 1763 512 1829 Γενέσει
533 1761 774 1878 γεγραμμένων
795 1761 904 1842 τριῶν
915 1752 1069 1846 ἀνδρῶν,
1091 1763 1337 1878 καταχθέντων
1357 1756 1448 1846 παρὰ
1470 1761 1522 1844 τῶ
1543 1751 1685 1844 Ἀβραὰμ

378 1863 434 1930 καί
470 1852 737 1947 μεταλαβόντων
773 1861 1024 1944 πεφυραμένων
1060 1864 1168 1943 τριῶν
1203 1864 1336 1946 μέτρων
1364 1852 1610 1946 ,,σεμιδάλεως“
1639 1860 1686 1936 είς

379 1962 573 2048 έγκρυφιῶν
604 1962 750 2044 ποίησιν,
783 1950 828 2044 μή
858 1983 944 2025 ποτε
974 1963 1107 2044 γυμνῶς
1135 1964 1309 2044 τροπικῶς
1334 1962 1444 2027 ταῦτα
1471 1960 1606 2045 εἴρηται,
1630 1961 1686 2026 δυ-

331 2073 363 2126 15
379 2062 539 2146 νομένων
568 2063 642 2126 τῶν
671 2050 777 2143 ἀγίων
806 2059 1013 2144 μεταδοῦναί
1041 2083 1127 2126 ποτε
1158 2061 1289 2147 τροφῆς
1321 2061 1446 2146 νοητῆς
1471 2061 1526 2125 καὶ
1550 2060 1685 2144 λογικῆς

313 2169 363 2225 26*
383 2161 386 2246 ί
410 2153 452 2229 ού
477 2151 586 2246 μόνον
607 2151 808 2242 ἀνθρώποις
835 2151 921 2225 ἀλλὰ
942 2162 997 2224 καὶ
1018 2161 1209 2244 θειοτέροις
1230 2150 1452 2244 δυνάμεσιν”
1430 2183 1509 2243 ητσι
1530 2157 1576 2236 εἰς
1598 2151 1686 2241 ῶφί-

381 2267 475 2328 λειαν
496 2252 615 2326 αύτῶν
636 2247 657 2343 ῆ
681 2259 727 2337 εἰς
748 2244 957 2339 ἐπίδειξιν
929 2283 982 2325 ων
1004 2253 1202 2342 δεδύνηνται
1222 2261 1439 2344 περιποιῆσαι
1461 2254 1595 2337 ἑαυτοῖς
1609 2281 1685 2344 τρο-

382 2351 607 2477 φιμωτύτων,
629 2350 907 2442 εὐφραινομένων
926 2359 983 2424 καὶ
1007 2359 1225 2440 τρεφομένων
1246 2357 1283 2424 έν
1305 2361 1348 2442 τῆ
1369 2351 1511 2440 τοιαύτη
1530 2359 1685 2440 ἐπιδείξει

381 2461 455 2526 τῶν
476 2450 630 2544 ἀγγέλων
650 2458 707 2524 καὶ
729 2453 958 2542 ἑτοιμοτέρων
980 2457 1167 2542 γινομένων
1188 2449 1273 2542 πρὸς
1295 2451 1337 2524 τὸ
1356 2460 1460 2524 παντὶ
1474 2450 1595 2543 τρόπῳ
1612 2477 1686 2525 συν-

330 2571 364 2626 20
382 2559 516 2646 εργῆσαι
545 2559 600 2623 καὶ
630 2551 717 2640 πρὸς
752 2549 793 2623 τὸ
824 2551 898 2642 ἑξῆς
928 2557 1131 2641 συμπνεῦσαι
1161 2559 1204 2642 τῇ
1233 2549 1406 2624 πλειόνων
1435 2562 1492 2624 καί
1520 2549 1686 2642 μειζόνων

380 2650 570 2742 καταλήψει
592 2658 656 2724 τοῦ
676 2655 731 2723 ἐπὶ
752 2656 933 2741 προτέροις
954 2658 1266 2742 παρεσκευασμένου
1287 2660 1467 2742 τροφίμοις
1481 2651 1685 2744 μαθήμασιν,

382 2749 617 2842 εῦφρύναντος
645 2759 714 2838 καὶ,
743 2746 785 2823 ἵν’
807 2744 921 2836 οῦτως
947 2756 1047 2836 εἴπω,
1075 2748 1338 2842 ἀναθρέψαντος
1364 2748 1497 2836 αύτούς.
1538 2748 1580 2823 ού
1601 2764 1684 2824 θαυ·

381 2849 511 2942 μαστὸν
537 2855 573 2922 δὲ
597 2857 626 2922 εί
651 2847 812 2940 ἀγγέλους
833 2857 951 2938 τρέφει
972 2849 1170 2938 ἄνθρωπος,
1194 2844 1283 2923 ὅπου
1304 2857 1416 2941 γεκαὶ
1439 2849 1587 2940 Χριστὸς
1608 2847 1686 2940 δμο-

382 2962 476 3043 λογεῑ
508 2951 616 3035 ἓστῶς
652 2950 745 3040 παρὰ
780 2950 866 3040 ,τὴν
892 2949 1023 3038 θύρανίί
1049 2949 1195 3037 κρούειν,
1232 2947 1274 3021 ἵν’
1305 2952 1471 3022 εἰσελθῶν
1497 2949 1590 3040 παρὰ
1622 2949 1686 3022 τὸν

330 3061 364 3117 25
381 3049 565 3138 ἀνοίξαντα
588 3047 682 3141 αύτῷ
706 3048 868 3140 δειπνήση
890 3045 982 3140 ,μετ’
1006 3045 1131 3121 αῦτοῦίί
1153 3053 1191 3121 έκ
1212 3057 1287 3122 τῶν
1308 3054 1450 3129 ἐκείνου,
1471 3050 1557 3140 μετὰ
1579 3057 1687 3122 ταῦτα

381 3157 435 3223 καί
462 3147 566 3234 αύτδς
592 3150 800 3241 μεταδώσων
821 3157 895 3222 τῶν
916 3153 1012 3220 ίδίων
1033 3155 1085 3238 τῶ
1107 3146 1278 3240 πρότερον
1300 3147 1492 3222 ἓστιύσαντι
1513 3149 1600 3223 κατὰ
1623 3149 1687 3241 τῆν

380 3255 470 3322 ίδίαν
492 3249 632 3340 δύναμιν
654 3247 718 3321 τὸν
738 3247 814 3320 υίὸν
835 3255 899 3321 τοῦ
920 3255 1010 3320 θεοῦ.

467 3363 513 3424 12
547 3356 620 3422 τοῦ
646 3377 707 3437 μεν
729 3340 793 3420 οὖν
820 3353 1029 3420 έπεουσίου
1055 3344 1408 3486 δμεταλαμβάνωΝ
1386 3377 1514 3439 αρτου
1535 3345 1685 3440 στηριζό-

381 3479 480 3540 μενος
495 3449 578 3540 τήν,
580 3454 750 3538 ,ίααρδίανί
759 3446 831 3532 υίὸς
845 3455 930 3520 θεοῦ
945 3456 1110 3537 γίνεται·,
1113 3456 1196 3533 ,τοῦ
1198 3455 1257 3519 (δὲ
1268 3446 1496 3569 ,,δράκοντος“
1505 3444 1687 3540 δμετέχων

330 3565 365 3622 30
382 3547 444 3622 οῦκ
466 3547 569 3633 ἄλλος
590 3554 660 3621 ἐστὶ
682 3553 746 3620 τοῦ
766 3575 895 3638 νοητου
880 3553 1090 3632 ’,Αἰθίοπος
1113 3547 1167 3619 διὰ
1190 3547 1251 3633 τὰς
1266 3555 1329 3622 τοῦ
1343 3546 1571 3640 ,δράκοντος“
1585 3542 1688 3637 ἄρκυς

468 3737 486 3793 2
505 3735 578 3793 ΡεσΙ.
598 3738 639 3802 77,
659 3737 701 3792 25.
720 3765 753 3775 -
771 3735 792 3790 4
813 3732 875 3803 vgl.
894 3733 982 3788 Exod.
1002 3737 1042 3799 16,
1062 3737 1101 3790 15.
1125 3735 1197 3790 Ρειιλ.
1215 3738 1256 3803 77,
1275 3738 1317 3794 24.
1335 3767 1368 3777 —
1388 3737 1403 3793 7
1423 3735 1485 3806 vgl.
1504 3735 1586 3792 Hebr.
1605 3739 1687 3802 1,14.

382 3852 416 3862 -
432 3821 490 3878 θα
504 3821 544 3878 28
563 3820 626 3889 Vgl.
646 3820 745 3874 natm
763 3821 787 3881 6,
807 3821 847 3874 11.
871 3818 939 3874 1ιυὶ
953 3822 993 3884 11,
1011 3821 1036 3874 3.
1054 3849 1087 3860 ·-
1107 3820 1146 3876 10
1164 3820 1225 3888 Vgl.
1244 3819 1312 3875 Gen.
1330 3821 1355 3886 2,
1372 3823 1397 3878 9.
1420 3822 1445 3884 3,
1463 3821 1504 3876 22.
1515 3850 1549 3860 -
1567 3821 1606 3878 12
1624 3821 1687 3891 Vgl.

382 3907 449 3961 Gen.
468 3907 509 3973 18,
526 3907 602 3961 2-6.
621 3935 655 3946 -
679 3904 720 3960 24
743 3903 806 3973 vgl.
824 3903 912 3974 Apok.
930 3903 992 3958 Joh.
1010 3907 1034 3972 3,
1052 3905 1087 3960 20
1103 3905 1160 3958 und
1178 3905 1365 3974 Origenen,1n
1383 3903 1481 3960 Enoch.
1499 3905 1572 3961 hom.
1590 3905 1688 3961 x1v3

382 3993 460 4061 (bom.
477 3991 541 4046 XIV
559 4008 584 4061 p.
599 3991 650 4046 178
667 3988 709 4044 ed.
721 3988 845 4057 Βοῶνα).
862 4017 896 4028 -·
913 3988 953 4044 28
973 3989 1035 4058 Vgl.
1048 3989 1128 4060 [Paul.
1141 3991 1198 4054 103,
1213 3989 1261 4059 18]
1274 3989 1335 4043 ίοΙι.
1349 3992 1374 4053 ῦ,
1385 3991 1410 4045 8.
1435 3987 1551 4044 I'l'hoss.
1564 3992 1589 4054 3,
1602 3991 1643 4046 13
1654 4021 1688 4034 -

382 4077 422 4134 88
440 4075 503 4147 vgl.
522 4075 595 4130 Psal.
614 4076 655 4138 73,
674 4075 714 4128 14.
742 4071 829 4143 Apok.
846 4070 908 4134 Joh.
927 4074 968 4136 12,
986 4075 1078 4129 3—17.
1103 4077 1142 4136 13,
1161 4075 1185 4129 2.
1203 4077 1228 4129 4.
1247 4079 1288 4132 11.
1309 4077 1349 4141 16,
1368 4075 1408 4130 13.
1429 4077 1471 4143 20,
1489 4076 1513 4130 2.

467 4243 485 4298 2
506 4244 555 4298 καί
572 4241 631 4296 will
646 4241 727 4310 Angl.
739 4241 793 4310 (bei
806 4240 865 4294 Del.
879 4241 983 4311 19212)
995 4241 1083 4312 tilgen
1098 4245 1102 4310 1
1117 4241 1135 4296 4
1150 4247 1204 4298 τοῦ
1215 4257 1269 4296 von
1281 4241 1362 4312 Angl.
1373 4243 1407 4312 (a.
1420 4259 1444 4299 ο..
1457 4241 1498 4312 0.)
1510 4244 1581 4297 ohne
1594 4241 1687 4297 Grund

383 4327 537 4398 gentn'ehen
560 4326 565 4394 1
590 4325 610 4382 θ
633 4319 732 4396 αὐτοῦ]
751 4319 843 4395 ἄρτου
860 4327 940 4394 Angl.
959 4327 993 4395 (α.
1012 4344 1037 4384 ε.
1054 4323 1097 4396 0.)
1117 4327 1121 4394 Ι
1144 4327 1160 4382 7
1185 4326 1400 4398 λειτουργικοῖς]
1424 4319 1661 4398 αὖτονργικσῖςΤ
1682 4327 1685 4394 ί

385 4410 423 4469 14
443 4415 558 4481 γυμναῖς
579 4411 733 4482 τροπικῶς]
758 4403 793 4465 ού
813 4416 926 4481 γυμναῖς
947 4405 1020 4466 ἀλλὰ
1037 4417 1184 4480 τροπικῶς
1205 4411 1267 4466 lieet
1284 4411 1343 4466 Del.
1362 4413 1385 4480 (I
1402 4411 1454 4468 248
1470 4413 1551 4465 Anm.
1568 4413 1594 4480 α)
1617 4411 1688 4466 ohne

383 4497 479 4552 Grund
494 4501 499 4566 Ι
514 4497 552 4554 17
573 4488 734 4564 δεδύνηνται
752 4495 830 4550 Bent.
849 4495 903 4564 (bei
922 4497 982 4552 Del.
1000 4497 1012 4549 1
1031 4496 1111 4564 9242)
1134 4495 1195 4550 Del.
1212 4497 1233 4565 (I
1251 4496 1301 4550 248
1312 4499 1393 4550 Anm.
1406 4496 1434 4564 b)
1453 4495 1534 4564 Angl.
1552 4497 1589 4565 (ε.
1601 4512 1625 4550 ε.
1638 4493 1688 4565 0.),

383 4575 528 4650 δεδύνηται
544 4579 676 4650 ’λ’Δυιςς.
692 4583 696 4648 1
712 4581 749 4635 21
769 4579 1053 4652 παρεσκευασμένου]
1071 4579 1355 4651 παρεσκευασμέναις
1371 4581 1431 4636 Del.
1449 4580 1533 4650 (1248
1544 4583 1625 4636 Amn.
1637 4581 1663 4650 ο)
1683 4584 1686 4648 l

382 4659 554 4734 μαθήμασιν
571 4665 630 4720 Del.
648 4666 672 4734 (1
690 4666 741 4720 248
757 4668 838 4719 Anm.
857 4667 881 4732 ο)
899 4662 1070 4734 παθήμασιν
1086 4665 1214 4734 TAusgg.
