3772 5526
660 495 762 550 ΚΑΤΑ
785 493 945 550 ΚΕΛΣΟΥ
967 495 1004 554 vl
1025 496 1050 550 6.
1068 496 1091 548 7.
1109 494 1151 550 8.’
1503 501 1543 562 77

236 664 374 730 Παῦλον
405 657 468 731 τὸν
499 657 708 746 σκηνοποιόν
738 665 794 728 καί
820 662 953 746 Πέτρον
983 660 1047 729 τὸν
1077 653 1172 729 ἀλιέα
1202 662 1258 726 καί
1288 653 1449 746 Ἰωάννην
1480 657 1544 729 τὸν

235 754 469 830 καταλιπόντα
496 755 538 827 τά
561 761 681 827 δίκτυα
709 763 774 828 τοῦ
804 757 944 846 πατρὸς,
975 754 1310 846 παρακούσαντας
1341 762 1415 828 τῶν
1442 753 1543 827 Πλά-

236 885 337 928 τωνι
358 862 396 929 έν
410 876 484 941 ταῖς
506 860 739 939 ἐπιστολαῖς
759 861 955 946 εἰρημένων,
971 863 1115 929 τοιαῦτα
1129 862 1206 946 περὶ
1222 861 1286 927 τοῦ
1300 862 1388 926 θεοῦ
1401 863 1543 945 παραδε-

237 962 388 1028 δωκέναι.
430 952 597 1038 πολλάκις
619 962 655 1027 δὲ
675 952 741 1044 ἥδη
764 951 783 1026 ό
806 962 934 1038 Κέλσος
955 953 1127 1046 θρυλήσας
1149 952 1197 1040 εἰς
1218 952 1460 1043 ἀξιούμενον
1483 953 1524 1027 εί
1531 997 1543 1008 -

202 1062 341 1140 5θέως
369 1055 590 1140 πιστεύειν,
618 1052 665 1138 τός
686 1055 808 1128 καινόν
835 1083 869 1126 τι
895 1054 986 1144 παρὰ
1009 1054 1052 1126 τὰ
1073 1055 1244 1145 πρότερον
1266 1059 1419 1145 εἰρημένα
1440 1053 1544 1128 πάλιν

238 1152 324 1228 αύτό
348 1179 464 1246 φησιν·
493 1152 589 1244 ἀρκεῖ
608 1151 640 1224 δ’
664 1151 743 1245 ἡμῖν
764 1156 808 1227 τά
830 1160 876 1238 εἰς
899 1161 1008 1226 ταῦτα
1030 1161 1217 1244 λελεγμένα.

319 1259 390 1326 έπεί
424 1262 459 1328 δε
488 1262 545 1325 καί
576 1250 683 1346 ἀλλην
713 1261 804 1342 λέξιν
835 1258 1010 1326 ἐκτίθεται
1036 1252 1255 1338 Πλάτωνος
1284 1249 1326 1325 δι’
1354 1245 1405 1326 οἷν
1431 1277 1544 1343 φησιν,

237 1354 474 1446 ,ἐρωτήσεσι
495 1360 560 1425 καί
581 1351 817 1442 ἀποκρίσεσι
837 1360 1081 1444 χρωμένωνίί
1103 1353 1324 1445 έλλάμπειν
1347 1353 1546 1444 φρόνησιν

237 1473 324 1537 τοῖς
351 1451 433 1525 κατ’
457 1451 583 1527 αὐτόν
613 1459 901 1542 φιλοσοφοῦσι,
925 1459 1006 1542 φέρε
1034 1459 1288 1544 παραδείξωμεν
1314 1449 1382 1526 ἀπὸ
1408 1460 1483 1526 τῶν
1504 1458 1546 1526 ίε·

187 1571 221 1626 10
238 1560 311 1642 ρῶν
332 1552 542 1644 γραμμάτων
563 1549 617 1625 ότι
638 1560 823 1642 προτρέπει
845 1559 900 1623 καί
923 1547 942 1623 δ
964 1562 1058 1636 θεῖος
1079 1553 1181 1643 λόγος
1203 1549 1287 1644 ἡμᾶς
1310 1558 1364 1626 έπί
1384 1560 1546 1626 διαλεκτι-

237 1652 310 1741 κὴν,
336 1647 424 1724 ὅπου
444 1659 505 1740 μὲν
520 1659 754 1739 Σολομῶντος
776 1658 947 1741 λέγοντος·
974 1659 1128 1736 ,παιδεία
1149 1659 1184 1724 δὲ
1206 1650 1442 1743 ἀνεξέλεγκτος
1463 1665 1547 1725 πλα-

239 1759 370 1836 νάται,“
392 1745 481 1826 όπου
507 1761 543 1826 δὲ
568 1760 633 1825 τοῦ
661 1752 702 1824 τὸ
730 1750 923 1840 σύγγραμμα
949 1750 1015 1840 τὴν
1035 1758 1172 1838 Σοφίαν
1195 1749 1273 1842 ἡμῖν
1294 1753 1547 1835 καταλιπόντος

239 1847 344 1940 Ἰησσῦ
366 1853 442 1922 υίοῦ
457 1851 567 1942 Σιρίιχ
589 1849 793 1938 φάσκοντος·
816 1856 960 1938 ,γνῶσις
982 1846 1147 1922 ἀσυνέτου
1168 1846 1397 1934 ἀδιεξέταστοι
1419 1850 1547 1941 λόγοι.“

241 1946 419 2036 εὐμενεῖς
451 1943 514 2022 οὖν
544 1953 700 2039 έλεγχοι
731 1945 810 2037 παρ’
838 1945 916 2038 ἡμῖν
941 1954 1003 2018 είσι
1030 1955 1168 2038 μᾶλλον,
1196 1967 1269 2033 τοῖς
1295 1957 1466 2040 μαθοῦσιν
1493 1943 1548 2020 ότι

190 2066 223 2119 15
242 2056 292 2120 δεῖ
320 2051 383 2122 τὸν
413 2048 663 2139 προϊστάμενον
688 2055 752 2119 τοῦ
779 2047 884 2137 λόγου
910 2048 1163 2120 δυνατὸνεῖναι
1184 2049 1285 2133 ,τούς
1307 2045 1549 2138 ἀντιλέγοντας

241 2153 414 2237 έλιγχεινέ(
464 2155 492 2220 εἰ
528 2154 564 2219 δὲ
600 2150 791 2240 ῥᾳθυμοῦσί
825 2174 928 2232 τινες,
960 2143 1024 2217 ούκ
1053 2143 1237 2230 ἀσκοῦντες
1267 2155 1445 2237 προσέχειν
1475 2167 1549 2230 ταῖς

241 2254 350 2331 θείαις
375 2245 582 2339 ἀναγνώσεσι
608 2254 662 2317 καί
689 2251 829 2336 ἐρευνᾶν
855 2245 937 2331 ,τὰς
960 2244 1110 2335 γραφάςί(
1132 2247 1297 2318 καὶκατὰ
1319 2247 1384 2338 την
1405 2247 1550 2337 ἐντολὴν

242 2353 306 2419 τοῦ
327 2343 431 2436 Ἰησοῦ
458 2359 569 2438 ζητεῖν
596 2344 839 2436 τὴν-διάνοιαν
865 2351 940 2418 τῶν
962 2352 1106 2435 γραφῶν
1127 2353 1182 2417 καὶ
1205 2353 1311 2418 αἰτεῖν
1331 2355 1407 2436 περὶ
1430 2344 1549 2418 αὐτῶν

241 2442 310 2518 ἀπὸ
337 2453 401 2518 τοῦ
428 2453 513 2518 θεοῦ
539 2453 594 2516 καὶ
615 2444 750 2534 κρούειν
773 2441 891 2517 αύτοὸν
913 2445 956 2518 τὰ
978 2451 1200 2536 κεκλεισμένα,
1224 2442 1267 2517 ού
1288 2446 1379 2536 παρὰ
1398 2453 1506 2519 τοῦτο
1529 2442 1548 2519 ό

190 2560 224 2615 20
241 2543 342 2634 λόγος
363 2544 462 2630 κενός
483 2551 554 2620 έστι
576 2551 705 2633 σοφίας.

327 2667 409 2734 VIII.
446 2661 531 2734 Εἰτά
557 2687 638 2753 φησι
663 2661 746 2750 μετὰ
774 2657 878 2744 ἄλλας
904 2669 1008 2748 λέξεις
1034 2662 1272 2746 Πλατωνικὰς,
1301 2662 1466 2752 δηλούσας
1495 2659 1551 2737 ότι

242 2757 444 2850 ,,όλίγοις“
467 2767 551 2833 έστί
582 2761 764 2850 γνωστόν
795 2762 841 2834 τὸ
873 2759 1038 2850 ἀγαθόν,
1068 2766 1154 2833 ἐπεὶ
1184 2765 1221 2834 οἱ
1247 2771 1251 2848 Ι
1280 2771 1427 2836 πολλοὶ
1453 2762 1550 2853 μετὰ
1569 2776 1620 2831 635

242 2859 609 2952 ,καταφρονήσεως
636 2857 707 2932 ούκ
733 2857 881 2952 όρθῆς“
905 2859 1083 2951 ,ύφηλης
1108 2867 1172 2931 καί
1192 2859 1340 2952 χαύνης
1362 2867 1550 2947 έλπίδος“

243 2969 531 3051 πληρωθέντες
561 2957 640 3045 ,ως
669 2960 789 3049 σεμνὰ
821 2955 940 3031 ἀττα“
966 2959 1242 3050 μεμαθηκότες
1273 2968 1433 3051 λέγουσί
1461 2989 1551 3032 τινα

192 3079 226 3134 25
244 3055 296 3145 σός
327 3056 473 3150 ἀληθῆ,
505 3054 562 3132 ότι
595 3066 724 3131 ταῦτα
757 3061 1013 3149 προειρηκώς
1043 3055 1257 3131 όΠλάτων
1284 3055 1389 3150 ὅμως
1417 3056 1461 3133 ού
1489 3089 1549 3131 τε·

244 3159 455 3252 ρατεύεται
484 3155 570 3230 οὐδ’
597 3155 853 3248 ἀποφράττει
884 3165 957 3230 τοῦ
979 3168 1263 3250 προαιρεῖσθαι
1285 3166 1550 3248 βουλομένου,

331 3371 348 3426 1
369 3369 430 3440 Vgl.
449 3373 510 3424 Act.
529 3369 569 3435 18,
588 3372 612 3425 3.
631 3399 664 3408 -
682 3369 745 3440 VgI.
764 3371 863 3426 Matth.
880 3373 904 3436 4,
919 3371 1026 3426 18.-22.
1051 3370 1300 3436 Mark1,16-20.
1319 3401 1351 3412 -
1369 3371 1387 3427 θ
1404 3370 1467 3441 Vgl.
1480 3371 1552 3426 oben

244 3458 256 3510 Ι
274 3457 298 3512 9.
322 3456 363 3510 ΠΙ
380 3457 421 3510 14.
439 3455 480 3510 24.
499 3457 539 3510 27.
558 3454 599 3509 38.
617 3455 659 3509 39.
676 3457 718 3510 44.
741 3485 774 3496 -
797 3455 816 3511 8
835 3455 898 3525 Vgl.
916 3453 1011 3517 Plato,
1034 3453 1119 3526 Epist.
1138 3456 1189 3509 VII
1208 3473 1233 3526 p.
1252 3457 1303 3512 344
1314 3456 1346 3510 Β.
1364 3485 1398 3495 -
1417 3456 1454 3511 11
1473 3455 1552 3510 Ρτον.

244 3543 286 3605 10,
306 3543 346 3595 17.
369 3569 403 3578 -
422 3539 461 3594 13
480 3538 529 3594 Sir.
547 3539 588 3602 21,
608 3539 648 3594 18.
671 3570 704 3580 —
728 3539 767 3597 14
783 3540 846 3610 Vgl.
864 3539 953 3604 Plato,
972 3538 1058 3609 Epist.
1078 3539 1129 3594 VH
1146 3557 1174 3610 p.
1192 3541 1243 3596 344
1254 3541 1284 3594 B.
1307 3571 1341 3582 -
1360 3541 1398 3597 15
1417 3539 1481 3610 Vgl.
1499 3539 1552 3594 ¹111.

245 3627 269 3692 1,
286 3625 311 3680 9.
329 3654 362 3664 -
380 3623 419 3680 16
440 3623 500 3692 Vgl.
519 3626 532 3678 I
549 3625 618 3679 Tim.
634 3627 659 3689 4,
679 3626 719 3680 13.
736 3657 770 3666 -
791 3626 826 3682 17
847 3624 909 3694 VgI.
927 3623 989 3678 Joh.
1002 3627 1026 3689 5,
1044 3625 1086 3680 39.
1104 3653 1138 3663 -
1156 3623 1195 3680 18
1213 3624 1276 3694 Vgl.
1289 3625 1389 3680 Matth.
1402 3627 1425 3688 7,
1440 3627 1463 3680 7.
1484 3623 1552 3678 Luk.

245 3712 285 3774 11,
304 3710 327 3765 θ.
346 3739 380 3748 -
399 3709 438 3764 22
456 3707 519 3777 VgI.
537 3709 625 3774 Plato,
644 3709 728 3781 Episss.
747 3708 955 3778 v11p.34111.

330 3883 350 3938 4
370 3875 520 3952 θρυλήοας
545 3887 570 3937 Α
591 3878 758 3954 θρυλλὴσας
784 3885 920 3954 MAusgg.
945 3885 949 3953 Ι
973 3878 1153 3954 ἀξιούμενον]
1181 3876 1319 3953 ἀξιοῦμεν
1344 3887 1479 3940 vermutet
1504 3885 1553 3940 Βο.

246 3967 343 4038 (Notae
361 3985 387 4038 p.
406 3969 479 4036 393),
502 3985 559 4022 was
576 3968 636 4023 Del.
655 3970 677 4038 (Ι
694 3971 746 4025 634
763 3973 843 4023 Anm.
862 3967 889 4036 b)
909 3985 942 4022 zu
959 3967 1076 4038 billigen
1095 3969 1203 4023 soheint
1227 3971 1230 4037 Ι
1254 3971 1273 4026 8
1297 3968 1457 4041 χρωμένων
1475 3969 1553 4024 ΑΗδ.

247 4053 291 4124 Sp.
315 4046 468 4122 χρώμενον
493 4053 542 4106 Βο.
569 4053 668 4121 (Notae
689 4071 715 4124 p.
733 4054 794 4122 393)
820 4071 846 4108 u.
864 4052 924 4106 Del.
949 4053 952 4120 Ι
975 4047 1139 4122 ἐλλάμπων]
1167 4054 1237 4107 nach
1268 4053 1349 4108 Plato
1375 4071 1400 4107 a.
1418 4071 1443 4108 α
1464 4053 1494 4108 Ο.
1518 4053 1556 4107 int

247 4131 403 4204 ἐκλάμπειν
419 4153 453 4190 πυ
471 4139 625 4201 τετωοίεο,
644 4137 699 4207 vgl.
718 4137 788 4192 auch
810 4140 896 4192 unten
913 4138 952 4192 VI
971 4141 1002 4192 17
1021 4138 1119 4207 (gagen
1136 4137 1224 4208 Eudo)
1243 4139 1413 4192 u.V111.A
1432 4139 1466 4207 (ο.
1486 4138 1529 4198 Δ]
1550 4137 1553 4206 Ι

247 4215 390 4290 φρόνησιν
407 4220 531 4276 schreibe
548 4220 594 4275 ich
610 4222 683 4276 nach
701 4222 784 4277 Plabo
802 4239 827 4276 ο.
846 4240 870 4278 a.
889 4221 929 4287 0.,
948 4216 1116 4292 φρονήμασι
1134 4225 1159 4276 A
1181 4222 1221 4292 (In
1239 4223 1336 4277 deenen
1354 4221 1473 4291 Vorlage
1491 4221 1555 4276 viel·

247 4323 334 4377 leicht
350 4304 481 4394 φρονόόῖ
494 4322 646 4391 gastandan
663 4323 722 4392 hat)
740 4325 843 4393 Ausgg.
858 4325 862 4391 Ι
885 4325 923 4381 18
943 4317 1028 4394 ωράχ
1046 4323 1127 4378 Ano.
1146 4315 1253 4394 Σειρίιχ
1270 4323 1379 4394 Sp.Del.
1395 4323 1399 4391 Ι
1418 4323 1457 4378 24
1474 4320 1555 4392 ἅττα]

247 4398 320 4463 άττα
337 4407 363 4460 A
383 4409 387 4476 ]
407 4407 447 4462 26
465 4411 518 4461 τοῦ
534 4411 743 4478 προαιρεῖσθαι
761 4405 950 4480 βουλομένου]
969 4415 1022 4464 τοῦ
1039 4405 1241 4480 προοέρεσθαι
1260 4409 1295 4478 [d.
1314 4409 1340 4462 h.
1359 4407 1433 4461 wohl
1450 4424 1554 4478 προσε-

248 4489 363 4562 ρέσθαι]
386 4488 567 4562 βουλομένου
590 4491 655 4546 oder
678 4498 719 4566 τῷ
740 4490 942 4564 προσὲρεοθαι
966 4493 993 4563 [I.
1011 4489 1221 4565 προσερέοθαι]
1240 4490 1408 4563 βουλομένῳ
1425 4491 1489 4547 liest
1505 4493 1553 4546 Bo.

247 4575 346 4644 (Notae
362 4593 389 4646 p.
406 4576 479 4644 394);
498 4576 598 4631 ebenso
617 4576 677 4631 Del.
695 4579 718 4646 (Ι
736 4579 785 4634 635
803 4581 883 4633 Anm.
900 4578 936 4646 ιι),
953 4595 1005 4631 nur
1023 4578 1085 4631 δεεε
1103 4595 1133 4633 er
1149 4575 1350 4649 προσέρεσθαι
1367 4577 1432 4631 oder
1449 4594 1556 4648 προσε-

249 4662 364 4731 ρεῖοθαι
381 4659 456 4715 lesen
474 4661 540 4714 will.
