3758 5564
652 504 744 560 σιντ
762 506 897 562 max
919 506 972 580 εε,
989 509 1030 564 13.
1049 509 1089 562 α.
1106 510 1148 564 ιο.
1478 517 1539 582 389

236 663 382 758 Ἰσραὴλ(
405 667 466 740 σῦν
488 663 612 751 αότοῖς.
653 673 708 738 καί
731 667 880 757 φανερὸν
907 663 963 742 ότι
989 663 1071 743 ὅσον
1098 667 1160 743 οῦκ
1182 672 1274 760 είχον
1294 670 1338 744 τά
1359 671 1540 761 ἐπιθυμοῦ-

237 795 328 858 μενα,
350 763 455 856 κόρον
476 765 538 840 οῦκ
560 764 731 857 ἠδύναντο
753 764 869 840 αότῶν
885 777 998 854 λαβεῖν
1013 766 1090 842 οόδέ
1104 768 1296 844 παύσασθαι
1311 779 1374 843 τοῦ
1393 768 1540 855 πάθους·

237 863 400 940 ἀλλὰκαὶ
422 861 441 938 ό
464 863 713 956 φιλάνθρωπος
733 874 789 938 καί
811 863 939 957 ἀγαθὸς
960 866 1057 954 θεὸς,
1084 869 1196 954 διδοὺς
1222 868 1337 955 αδτοῖς
1359 870 1400 944 τὸ
1422 876 1540 944 ἐπιθυ·

238 966 417 1057 μοόμενον,
441 962 500 1054 οόχ
520 959 632 1048 σῦτως
654 963 812 1050 ἐβούλετο
835 963 973 1052 διδόναι,
997 961 1085 1040 ῶστε
1106 977 1352 1042 καταλιπέσθαι
1374 975 1410 1042 ἐν
1426 967 1540 1055 αὐτοῖς

203 1071 430 1153 ὄέπιθυμίαν.
472 1061 590 1156 διόπερ
628 1072 708 1155 φησί
736 1064 781 1155 μή
818 1073 918 1156 ,μίαν
952 1063 1100 1157 ἡμέραν“
1135 1066 1303 1158 φάγεσθαι
1337 1066 1462 1153 αὐτοῦς
1496 1069 1539 1142 τά

238 1171 357 1255 ,,κρέα“
380 1168 483 1255 (ἔμενε
510 1164 573 1255 γὰρ
600 1158 642 1235 ἀν
671 1161 712 1236 τὸ
734 1163 847 1248 πάθος
869 1162 984 1237 αὐτῶν
1007 1171 1045 1238 ἐν
1065 1174 1109 1257 τῇ
1129 1176 1219 1258 ψυχῇ
1239 1174 1464 1259 πεπυρωμένη
1484 1177 1540 1240 καλ

237 1272 427 1356 φλεγομένη
448 1260 504 1336 ὑπ’
527 1261 642 1348 αῦτσῦ,
665 1269 694 1335 εί
720 1260 771 1336 ἐπ’
799 1261 914 1353 ὀλίγον
940 1272 1014 1338 τῶν
1037 1273 1149 1355 κρεῶν
1171 1265 1438 1358 μετειλήφεσαν),
1465 1265 1539 1340 ἀλλ’

237 1363 315 1438 οῦδέ
336 1368 389 1436 ἐπί
412 1362 515 1449 ,,δόο“
537 1369 675 1436 δίδωσιν
703 1360 819 1447 αότοῖς
845 1363 886 1436 τὸ
912 1365 1187 1455 ἐπιθυμοῦμενον
1216 1363 1392 1458 ,,ήμέρας“·
1424 1364 1539 1456 βουλό·

236 1493 336 1555 μενος
366 1469 402 1535 δὲ
431 1460 516 1535 αὐτὸ
546 1469 733 1553 προσκορές
763 1460 878 1546 αότοῖς
902 1470 1054 1555 ποιήσαι,
1085 1467 1190 1538 οίονεί
1217 1463 1279 1539 οῦκ
1300 1471 1541 1557 ἐπαγγέλλεται

88 1656 93 1666 1
186 1582 220 1638 10
237 1563 322 1638 ἀλλὰ
344 1571 395 1654 τῷ
418 1568 565 1636 συνιέναι
587 1568 762 1653 δυναμένῳ
784 1561 915 1636 ἀπειλεῖ
934 1560 975 1634 δι’
998 1553 1050 1637 ῶν
1070 1572 1265 1654 χαρίζεσθαι
1284 1562 1401 1648 αὐτοῖς
1422 1563 1539 1652 ἐδόκει,

237 1670 359 1754 λέγων·
380 1659 478 1746 ,οῦδὲ
498 1668 621 1734 πέντε(
648 1658 754 1752 μόνας
779 1660 938 1752 ποιήσετε
965 1657 1129 1753 ,,ήμέρας“
1156 1669 1330 1748 ἐσθίοντες
1357 1663 1399 1736 τά
1419 1672 1540 1756 ,,κρέα“

237 1760 315 1836 οῦδὲ
337 1761 397 1845 τάς
419 1761 557 1835 τούτων
579 1768 772 1846 διπλασίους
794 1759 872 1834 οῦδὲ
899 1765 950 1834 ἐτι
975 1763 1038 1848 τὰς
1063 1767 1205 1836 ἐκείνων
1230 1770 1438 1848 διπλασίους,
1464 1761 1538 1838 ἀλλ’

237 1869 291 1935 ἐπὶ
314 1867 483 1934 τοσοῦτον
502 1857 704 1951 ,,φάγεσθε,“
719 1857 772 1949 ἐφ’
789 1854 872 1934 όλον
892 1869 1172 1952 κρεωφαγοῦντες
1192 1870 1290 1954 μῆνα,
1312 1863 1398 1948 ,ἕως
1419 1867 1539 1953 ἐξέλθη

237 1968 274 2034 ἐκ
304 1968 377 2035 τῶν
406 1958 610 2051 μυκτήρωνα
636 1960 720 2048 μετὰ
749 1967 928 2051 χολερικοῦ
957 1959 1092 2046 πάθους
1121 1960 1163 2034 τό
1193 1969 1431 2053 νενομισμένον
1460 1961 1539 2052 ῦμῖν

170 2078 220 2135 331
236 2059 441 2146 καλόνκαὶ)
467 2055 488 2150 ἦ
508 2067 585 2150 περὶ
607 2056 691 2132 αὐτὸ
714 2058 823 2150 ψεκτὴ
844 2067 900 2132 καί
922 2059 1039 2150 αἰσχρὰ
1061 2065 1235 2152 ἐπιθυμία·
1265 2059 1306 2134 ἵν’
1328 2059 1413 2150 όμᾶς
1434 2059 1538 2135 ἀπαλε

238 2157 330 2248 λάξω
355 2166 418 2232 τοῦ
442 2167 518 2249 βίου
545 2165 665 2250 μηκέτι
686 2165 947 2248 ἐπιθυμοῦντας,
969 2168 1025 2232 καὶ
1047 2166 1201 2233 τοιοῦτοι
1222 2158 1421 2248 ἐξελθόντες
1443 2167 1538 2254 δυνη-

238 2267 325 2350 θῆτε
355 2257 402 2342 ῶς
432 2267 579 2348 καθαροὶ
609 2255 677 2331 άπὸ
707 2263 888 2349 ἐπιθυμίας
918 2265 1120 2350 μεμνημένοι
1150 2289 1201 2345 τε,
1233 2257 1273 2332 δι’
1297 2255 1387 2333 όσων
1417 2259 1539 2335 πόνων

237 2355 341 2449 αὐτῆς
371 2355 603 2449 ἀπηλλάγητε,
631 2353 711 2446 ἤτοι
744 2365 905 2450 μηδαμῶς
934 2355 1020 2447 αὐτῇ
1049 2379 1240 2448 περιπεσεῖν
1269 2362 1319 2432 ἐτι
1349 2355 1387 2450 ή,
1416 2364 1444 2433 εί
1475 2357 1538 2484 ἄρα

237 2456 342 2531 τοῦτό
363 2487 450 2531 ποτε
471 2467 612 2549 γίνεται,
637 2475 779 2548 μακραῖς
804 2454 938 2548 χρόνων
959 2454 1137 2547 περιόδοις,
1159 2457 1465 2551 ἐπιλανθανόμενοι
1488 2489 1539 2533 ων

185 2574 220 2632 20
236 2555 436 2632 πεπόνθατε
465 2557 520 2630 διά
549 2557 613 2648 τὴν
643 2561 835 2648 ἐπιθυμίαν,
866 2555 925 2630 ἐὰν
954 2557 999 2648 μή
1027 2559 1158 2642 ἑαυτοῖς
1182 2566 1369 2650 προσέχητε
1394 2566 1449 2632 καί
1477 2560 1540 2633 τὸν

236 2666 374 2742 τελείως
396 2655 664 2730 ἀπαλλάσσοντα
685 2655 820 2740 πάθους
841 2655 972 2741 παντὸς
994 2653 1097 2747 λόγον
1112 2654 1312 2748 άναλάβητε,
1335 2678 1408 2744 τοῖς
1422 2679 1539 2744 κακοῖς
1604 2719 1607 2729 ,

236 2764 439 2848 περιπέσητε
462 2751 607 2846 ῦστερόν
633 2785 672 2828 τε
698 2763 759 2847 τῆς
785 2764 945 2845 γενέσεως
972 2755 1240 2848 ἐπιθυμήσαντες
1263 2754 1367 2830 πάλιν
1394 2765 1539 2850 δεηθήτε

237 2865 299 2931 τοῦ
329 2863 380 2941 δίς
410 2875 523 2946 τυχεῖν
554 2848 606 2926 ῶν
632 2861 841 2945 ἐπιθυμεῖτε,
871 2853 1070 2945 μισήσαντες
1102 2853 1143 2929 τό
1174 2856 1454 2947 ἐπιθυμοῦμενον,
1482 2863 1539 2928 καί

236 2953 317 3029 τότε
344 2951 438 3029 οὕτω
464 2963 707 3046 παλινδρομεῖν
733 2961 788 3027 ἐπὶ
817 2955 859 3027 τά
880 2955 967 3027 καλά
988 2962 1043 3026 καὶ
1065 2954 1130 3045 τήν
1151 2952 1311 3046 οὐράνιον
1332 2954 1477 3046 τροφήν,
1500 2947 1539 3045 ἧς

191 3054 556 3146 γεκαταφρονήσαντες
577 3063 650 3128 τῶν
670 3051 835 3145 χειρόνων
857 3051 1065 3145 ῶρέχθησαν.

320 3169 365 3228 15.
401 3154 442 3226 τό
470 3150 591 3246 όμοιον
613 3146 677 3227 οῦν
698 3153 837 3236 τούτοις
857 3161 1034 3226 πείσονται
1056 3157 1089 3226 σί
1110 3150 1316 3239 ἀλλάξαντες
1330 3153 1418 3244 ,τήν
1436 3151 1539 3241 δόξαν

238 3263 300 3329 τοῦ
325 3261 411 3328 θεοῦ
436 3262 500 3328 τοῦ
525 3251 710 3344 ἀφθάρτου
735 3258 772 3326 ἐν
798 3249 988 3344 ὁμοιώματι
1014 3250 1144 3336 εἰκόνος
1166 3259 1325 3342 φθαρτοῦ
1347 3249 1538 3344 ἀνθρῶπου

237 3362 293 3427 καί
323 3361 491 3428 πετεινῶν
520 3362 577 3426 καὶ
613 3350 837 3443 τετραπόδων
869 3359 925 3424 καὶ
955 3354 1139 3442 ἐρπετῶν,“
1170 3351 1223 3424 διά
1254 3357 1318 3423 τοῦ
1350 3357 1536 3441 ἐγκαταλεί·

236 3466 361 3528 πεσθαι
387 3450 651 3544 παραδιδόμενοι
677 3457 736 3536 ,ἐν
762 3473 835 3537 ταῖς
861 3459 1052 3542 ἐπιθυμίαις
1078 3460 1152 3524 τῶν
1176 3459 1327 3542 καρδιῶν
1354 3448 1470 3524 αὐτῶν
1491 3459 1539 3536 εἰς

186 3577 219 3632 30
238 3552 458 3645 ἀκαθαρσίαν,
480 3559 544 3625 τοῦ
566 3547 786 3642 ἀτιμάζεσθαι
808 3550 850 3624 τά
873 3551 1032 3642 σῶματα“
1055 3559 1128 3625 τῶν
1149 3556 1195 3635 εἰς
1217 3547 1349 3640 ἄψυχον
1369 3561 1466 3642 σῶμα
1483 3559 1538 3623 καί

236 3651 447 3743 ἀναίσθητον
476 3648 779 3737 καταβιβασάντων
809 3649 850 3722 τό
882 3646 989 3741 ὄνομα
1017 3657 1080 3724 τοῦ
1111 3657 1193 3723 πᾶσι
1225 3670 1298 3735 τοῖς
1324 3656 1538 3737 αἰσθομένοις

237 3765 384 3844 λογικοῖς
407 3749 448 3824 οῦ
468 3748 575 3841 μόνον
597 3749 638 3823 τό
660 3755 839 3822 αἰσθέσθαι
861 3748 947 3824 ἀλλὰ
969 3757 1024 3822 καί
1046 3748 1087 3822 τὸ
1110 3759 1254 3839 λογικῶς
1273 3755 1453 3822 αἰσθέσθαι
1472 3757 1538 3822 τισί

319 3931 416 4002 3ng
433 3931 514 3989 Num.
532 3933 572 3996 11,
591 3930 631 3988 18,
649 3959 683 3970 -
702 3930 720 3988 5
738 3929 800 4001 vgl.
818 3930 898 3987 Num.
916 3931 957 3995 11,
975 3931 1016 3986 19.
1036 3931 1075 3986 18.
1094 3959 1125 3969 -
1146 3929 1185 3987 16
1208 3929 1270 3999 Vgl.
1289 3929 1369 3986 Num.
1388 3933 1429 3993 11,
1446 3931 1487 3985 20.
1505 3959 1538 3970 -

236 4018 275 4074 22
294 4016 356 4086 vgl.
374 4016 504 4086 Origenes
522 4033 543 4070 υ.
562 4014 631 4072 Gelu.
651 4014 701 4070 VII
719 4018 761 4072 45.
778 4018 819 4071 46.
845 4015 909 4069 VIII
925 4015 966 4070 60.
984 4015 1025 4070 62.
1047 4044 1081 4054 -
1103 4013 1142 4069 26
1160 4013 1223 4084 vgl.
1241 4013 1320 4070 Rom.
1339 4018 1362 4074 1.
1378 4015 1419 4070 23.
1443 4044 1476 4054 -
1499 4014 1538 4070 22

236 4103 298 4173 vgl.
316 4102 394 4156 an.
414 4106 437 4166 1,
455 4103 496 4156 24.

324 4253 338 4309 7
357 4244 578 4321 μετειλήφεισαν
594 4249 680 4304 Lond.
695 4255 700 4316 Ι
716 4249 754 4305 22
775 4247 949 4320 περιπέσητε
966 4249 1089 4303 sobroibo
1106 4249 1151 4302 ich
1168 4249 1220 4303 mit
1235 4249 1295 4304 Del.
1314 4249 1337 4318 (I
1350 4249 1400 4304 262
1411 4251 1493 4306 Δαω.
1505 4251 1538 4316 ο),

235 4343 413 4409 περιπεσεῖτε
430 4337 559 4405 TAusgg.
575 4336 580 4404 Ι
596 4334 636 4390 26
653 4329 825 4402 ἐπιθυμεῖτε,
842 4327 1015 4403 μισήσαντες
1030 4328 1074 4403 ιδ]
1094 4329 1269 4402 ἐπεθυμεῖτε,
1285 4329 1459 4402 μισήσαντες
1476 4330 1538 4405 (δὲ)

237 4415 270 4478 τό
288 4424 425 4476 νεεωαῖεῖ
446 4419 526 4490 Angl.
545 4419 600 4490 (bei
617 4419 677 4474 Del.
696 4419 708 4472 I
726 4419 806 4486 9211))
830 4423 834 4486 Ι
858 4417 898 4474 24
920 4416 1010 4471 hinter
1031 4420 1237 4490 παλινδρομεῖν
1254 4421 1283 4486 -Ι-
1304 4419 1440 4488 δυνηθῆτε
1456 4419 1539 4488 Angl.

235 4505 270 4574 (ε.
289 4521 313 4559 ε.
331 4503 384 4574 0.),
407 4505 473 4560 σίνος
491 4506 540 4560 der
556 4503 679 4558 Infinitiv
697 4502 767 4556 wird
785 4519 838 4558 von
857 4505 975 4572 δεηθῆτε
993 4503 1030 4572 (Ζ.
1047 4503 1090 4572 22)
1108 4501 1210 4572 regim
1232 4505 1237 4569 Ι
1261 4502 1300 4559 25
1324 4496 1497 4574 ὠρέχθησαν
1516 4504 1539 4558 'I'

237 4592 338 4658 Auugg.
362 4582 547 4660 ῶρεχθήσατε
570 4588 652 4658 Angl.
671 4589 705 4656 (α.
722 4605 747 4642 ε.
765 4587 818 4656 0.).
839 4587 1107 4656 D01.(1262Anm.
1126 4587 1153 4656 d)
1174 4605 1201 4641 u.
1222 4588 1327 4644 Lomm.
1347 4588 1351 4656 Ι
1375 4586 1416 4643 22
1435 4581 1538 4658 αἰτῶν]

236 4665 330 4730 αῦῖῶν
346 4673 431 4728 hond.
