3758 5564
677 493 768 548 νυνι
789 492 923 548 ευμεν
942 493 993 565 σε,
1010 495 1036 548 ι.
1053 497 1077 550 5.
1095 493 1119 547 σ.
1482 499 1541 564 399

238 652 429 743 προσευχὴν
457 661 513 725 καὶ
543 651 615 742 μετ’
637 651 744 728 αῦτὸν
769 653 919 745 Σάρῤας,
947 661 1008 745 τῆς
1033 652 1180 743 ῦστέρως
1207 652 1339 744 νύμφης
1364 661 1542 745 γενομένης

239 749 346 826 αῦτσῦ
373 751 427 826 διὰ
455 753 497 826 τὸ
524 760 731 846 γεγαμῆσθαι
751 751 857 845 αῦτὴν
878 760 930 845 τῷ
956 762 1063 848 Τοβίῳ,
1086 763 1120 826 τί
1141 760 1290 838 λεκτέον,
1311 751 1484 826 πλειόνων
1505 759 1543 827 ἐν

240 859 292 944 τῳ
320 848 413 943 αῦτῷ
445 859 579 924 ναίκαὶ
604 862 647 943 τῇ
673 850 759 942 αῦτῇ
786 854 901 944 γνσόμη
927 850 1183 928 συνοδευόντων
1208 859 1264 926 καί
1286 876 1543 942 σωματοποιου-

238 959 351 1045 μένων
377 956 415 1024 ἐν
436 958 593 1044 Χριστςῦ;
623 962 701 1043 περί
727 959 763 1027 δὲ
790 959 851 1044 τῆς
878 951 1050 1044 δυνάμεως
1076 959 1139 1026 τοῦ
1166 959 1285 1042 κυρίου
1307 951 1544 1043 συμπαρούσης

205 1067 222 1121 5
239 1061 283 1143 τῇ
305 1057 464 1144 ἐκκλησίᾳ
486 1045 657 1136 ῦΠαῦλός
678 1076 770 1143 φησι·
792 1059 1055 1142 ,συναχθέντων
1074 1051 1171 1142 ῦμῶν
1191 1060 1248 1124 καί
1270 1057 1333 1123 τοῦ
1352 1056 1433 1142 ἐμοῦ
1446 1053 1544 1125 πνεό-

238 1179 345 1242 ματος
370 1151 433 1223 σῦν
455 1159 499 1241 τῇ
522 1150 660 1243 δυνάμει
682 1159 746 1224 τοῦ
766 1159 884 1244 κυρίου
903 1149 1037 1242 Ἰησοῦ,“
1059 1150 1106 1236 σός
1129 1149 1300 1242 δυνάμεως
1321 1159 1406 1236 ,τοῦ
1426 1159 1544 1242 κυρίου

170 1263 222 1321 371
237 1247 363 1342 'wamy‘
384 1257 639 1342 συναπτομένης
660 1248 702 1324 οῦ
722 1249 830 1340 μόνον
850 1251 934 1342 μετά
949 1249 1110 1340 Ἐφεσίων
1131 1249 1217 1324 ἀλλὰ
1238 1258 1293 1322 καὶ
1312 1260 1317 1338 Ι
1337 1259 1543 1340 Κορινθίων.

238 1358 293 1422 καί
322 1354 350 1420 εί
377 1344 396 1421 δ
423 1347 536 1422 ἔτιτὸ
564 1358 660 1440 σῶμα
681 1360 910 1441 περικείμενος
931 1358 1066 1434 Παῦλος
1088 1347 1296 1440 συνάρασθαι
1316 1348 1470 1442 νενόμικε
1491 1359 1542 1442 τῷ

239 1449 363 1522 ἑαυτοῦ
388 1447 555 1540 πνεῦματι
581 1453 618 1521 έν
639 1457 683 1539 τῇ
706 1459 881 1542 Κορίνθῳ,
908 1449 970 1524 σῦκ
996 1447 1239 1540 ἀναγνωστέον
1266 1443 1361 1522 οῦτω
1387 1458 1442 1522 καί
1464 1451 1544 1534 τοῦς

188 1561 222 1618 10
239 1545 489 1639 ἐξεληλυθότας
521 1557 703 1638 μακαρίους
739 1548 888 1638 φθάνειν
922 1557 973 1640 τῷ
1007 1549 1172 1640 πνεύματι
1203 1547 1289 1639 τάχα
1322 1557 1452 1640 μᾶλλον
1482 1557 1545 1623 τοῦ

240 1641 343 1732 ὄντος
370 1653 408 1721 ἐν
434 1655 486 1738 τῷ
512 1648 644 1739 σάματι
669 1653 725 1720 ἐπί
751 1649 812 1732 τὰς
838 1653 1023 1738 ἐκκλησίας·
1054 1646 1170 1739 διόπερ
1196 1645 1238 1722 οῦ
1264 1657 1544 1741 καταφρονητέον

240 1755 313 1821 τῶν
346 1753 383 1820 ἐν
409 1744 526 1832 αῦταίς
557 1744 673 1836 εῦχῶυ,
705 1746 754 1833 ῶς
783 1746 955 1838 ἐξαίρετόν
985 1778 1019 1820 τι
1045 1754 1195 1839 ἐχουσῶν
1220 1754 1272 1839 τῷ
1300 1757 1444 1839 γνησίως
1470 1771 1544 1824 συν-

240 1852 408 1937 ερχομένῳ
432 1842 556 1919 αῦτῶν.

324 1959 350 2020 6.
388 1938 502 2034 ὥσπερ
532 1953 568 2019 δέ
599 1946 737 2038 δῦναμις
767 1943 872 2038 Ἰησοῦ
900 1954 956 2020 καί
986 1946 1027 2020 τὸ
1061 1954 1194 2038 πνεῦμα
1219 1946 1357 2020 Παύλου
1384 1955 1441 2022 καὶ
1471 1956 1544 2022 τῶν

189 2058 222 2112 15
240 2040 371 2138 ὁμοίων
393 2053 449 2116 καί
477 2050 510 2118 σί
530 2044 824 2136 παρεμβάλλοντες
846 2044 988 2120 ἑκάστου
1009 2054 1083 2118 τῶν
1104 2043 1210 2136 ἀγίων
1231 2046 1388 2137 ,,κόκλῳ“
1411 2043 1545 2138 ἀγγελοι

240 2153 398 2234 ,,κυρίου“
414 2144 630 2218 συνσδεῦουσι
651 2153 707 2218 καὶ
729 2152 947 2236 συνέρχονται
968 2165 1040 2230 τοῖς
1055 2155 1202 2236 γνησίως
1216 2153 1544 2238 συναθροιζομένοις,

240 2239 336 2318 οῦτω
370 2252 576 2333 στοχαστέον
605 2243 650 2336 μή
680 2275 775 2330 ποτε,
807 2245 866 2318 ἐὰν
896 2242 993 2335 άγίου
1022 2242 1165 2337 ἀγγέλου
1194 2242 1329 2332 ἀνάξιός
1360 2275 1413 2330 τις
1442 2238 1462 2336 ᾖ
1489 2256 1545 2320 καὶ

240 2349 346 2436 ἐπιδῶ
371 2342 494 2416 ἑαυτὸν
516 2342 647 2437 ἀγγέλῳ
670 2342 817 2436 διαβόλῳ
844 2342 885 2417 δι’
911 2337 962 2416 οῦν
984 2340 1168 2436 ἁμαρτάνει
1189 2352 1245 2418 καί
1267 2353 1352 2419 θεοῦ
1373 2375 1545 2438 καταφρο·
1577 2411 1578 2415 ,

240 2451 313 2516 νῶν
342 2463 542 2534 παρανομεῖ·
572 2439 627 2518 ότι
661 2441 680 2517 δ
711 2452 881 2531 τοιοῦτος,
912 2453 1067 2517 σπανίων
1096 2450 1158 2535 μὲν
1188 2454 1262 2518 τῶν
1294 2441 1423 2532 ὁμοίων
1449 2444 1544 2538 αὐτῷ

189 2551 224 2610 20
241 2541 499 2634 τυγχανόντων,
530 2541 592 2616 οῦκ
626 2549 681 2616 ἐπὶ
710 2544 800 2617 πολῦ
830 2543 967 2636 λη’σεται
997 2551 1060 2635 τῆς
1088 2553 1162 2618 τῶν
1191 2542 1344 2636 ἀγγέλων
1372 2553 1544 2636 προνοίας,

240 2641 403 2737 ῦπηρεσίᾳ
430 2650 493 2717 τοῦ
521 2653 617 2715 θείου
637 2643 862 2736 βουλήματος,
890 2649 1159 2728 ἐπισκοποῦντας
1186 2645 1251 2736 τὴν
1273 2651 1460 2736 ἐκκλησίαν,
1488 2675 1545 2735 φε-

240 2742 363 2835 ρούσης
386 2750 432 2828 είς
454 2751 581 2834 γνῶσιν
602 2751 675 2815 τῶν
696 2751 839 2816 πολλῶν
860 2751 923 2816 τοῦ
944 2743 1107 2816 τοιοῦτον
1127 2743 1170 2816 τὰ
1191 2754 1398 2835 πταίσματα·
1426 2747 1486 2819 ἐὰν
1509 2753 1544 2818 δὲ

239 2850 377 2934 πλῆθος
405 2839 577 2934 γενόμενοι
599 2847 631 2914 σί
653 2850 806 2916 τοιοῦτοι
826 2839 905 2914 καθ’
927 2844 1091 2934 ἑταιρείας
1113 2840 1336 2933 ἀνθρωπικὰς
1356 2853 1412 2918 καί
1434 2869 1544 2936 σωμα-

242 2939 432 3034 τικῶτερόν
460 2971 493 3014 τι
519 2939 831 3032 πραγματευόμενοι
852 2950 1095 3034 συνέρχωνται,
1118 2939 1180 3016 οῦκ
1201 2943 1544 3036 ἐπισκοπηθὴσονταα

189 3049 246 3132 254
276 3037 359 3132 όπερ
392 3047 553 3130 δηλοῦται
583 3046 620 3114 ἐν
654 3049 705 3129 τῶ
726 3038 838 3134 Ἠσαίᾳ
869 3049 932 3116 τοῦ
957 3050 1076 3130 κυρίου
1097 3049 1270 3132 λέγοντος·
1292 3041 1390 3129 ,οῦδὲ
1411 3044 1471 3118 ἐὰν
1493 3049 1544 3135 ἐρ·
1565 3063 1616 3120 270

237 3153 346 3232 χησθε
369 3136 523 3230 ὀφθῆναί
543 3149 631 3231 μοι,“
652 3137 902 3230 ,,ἀποστρέφω“
920 3141 993 3232 γάρ,
1021 3147 1111 3231 φησί,
1134 3143 1236 3228 ,τοῦς
1258 3138 1460 3235 όφθαλμσῦς
1479 3174 1546 3236 μου

327 3361 346 3420 5
363 3363 377 3416 Ι
394 3361 459 3416 Κοτ.
477 3363 501 3424 5,
518 3363 543 3416 4.
562 3389 596 3402 -
615 3360 655 3417 14
672 3362 735 3432 Vgl.
753 3361 767 3416 I
785 3361 848 3416 Xor.
867 3365 891 3430 5,
909 3365 934 3418 4.
957 3362 1029 3417 Ρεεί.
1040 3363 1082 3426 33,
1094 3365 1118 3418 8.
1137 3364 1222 3422 -12
1241 3363 1304 3433 Vgl.
1316 3364 1439 3434 Hermas,
1451 3367 1544 3422 Mand.

240 3447 279 3501 VI
298 3447 321 3500 2.
348 3446 489 3516 Origenes,
507 3445 611 3500 Comm.
629 3446 659 3501 in
675 3446 775 3500 Matth.
787 3445 851 3500 XIII
869 3447 903 3501 28
920 3447 995 3516 (tom.
1013 3447 1052 3500 ΠΙ
1069 3465 1095 3518 p.
1108 3448 1158 3504 260
1168 3464 1207 3516 sq.
1226 3448 1268 3503 ed.
1285 3449 1408 3519 Βοῶνα).
1436 3451 1469 3504 In
1480 3451 1543 3506 Ιιαα

240 3532 313 3587 hom.
331 3531 383 3586 XII
400 3549 427 3588 u.
445 3530 547 3586 XXXV
568 3530 681 3598 (tom.V
699 3549 725 3602 p.
743 3532 792 3586 127
810 3547 837 3584 u.
849 3530 900 3586 218
917 3531 958 3588 ed.
976 3531 1090 3600 Lomm.)
1107 3531 1164 3586 und
1187 3532 1258 3587 oben
1276 3533 1339 3604 Cap.
1352 3533 1391 3588 VI
1407 3535 1431 3600 4,
1450 3533 1476 3589 S.
1494 3537 1544 3591 314

240 3615 266 3672 Z.
285 3619 317 3672 15
326 3617 355 3673 ff.
374 3647 408 3656 —
424 3616 463 3674 25
480 3615 540 3672 δει..
553 3619 576 3680 1,
595 3617 635 3672 12.
653 3646 687 3656 -
703 3614 743 3671 29
758 3613 812 3670 δοε.
831 3617 854 3681 1,
873 3616 914 3670 15.

325 3811 341 3866 1
358 3795 410 3878 τῆς
426 3799 555 3879 ὑστέρως
572 3808 695 3863 schreibe
711 3808 764 3872 ich,
781 3811 832 3876 τῆς
853 3798 976 3876 ῦστερον
993 3805 1336 3879 Angl.(b0i1)e1.1929³)‚
1353 3813 1405 3879 τῆς
1423 3802 1545 3882 ῦστέρας

239 3895 369 3963 TAusgg.
385 3896 389 3961 Ι
405 3894 424 3949 9
443 3889 474 3949 έν
490 3892 535 3963 τῇ]
555 3891 644 3964 (τοῖς)
663 3888 694 3948 έν
710 3897 746 3962 τῇ
756 3892 839 3961 Angl.
853 3893 886 3960 (a
899 3909 924 3945 υ.
936 3891 977 3959 O.)
993 3893 997 3957 1
1015 3890 1051 3947 12
1070 3887 1117 3947 τίσ
1134 3893 1183 3946 Col
1192 3893 1277 3947 Lond.
1291 3896 1296 3961 Ι
1311 3895 1360 3950 καί
1377 3891 1465 3969 ἐπιδῷ
1481 3891 1544 3952 ἐαυ-

240 3973 292 4036 τόν
316 3973 429 4050 ἀγγέλῳ
451 3973 575 4048 διαβόλῳ
597 3977 720 4032 εαίπείίιε
743 3976 787 4030 ich
810 3975 862 4030 mit
879 3975 960 4044 Angl.
980 3975 1013 4042 (ε,
1027 3993 1051 4029 ε.
1064 3975 1118 4044 0.),
1140 3993 1192 4030 nur
1215 3977 1276 4030 dass
1294 3977 1383 4032 (IIeser
1400 3975 1545 4050 Διαβόλσυ

240 4066 309 4119 είαίί
326 4057 451 4135 διαβόλῳ
468 4061 541 4125 1ἰεεί;
563 4063 613 4116 καί
631 4057 677 4116 ἐπί
694 4055 728 4116 τό
748 4053 852 4116 ἐαυτοῦ
869 4053 1017 4130 ἀγγέλλων
1034 4053 1158 4133 διαβόλῳ
1175 4059 1233 4124 Ox„
1251 4063 1301 4116 καί
1318 4059 1366 4117 ἐπί
1381 4081 1422 4136 τῳ
1440 4058 1545 4120 ἑαυτὸν

240 4141 389 4219 ἀγγέλλων
407 4141 532 4220 διαβόλῳ
544 4146 637 4210 hond„
655 4147 705 4202 καί
721 4140 767 4200 ἐπί
784 4147 826 4218 τῷ
844 4138 949 4200 ἑαυτὸν
966 4137 1112 4214 ἀγγέλλων
1130 4140 1255 4216 διαβόλω
1272 4145 1295 4198 Τ
1312 4139 1417 4202 ἑαυτὸν
1433 4140 1544 4222 ἀγγέλῳ

241 4227 366 4305 διαβόλῳ
384 4233 506 4305 παραδῷ
526 4229 644 4284 (IolDeI.
659 4231 664 4298 Ι
682 4230 719 4286 18
738 4219 897 4298 ἁμαρτάνει
914 4229 964 4282 καί
981 4230 1054 4283 θεοῦ
1070 4235 1265 4301 καταφρονῶν
1281 4238 1448 4299 παρανομεῖ
1461 4230 1543 4288 TOx.

240 4316 324 4370 LoncI
349 4307 527 4386 ἁμαρτάνων
548 4319 716 4385 παρανομεῖ
734 4311 850 4368 CoIDel.
874 4312 879 4381 Ι
903 4311 941 4366 21
965 4305 1202 4383 ἐπισκοποῦντας]
1226 4309 1460 4370 ἐπισκοπούντων
1481 4315 1544 4370 lieet

241 4400 323 4470 Angl.
342 4400 399 4466 (bei
425 4399 485 4457 Del.
508 4399 622 4466 19291»)
649 4397 790 4452 νεέίίείοίεί
818 4396 931 4467 richtig‚
960 4396 1015 4465 νηί.
1042 4396 1113 4452 oben
1138 4397 1202 4468 Cap.
1221 4398 1259 4452 XI
1277 4401 1304 4462 5,
1332 4397 1357 4454 S.
1376 4400 1426 4454 324
1452 4399 1478 4454 2.
1499 4401 1516 4455 6
1538 4402 1541 4469 ί

239 4481 279 4538 24
295 4481 568 4555 πραγματευόμενοι
586 4481 709 4537 schreibo
725 4481 771 4535 ich
787 4482 840 4536 mit
856 4481 935 4536 BenI.
946 4479 1040 4550 Del.(I
1058 4481 1108 4538 269
1125 4485 1206 4537 Δυω.
1224 4481 1252 4552 g)
1270 4499 1296 4536 u.
1315 4482 1395 4552 Angl.
1409 4485 1443 4552 (ε,
1456 4501 1481 4538 ει
1493 4483 1543 4552 0.),

240 4563 530 4638 πραγματευόμενοις
548 4567 595 4638 [ιο]
619 4561 945 4639 Τπραγματευσμένοις
969 4563 1129 4635 CoIAusgg.
1153 4568 1158 4634 Ι
1181 4565 1219 4622 25
1247 4559 1312 4622 οὐδὲ
1337 4559 1396 4637 έάν]
1425 4561 1486 4624 οὐδ’
1507 4562 1545 4624 ἀν

240 4650 325 4707 hond.
342 4652 414 4705 nach
432 4653 458 4706 d.
475 4653 556 4707 LXX.
