3780 5532
618 480 718 534 ΚΑΤΑ
743 481 902 536 ΧΕΔΣΟΥ
924 481 981 538 vll
1002 481 1042 537 24.
1061 481 1101 535 25.
1119 483 1160 537 26.
1485 493 1542 554 177

240 637 284 731 ἣν
299 639 541 731 Χριστιανοὶ
564 649 628 712 νῦν
650 643 737 714 κατά
759 643 824 732 τὴν
839 640 960 734 Ἰησοῦ
983 649 1197 716 διδασκαλίαν
1216 643 1398 730 βούλονται
1421 675 1567 735 κατορ-Ι

240 749 342 824 θοῦν,
376 740 528 832 φήσομεν
560 737 615 814 ὅτι
644 739 727 816 σύτε
758 751 799 832 τῇ
826 743 940 834 κλήσει
967 751 1039 814 τῶν
1066 749 1182 816 ἐθνῶν
1208 739 1332 834 ἥρμοζε
1358 746 1446 818 κατὰ
1473 747 1544 820 τδν

241 848 445 924 Μωΰσέως
467 839 515 924 ῶς
536 839 624 929 πρὸς
645 846 687 914 τὸ
710 841 842 934 γράμμα
863 843 1103 915 πολιτεύεσθαι
1124 841 1261 934 νόμον,
1284 842 1351 916 ῦπὸ
1372 841 1545 933 Ῥωμαίοις

242 947 469 1032 τεταγμένων,
492 937 574 1012 ούτε
596 961 670 1024 τοῖς
691 939 796 1014 πύλαι
817 939 1021 1025 Ἰουδαίοις
1043 939 1118 1014 οίύν
1141 940 1171 1016 τ’
1188 936 1230 1032 ἦν
1252 943 1293 1016 τὸ
1315 943 1465 1035 σύστημα
1487 953 1547 1036 τῆς

208 1047 417 1124 σπολιτείας
448 1042 535 1129 ἔχειν
567 1038 805 1130 ἀκαθαίρετον,
836 1046 864 1112 εί
886 1039 964 1112 καθ’
987 1039 1152 1114 ύπόθεσιν
1179 1052 1221 1133 τῇ
1247 1043 1334 1116 κατὰ
1356 1043 1397 1116 τδ
1420 1041 1548 1137 εύαγγέ-

242 1152 318 1212 λιον
348 1148 504 1231 πολιτεία
535 1145 763 1213 ἐπείθοντο.
806 1139 973 1231 ἀναιρέσει
1002 1147 1063 1230 μὲν
1094 1142 1156 1231 γὰρ
1187 1151 1393 1230 πολεμίων
1424 1139 1444 1233 ἢ
1475 1155 1548 1218 τῶν

242 1239 335 1328 παρὰ
358 1241 431 1312 τὸν
452 1240 579 1329 νόμον
603 1238 847 1330 πεποιηκότων
868 1248 923 1312 καὶ
946 1239 1049 1328 ἀξίων
1070 1248 1263 1330 κριθέντων
1285 1249 1345 1333 τῆς
1367 1245 1421 1315 διὰ
1440 1245 1549 1334 πυρδς

243 1335 263 1430 ἢ
287 1348 399 1410 λίθων
422 1336 624 1427 ἀναιρέσεως
647 1337 706 1428 ούχ
729 1338 804 1412 οἶόν
826 1337 857 1411 τ’
873 1333 915 1430 ἦν
931 1348 968 1411 Χ
969 1342 1201 1429 ρι’στιανοῦς
1215 1349 1360 1432 χρῆσθαι
1374 1343 1461 1416 κατὰ
1476 1347 1548 1415 τὸν

244 1445 447 1521 Μωῦσέως
479 1436 616 1528 νόμον,
648 1445 676 1510 εί
702 1469 739 1528 γε
766 1437 842 1512 οὐδ’
866 1446 898 1512 οἱ
923 1437 1107 1512 Ἰουδαῖοι
1133 1449 1296 1526 θέλοντες
1321 1437 1395 1514 κατ’
1421 1447 1549 1516 ἐκεῖνον

193 1547 227 1601 10
245 1537 408 1610 δύνανται
440 1545 563 1623 ταῦτα,
593 1538 641 1623 ῶς
670 1537 689 1612 δ
716 1538 836 1630 νόμος
863 1547 1078 1628 προσέταξεν,
1106 1546 1280 1614 ἐπιτελεῖν.
1321 1541 1425 1615 πάλιν
1446 1572 1484 1614 τε
1506 1537 1548 1616 αὖ

245 1636 305 1708 ἐὰν
332 1635 451 1724 ἀνέλῃς
479 1635 547 1710 ἀπὸ
575 1647 648 1709 τῶν
675 1639 757 1712 τότε
783 1636 994 1723 Ἰουδαίων,
1022 1639 1173 1730 σύστημα
1194 1647 1282 1713 ’ίδιον
1303 1651 1474 1728 πολιτείας
1495 1651 1550 1715 καί

246 1737 357 1825 χώρας
392 1733 557 1825 ἐχόντων,
589 1737 629 1808 τὸ
667 1743 832 1825 ἐπεξιέναι
867 1759 954 1822 τοῖς
982 1749 1195 1829 πολεμίοις
1224 1749 1278 1811 καὶ
1308 1742 1550 1831 στρατεύεσθαι

247 1833 332 1924 ῦπὲρ
363 1844 436 1906 τῶν
466 1845 624 1926 πατρίων
657 1845 712 1908 καὶ
742 1836 892 1927 ἀναιρεῖν
921 1834 941 1928 ἢ
974 1834 1069 1922 ὅπως
1094 1847 1181 1911 ποτὲ
1202 1838 1357 1928 κολάζειν
1379 1843 1460 1926 τοῦς
1480 1873 1551 1933 μοι·

246 1934 430 2024 γεύσαντας
458 1931 478 2026 ἢ
501 1937 733 2022 φονεύσαντας
760 1935 780 2028 ἢ
803 1967 836 2008 τι
859 1947 932 2010 τῶν
950 1938 1122 2022 τοιούτοις
1142 1950 1390 2029 παραπλησίων
1411 1971 1551 2031 πεποιη-

162 2044 231 2098 175ν
249 2031 363 2118 κύτος,
380 2032 479 2106 οῦδὲν
493 2043 645 2108 λείπεται
660 2032 680 2126 ἢ
697 2035 737 2107 τὸ
753 2033 860 2126 ἀρδην
875 2035 997 2123 αύτούς
1014 2045 1016 2126 ]
1034 2035 1184 2125 ἀθρόους
1198 2037 1338 2128 ἀθρόως
1352 2037 1551 2126 ἀπολέσθαι,

250 2139 499 2224 ἐπιτιθεμένων
520 2143 602 2206 τῶν
625 2145 829 2226 πολεμίων
852 2145 903 2228 τῷ
923 2139 1026 2223 ἔθνει,
1049 2137 1097 2222 ῶς
1118 2137 1185 2210 ύπδ
1208 2146 1281 2211 τοῦ
1302 2144 1406 2212 ίδίου
1428 2138 1552 2231 νόμου

250 2239 552 2324 ἐκνενευρισμένων
580 2246 636 2306 καὶ
658 2242 886 2326 κωλυομένων
907 2234 1092 2325 ἀμύνεσθαι
1119 2237 1211 2322 τοὺς
1231 2249 1455 2329 πολεμίους.
1497 2249 1553 2312 καὶ

250 2333 294 2422 μὴ
317 2340 501 2422 βουλομένη
524 2363 560 2422 γε
584 2332 603 2424 ἡ
625 2333 730 2406 πάλαι
751 2343 812 2425 μὲν
839 2334 911 2406 τὸν
938 2334 1061 2425 νόμον
1083 2344 1245 2409 δεδωκυῖα
1265 2336 1411 2428 πρόνοια
1433 2347 1496 2412 νῦν
1517 2349 1552 2412 δὲ

251 2431 292 2504 τὸ
320 2429 441 2519 Ἰησοῦ
463 2439 617 2523 Χριστοῦ
647 2431 839 2524 εύαγγέλιον
868 2456 1004 2524 κρατεῖν
1031 2440 1080 2506 ἐτι
1103 2436 1145 2508 τά
1170 2433 1369 2510 Ἰουδαίων
1395 2450 1553 2513 καθεῖλεν

199 2548 233 2602 20
250 2529 366 2603 αύτῶν
398 2531 461 2622 τὴν
488 2530 591 2606 πόλιν
618 2541 674 2604 καὶ
700 2533 763 2606 τὸν
790 2533 874 2606 ναὸν
900 2544 956 2606 καὶ
979 2535 1042 2626 τὴν
1063 2537 1154 2626 παρὰ
1177 2545 1228 2628 τῷ
1252 2545 1323 2628 ναῷ
1346 2539 1399 2610 διά
1421 2549 1553 2612 θυσιῶν

250 2638 306 2702 καί
337 2638 398 2720 τῆς
427 2629 721 2722 ἀναγεγραμμένης
752 2643 906 2724 λατρείας
931 2645 1119 2725 θεραπείαν
1141 2644 1213 2708 τοῦ
1233 2645 1339 2710 θεοῦ.
1383 2633 1497 2729 ῶσπερ
1519 2637 1552 2710 δ’

251 2735 361 2802 ἐκεῖνα
388 2729 431 2818 μὴ
456 2739 643 2822 βουλομένη
673 2738 899 2805 ἐπιτελεῖσθαι
926 2739 976 2806 ἐτι
996 2745 1146 2822 καθεῖλε,
1174 2734 1237 2808 τὸν
1258 2734 1391 2824 τρόπον
1413 2737 1477 2810 τὸν
1499 2737 1553 2810 αύ-

252 2827 314 2900 τὸν
346 2829 389 2901 τὰ
411 2837 673 2920 Χριστιανῶν
703 2828 823 2922 ηύξησε
852 2841 907 2904 καὶ
938 2829 1094 2925 ὁσημέραι
1121 2839 1166 2918 είς
1191 2843 1326 2926 πλῆθος
1352 2833 1414 2928 ἤδη
1442 2845 1554 2911 δὲκαὶ

250 2931 442 3018 παῤῥησίαν
464 2935 655 3009 ἐπιδέδωκε,
677 2940 789 3003 καίτοι
804 2961 839 3021 γε
859 2949 862 3016 Ι
881 2942 1010 3022 μυρίων
1025 2929 1118 3006 ὅσων
1131 2934 1347 3024 κωλυμάτων
1361 2945 1554 3027 γενομένων
1575 2953 1626 3008 713

200 3027 338 3117 λυπρὸς
360 3028 400 3100 τό
422 3030 467 3119 μὴ
490 3035 715 3121 ἐπισπαρῆναι
736 3031 801 3120 τὴν
822 3029 941 3122 Ἰησοῦ
963 3041 1178 3106 διδασκαλίαν
1198 3043 1240 3124 τῇ
1257 3041 1443 3124 σίκουμένη.
1480 3035 1552 3109 ἀλλ’

251 3132 322 3199 ἐπεὶ
352 3128 447 3212 θεὸς
477 3122 520 3216 ἦν
551 3125 570 3201 δ
596 3127 800 3218 βουλόμενος
825 3142 881 3203 καὶ
908 3132 988 3216 τοῦς
1009 3130 1077 3204 ἀπὸ
1100 3143 1173 3205 τῶν
1195 3140 1310 3206 ἐθνῶν
1332 3133 1553 3226 ῶφεληθῆνιιι

252 3228 306 3299 διὰ
329 3235 389 3318 τῆς
411 3225 535 3318 Ἰησοῦ
557 3237 620 3301 τοῦ
636 3237 785 3316 Χριστοῦ
806 3236 1026 3316 διδασκαλίας,
1048 3239 1138 3304 πᾶσα
1159 3239 1219 3323 μὲν
1234 3232 1435 3323 ἀνθρωπίνη
1448 3237 1552 3326 βουλὴ

251 3327 339 3399 κατὰ
364 3336 623 3417 Χριστιανῶν
645 3335 835 3418 καθηρέθη,
864 3325 932 3421 ὅσω
956 3329 1018 3421 <δ>
1041 3330 1165 3416 αύτούς
1186 3333 1389 3404 ἐταπείνουν
1410 3344 1553 3419 βασιλεῖς

339 3516 378 3571 23
397 3515 458 3585 Vgl.
477 3515 618 3580 Eusebius,
637 3515 706 3569 Hist.
725 3515 788 3570 eccl.
807 3516 844 3570 VI
863 3520 903 3585 36,
923 3520 936 3570 1
955 3518 1011 3571 und
1029 3518 1061 3571 Κ.
1075 3519 1136 3572 Joh.
1152 3519 1303 3583 Nenmnmn,
1323 3519 1377 3574 Der
1393 3528 1460 3575 τὸω.
1477 3523 1555 3577 Stant

253 3618 278 3653 u.
298 3601 342 3654 die
361 3601 472 3670 allgem.
491 3600 590 3653 Kirche
607 3601 631 3652 S.
651 3601 701 3656 268
718 3605 797 3654 Anm.
816 3603 839 3655 2.

339 3769 358 3823 4
376 3767 769 3839 τεταγμένωνΜθθη-Αιιεμη.
779 3767 996 3837 τεταγμένοιςΔ
1012 3781 1015 3838 Ι
1031 3769 1153 3824 sshinter
1164 3776 1293 3838 τῶν-]-τι
1303 3773 1455 3840 Βο.(Νοίκε
1465 3793 1488 3844 p.
1495 3776 1556 3842 401)

253 3854 512 3922 vermutunguweise
528 3857 531 3923 Ι
547 3855 566 3910 θ
584 3849 647 3910 κατ’
665 3851 783 3921 ἐκεῖνον]
801 3847 864 3907 κατ’
883 3850 1000 3908 ἐκείνων
1018 3853 1081 3908 lieet
1098 3855 1145 3910 Bo.
1164 3856 1260 3924 (Notae
1277 3875 1304 3926 p.
1322 3857 1382 3922 401)
1407 3861 1410 3925 Ι
1434 3858 1469 3914 11
1490 3856 1556 3914 σύσ-

253 3939 339 4008 τημα]
360 3959 376 4006 η
394 3939 423 3991 in
441 3938 591 4006 Correotur,
610 3939 731 3994 darflber
749 3939 873 3992 RasurA
894 3939 897 4004 Ι
919 3939 957 3994 18
976 3931 1055 4004 δτιῶς
1070 3957 1142 3995 ποτε
1158 3945 1183 3995 A
1204 3942 1207 4008 Ι
1229 3941 1267 3996 14
1284 3945 1496 4014 παραπλησίων
1508 3962 1556 3998 aue

254 4025 472 4094 παραπλησίως,
491 4041 523 4076 w.
543 4041 565 4078 e.
585 4023 648 4086 ech„
668 4041 733 4078 corr.
752 4027 777 4077 A
792 4024 796 4092 Ι
814 4025 849 4078 17
875 4018 1132 4094 ἐκνενευρισμένων
1148 4027 1197 4080 καί
1213 4025 1413 4096 κωλυομένων]
1433 4025 1556 4084 ἐκνενευ-

255 4105 381 4180 ρισμένῳ
407 4109 455 4161 καί
477 4106 651 4182 καλουμένῳ
680 4107 744 4162 Ιίεεί
770 4109 816 4162 Βο.
835 4108 933 4177 (Notae
950 4126 978 4176 p.
996 4109 1056 4176 401]
1079 4109 1150 4164 ohne
1173 4110 1281 4177 Grund‚
1309 4110 1364 4180 vgl.
1383 4131 1405 4165 z.
1424 4113 1454 4164 B.
1473 4116 1557 4167 unten

255 4192 365 4259 V1128,
384 4191 409 4246 S.
429 4193 478 4247 178
497 4193 522 4246 Z.
541 4194 572 4246 21
590 4193 649 4261 {22
668 4188 868 4261 ἐπιτελεῖσθαι]
893 4188 937 4246 ἐπι
955 4210 1004 4246 aus
1026 4189 1066 4248 έτι
1084 4209 1150 4246 corr.
1169 4197 1194 4247 A
1209 4197 1213 4261 Ι
1228 4194 1268 4250 23
1286 4213 1322 4249 τα
1341 4195 1389 4264 [ευ]
1408 4197 1558 4264 ΑΙίιὶιιίιετ

255 4270 359 4346 ηῦξησε
375 4277 412 4330 ist
424 4277 565 4331 vielleicht
577 4275 656 4344 (μέν)
669 4277 840 4346 ausgefallen
856 4279 859 4344 Ι
875 4277 967 4330 hinter
984 4273 1125 4347 ὁσημέραι
1135 4285 1167 4342 -]-
1177 4272 1291 4344 αύξάνει
1301 4280 1348 4333 Βο.
1358 4280 1455 4348 (Notae
1463 4301 1488 4354 p.
1497 4283 1558 4351 401)

256 4379 515 4448 vermutungsweise
538 4381 543 4446 ]
566 4379 600 4434 27
626 4375 680 4446 μέν
697 4387 730 4436 <
748 4378 808 4431 Del.
832 4381 836 4438 Ι
861 4378 898 4433 28
923 4377 1084 4450 καθῃρέθη]
1103 4363 1235 4452 καθβέθη
1255 4380 1303 4450 [το]
1324 4366 1396 4436 κυιθη
1416 4401 1471 4438 von
1488 4385 1557 4454 1.]λ]

255 4479 290 4534 Η.
309 4479 359 4533 auf
374 4479 469 4543 Βεευτ,
488 4497 533 4532 κω
554 4479 633 4532 Rand
651 4485 716 4552 ὲγρ
734 4450 854 4550 καθηρθέ
873 4497 927 4534 von
944 4481 964 4532 I.
982 4479 1029 4542 H..
1052 4480 1123 4534 doch
1141 4482 1313 4551 expungiert,
1331 4485 1405 4537 wohl
1423 4485 1556 4540 naohdom

256 4565 301 4618 die
319 4564 451 4618 Varianbe
469 4564 498 4616 in
517 4564 570 4616 den
582 4562 651 4616 Text
670 4563 820 4632 eingesetzt
837 4581 901 4626 war,
920 4569 944 4618 A
960 4567 964 4632 ]
980 4558 1030 4634 (δ’)
1049 4565 1114 4634 fiige
1131 4565 1177 4619 ich
1189 4566 1236 4620 des
1249 4569 1489 4637 vorausgehenden
1506 4568 1560 4639 μἐν

256 4667 351 4718 wegen
370 4649 421 4712 ein,
440 4643 524 4719 (γὰρ)
542 4649 746 4718 MwmAusgg.

311 4733 426 4788 Origenes
440 4734 471 4778 II.
1320 4738 1353 4790 12
