3780 5532
583 527 682 582 ΚΑΤΑ
706 525 864 582 ΚΕΔΣΟΥ
886 525 960 582 vm
983 525 1025 582 22.
1042 525 1084 580 23.
1102 525 1143 580 24.
1161 525 1202 581 25.
1478 531 1538 592 241

238 692 275 760 ἐν
305 677 333 778 ᾧ
364 694 418 759 καί
445 686 533 777 πρὸς
559 687 600 760 τὸ
622 693 724 780 μηδὲν
746 690 831 760 εἶναι
858 691 1046 772 ,εἴδωλον
1068 691 1106 758 ἐν
1126 683 1264 777 κόσμῳ(
1286 683 1453 758 άπαντοῦν
1475 686 1540 776 τὴν

239 785 307 861 άπὸ
330 795 394 861 τοῦ
421 795 567 879 χρῆσθαι
594 809 667 872 τοῖς
688 787 933 871 εἰδωλοθύτοις
958 784 1087 875 βλάβην
1112 785 1361 872 κατεσκεύασεν,
1384 783 1540 859 άποδεικ-

240 889 299 972 νῦς
325 905 397 972 τοῖς
423 885 559 961 άκούειν
585 896 660 959 τῶν
682 891 750 959 ἐκεῖ
775 893 972 978 δυναμένοις
998 881 1053 958 ότι
1079 883 1221 970 πάντως
1247 883 1287 958 ού
1314 893 1450 974 φονέως
1477 907 1541 976 χει-

239 985 302 1077 ράν
333 1018 366 1059 τι
395 985 538 1076 πράττει
569 981 588 1058 ό
615 995 688 1058 τοῦν
715 985 959 1059 εἰδωλοθύτων
984 982 1260 1075 μεταλαμβάνων,
1288 983 1438 1070 άπολλῦς
1462 987 1543 1070 τοῦς

208 1084 349 1159 σαῦτοῦ
382 1083 562 1174 άδελφοῦς,
594 1083 635 1158 δι’
662 1082 722 1170 οῦς
747 1084 916 1177 ,Χριστός
942 1081 1123 1157 άπέθανε.((
1169 1093 1225 1156 καί
1251 1085 1334 1176 μετά
1366 1093 1470 1158 τοῦτο
1495 1117 1543 1158 τι-

156 1193 313 1271 1971οεὶς
348 1191 534 1274 δαιμονίοις
570 1185 715 1259 θύεσθαι
750 1185 793 1258 τά
829 1182 1002 1275 θυόίμενα,
1028 1191 1210 1275 παρίστησι
1240 1186 1445 1270 ,κοινωνούς
1470 1195 1544 1259 τῶν

165 1330 169 1337 -
242 1291 427 1376 δαιμονίων
461 1293 633 1376 γίνεσθαι(
660 1286 740 1369 τοῦς
767 1283 1085 1377 μεταλαμβάνοντας
1112 1289 1317 1374 ,δαιμονίων
1343 1293 1543 1375 τραπέζης((·

243 1394 421 1477 παρίστησί
442 1416 480 1458 τε
503 1381 557 1458 ότι
579 1383 749 1458 άδύνατόν
768 1390 838 1458 ἐστι
860 1386 924 1458 τὸν
943 1383 1049 1458 αύτόν
1063 1391 1251 1474 ,τραπέζης
1265 1392 1382 1472 κυρίου
1396 1392 1545 1474 μετέχειν

244 1494 299 1556 καὶ
322 1493 488 1575 τραπέζης
511 1482 739 1574 δαιμόνων(

195 1606 228 1661 10
328 1581 402 1657 ἄλλ’
424 1589 495 1656 ἐπεί
526 1580 608 1672 όλης
637 1583 828 1672 συντάξεως
857 1583 968 1674 χρῄζει
995 1583 1048 1656 διά
1070 1580 1241 1655 πλειόνων
1263 1580 1545 1677 άποδεικνυμένης

247 1680 367 1774 ἡπερί
389 1682 526 1754 τούτων
553 1691 598 1767 είς
624 1685 689 1775 τὴν
710 1683 794 1773 πρὸς
817 1691 1022 1772 Κορινθίους
1049 1683 1233 1774 ἐπιστολὴν
1256 1682 1410 1774 διήγησις,
1433 1682 1546 1774 άρκεσ-

246 1783 425 1874 θησόμεθα
451 1791 506 1854 καί
537 1804 609 1868 τοῖς
638 1781 689 1856 ἐπ’
715 1781 830 1872 ὀλίγον
852 1779 1124 1872 άποδεδομένοις·
1151 1786 1188 1853 έν
1210 1783 1260 1865 οἷς
1282 1791 1332 1874 τῷ
1355 1783 1547 1872 έζετάζοντι

246 1881 333 1955 αύτά
370 1903 525 1970 φανεῖται
560 1878 629 1968 ότι,
659 1879 723 1954 κάν
752 1888 872 1972 μηδὲν
905 1875 926 1970 ᾗ
960 1883 1006 1954 τά
1037 1887 1196 1967 εἴδωλα,
1227 1879 1328 1953 οῦδὲν
1358 1875 1465 1972 ἦττον
1491 1895 1547 1957 καί

248 1978 340 2056 οῦτω
357 1981 576 2056 δεινόνέστι
591 1982 632 2055 τό
650 1989 890 2072 κοινωνῆσαι
912 1989 982 2071 τῆς
1003 1989 1077 2054 τοῦν
1092 1981 1271 2052 εἰδώλων
1293 1993 1547 2068 πανθοινίας.

196 2107 229 2160 15
246 2089 372 2174 είρηται
395 2089 456 2172 μὲν
478 2075 542 2154 οῦν
564 2079 642 2172 ἡμῖν
663 2089 807 2170 μετρίως
829 2090 884 2152 καί
905 2087 952 2164 είς
974 2080 1025 2165 τὸ,
1047 2075 1111 2152 κάν
1133 2073 1196 2150 ὦσέ
1223 2109 1327 2162 τινες
1348 2089 1547 2170 δαίμονες,

248 2183 298 2264 οῖς
334 2182 376 2253 τά
402 2181 553 2271 θυόμενα
580 2181 714 2265 θύεται,
743 2180 787 2271 μὴ
817 2187 886 2251 δεῖν
912 2175 997 2269 ἡμᾶς
1026 2177 1145 2251 αύτιῦν
1174 2181 1439 2272 μεταλαμβάνειν
1467 2184 1549 2266 τοὺς

247 2286 488 2371 ἐπισταμένους
509 2281 678 2370 διαφοράν
699 2285 887 2369 ,τραπέζης
906 2287 1043 2367 κυρίου(
1064 2287 1120 2350 καὶ
1142 2287 1330 2371 ,τραπέζης
1344 2287 1548 2373 δαιμονίων(

247 2391 302 2453 καί
324 2381 378 2452 διά
400 2381 441 2452 τὸ
462 2385 662 2450 ἐπίστασθαι
683 2378 796 2451 πάντα
810 2386 871 2469 μὲν
884 2377 1114 2468 πράττοντας,
1137 2385 1192 2452 ἵνα
1214 2387 1399 2472 ,τραπέζης
1412 2390 1549 2472 κυρίου(

248 2478 299 2552 άεί
323 2486 525 2570 μετέχωμεν,
553 2487 656 2550 παντὶ
683 2486 718 2551 δὲ
740 2481 860 2569 τρόπῳ
883 2484 1173 2568 φυλαττομένους,
1196 2485 1251 2551 ἵνα
1272 2486 1356 2571 μηδέ
1376 2511 1462 2553 ποτε
1481 2511 1550 2553 κοι-

198 2603 233 2657 20
250 2588 356 2652 νωνοὶ
378 2584 584 2668 ,,τραπε’ζης((
606 2579 783 2669 γενοίμεθα
804 2587 878 2650 τῶν
900 2585 1134 2668 ,,δαιμονίων.((

332 2684 428 2749 XXV.
457 2675 543 2748 Ἐπεὶ
566 2683 604 2748 δέ
624 2702 726 2768 φησιν
747 2685 784 2750 έν
806 2677 942 2760 τούτοις
964 2674 984 2749 ό
1002 2683 1128 2762 Κέλσος
1151 2675 1205 2752 ότι
1226 2687 1290 2751 καὶ
1309 2684 1341 2752 οί
1364 2687 1552 2770 δαίμονές

251 2785 324 2850 εἰσι
346 2785 418 2850 τοῦ
439 2784 550 2863 θεοῦ,
571 2785 628 2850 καὶ
650 2777 703 2850 διὰ
726 2785 831 2850 τοῦτο
858 2783 1100 2850 πιστευτέον
1121 2784 1214 2850 ἐστίν
1236 2776 1352 2862 αῦτοῑς
1375 2787 1439 2850 καὶ
1460 2791 1552 2850 καλ-

251 2883 461 2968 λιερητέον
487 2877 589 2950 κατὰ
620 2878 766 2965 νόμους
796 2885 860 2948 καί
887 2871 1551 2968 προσευκτέον,1’ν’εύμενειςοῦσι,

252 2985 428 3051 διδακτέον
449 2984 504 3048 καί
526 2985 602 3066 περὶ
626 2976 753 3048 τούτου
775 2977 855 3060 τοῦς
875 2984 1099 3065 βουλομένους
1122 2971 1177 3048 ότι
1199 2972 1217 3048 δ
1240 2983 1311 3048 τοῦ
1332 2985 1430 3049 θεοῦ
1452 2977 1554 3068 λόγος

200 3099 233 3153 25
251 3075 352 3149 οῦδὲν
382 3085 455 3148 τῶν
490 3075 633 3163 φαύλων
663 3073 880 3166 άναχορεύειν
912 3076 1070 3161 βούλεται
1103 3083 1214 3166 κτῆμα
1243 3085 1340 3148 θεοῦ
1368 3075 1553 3166 τυγχάνειν,

252 3175 390 3264 ἀνάξιον
425 3173 510 3248 αύτό
544 3183 671 3263 κρίνων
706 3175 913 3265 τηλικούτου
941 3183 1069 3264 κυρίου.
1116 3175 1233 3264 διόπερ
1267 3173 1308 3248 ού
1339 3177 1465 3259 πάντες
1494 3183 1554 3265 μὲν

252 3274 435 3366 ἄνθρωποι
463 3283 722 3366 χρηματίζουσιν
755 3271 935 3363 ἄνθρωποι
971 3281 1080 3358 θεοῦ,
1110 3275 1208 3362 μόνοι
1239 3281 1275 3346 δὲ
1307 3279 1340 3346 οἱ
1368 3273 1455 3362 άξιοι
1484 3282 1555 3347 τοῦ

252 3383 360 3449 θεοῦ·
390 3371 510 3458 όποῑος
531 3367 574 3465 ἦν
593 3381 741 3464 Μωῦσῆς
761 3383 817 3444 καὶ
839 3370 957 3458 Ἠλίας,
979 3383 1035 3446 καὶ
1058 3379 1086 3445 εί
1107 3403 1158 3458 τις
1180 3371 1283 3459 ἄλλος
1304 3372 1555 3464 ἀναγέγραπται

253 3474 460 3562 ,ἄνθρωπος
481 3482 604 3547 θεοῦ(
626 3471 646 3564 ἢ
668 3471 904 3565 παραπλήσιός
925 3479 996 3545 ἐστι
1011 3493 1083 3557 τοῖς
1098 3470 1406 3564 άναχεχραμμένοις.
1442 3469 1556 3556 οὕτως

203 3596 237 3650 30
254 3581 289 3646 δὲ
319 3585 374 3646 καὶ
404 3572 445 3645 ού
478 3573 605 3659 πάντες
635 3571 769 3663 άχχελοι
805 3569 979 3662 ,άχχελοι((
1007 3580 1164 3663 λέγονται
1193 3576 1277 3645 εἶναι
1307 3581 1405 3660 ,τοῦ
1432 3579 1556 3645 θεοῦ(

254 3672 339 3746 ἀλλὰ
369 3671 468 3764 μόνοι
498 3677 530 3747 οί
557 3673 727 3764 μακάριοι,
760 3678 792 3744 οἱ
819 3670 851 3744 δ’
875 3677 1098 3762 ἐκτραπέντες
1119 3677 1174 3744 ἐπί
1196 3673 1260 3763 τὴν
1282 3680 1403 3745 κακίαν
1425 3669 1557 3763 άχχελοι

255 3782 318 3847 τοῦ
348 3771 507 3860 διαβόλου
536 3770 774 3863 ὀνομάζονται,
806 3767 921 3862 ιόσπερ
952 3775 984 3843 οί
1016 3779 1140 3860 φαῦλοι
1167 3771 1349 3862 άνθρωποι
1372 3768 1556 3859 άνθρωποι

339 3981 358 4036 0
375 3979 439 4047 Vgl.
457 3980 470 4034 I
488 3978 550 4033 Kor.
570 3981 609 4039 10,
628 3979 668 4034 20.
687 3980 727 4032 21.
746 4008 779 4017 -
799 3979 836 4034 10
855 3977 917 4046 Vgl.
931 3979 942 4032 I
956 3977 1019 4032 Kor.
1033 3979 1074 4044 10,
1086 3979 1127 4033 20.
1140 3977 1181 4032 21.
1199 4007 1232 4016 -
1250 3977 1288 4034 27
1309 3977 1520 4047 vgl.1>eut.33‚
1534 3979 1556 4030 1.

255 4095 287 4102 -
306 4065 345 4119 20
364 4063 427 4134 Vgl.
445 4064 471 4117 II
490 4063 558 4117 Κὸυ.
577 4067 600 4127 1,
619 4065 659 4118 10.
677 4093 710 4102 -
728 4063 768 4119 00
786 4062 849 4132 vgl.
861 4063 961 4117 Massth.
973 4064 1014 4127 22,
1032 4064 1072 4119 30.
1096 4061 1163 4116 Luk.
1177 4063 1217 4126 12,
1230 4062 1254 4116 8.
1272 4093 1305 4102 —
1323 4063 1360 4118 01
1381 4059 1443 4131 Vgl.
1457 4061 1557 4116 Matth.

255 4150 295 4212 25,
313 4150 355 4203 41.
373 4178 407 4188 -
425 4148 463 4203 02
484 4145 545 4217 Vgl.
564 4146 614 4200 Sir.
626 4151 667 4210 11,
684 4149 725 4202 32.
752 4149 785 4204 35
798 4148 859 4215 (32),
873 4151 904 4202 17
919 4147 960 4217 [2].

339 4351 356 4405 0
378 4347 544 4416 δυναμένοις
566 4349 822 4418 P¹⁰⁰rr·MAusgg.
844 4347 1007 4417 δυναμένων
1023 4351 1048 4402 A
1072 4349 1076 4416 Ι
1102 4341 1136 4402 ού
1162 4344 1275 4416 φονέως
1295 4346 1418 4400 schreibe
1439 4346 1485 4400 ich
1507 4345 1559 4401 mit

256 4434 458 4497 Gundermann‚
476 4435 525 4488 καί
543 4432 654 4503 φονέως
671 4434 806 4503 MAusgg.
825 4430 938 4502 φονέως
955 4432 1077 4487 PV⁰⁰¹¹·
1097 4421 1115 4488 δ’
1133 4428 1244 4502 φονέως
1256 4434 1281 4485 A
1296 4433 1300 4499 1
1315 4431 1334 4487 5
1352 4424 1441 4486 αῦτοῦ
1457 4433 1558 4501 Ausgg.

257 4512 346 4574 αύτοῦ
357 4522 380 4572 A
396 4521 400 4587 Ι
416 4519 435 4573 0
452 4518 510 4586 καί]
529 4516 539 4572 ἰ
557 4517 690 4584 verklebt,
707 4518 774 4572 aber
785 4519 856 4572 noch
868 4517 1022 4573 erkennbar
1034 4521 1058 4572 A
1072 4517 1077 4588 1
1094 4517 1132 4572 10
1149 4509 1189 4584 μὴ
1207 4517 1263 4570 δεῖν
1274 4515 1298 4568 Α
1310 4515 1396 4585 μηδὲν
1405 4516 1430 4568 M
1437 4519 1538 4586 Ausgg.
1554 4516 1557 4586 ί

257 4605 293 4659 11
313 4603 405 4658 hinter
421 4602 522 4674 κυρίου
533 4609 566 4667 -1-
578 4595 623 4658 del
639 4600 810 4672 μετέχωμεν,
828 4602 898 4657 doch
915 4602 1084 4674 expungiert‚
1103 4603 1128 4655 A
1142 4602 1146 4669 Ι
1162 4599 1200 4656 21
1220 4617 1289 4670 φησι
1307 4603 1332 4654 A
1346 4603 1351 4670 Ι
1367 4602 1406 4657 20
1426 4593 1518 4666 οῦτως
1535 4601 1559 4654 Α

258 4680 333 4742 οἵτω
351 4688 480 4756 PAusgg.
496 4687 500 4755 Ι
517 4687 554 4742 01
575 4681 600 4740 δ’
619 4687 646 4740 A
664 4684 693 4741 δὲ
710 4689 811 4757 Aungg.

295 4771 412 4827 Origenes
427 4771 458 4816 11.
1318 4769 1351 4824 16
