3756 5514
386 513 426 574 46
927 505 1151 561 σοιντσοτκ

386 665 429 738 τά
459 662 533 737 κατ’
555 662 678 750 αὐτοῦς
708 674 881 756 ουγκρίνοι
911 675 954 756 τῇ
983 673 1046 740 νῦν
1072 665 1187 758 ἀγωγῇ
1218 677 1291 741 τῶν
1321 673 1455 739 λοιπῶν
1484 672 1610 752 ἐθνῶν,
1637 664 1695 738 οῦ-

387 773 485 848 δένας
518 772 649 854 μᾶλλον
685 761 728 838 άν
763 765 933 855 θαυμάσαι
963 765 1011 852 ῶς
1041 773 1078 840 ἐν
1108 765 1309 858 ἀνθρώποις
1337 764 1453 838 πάντα
1483 773 1543 856 μὲν
1574 765 1617 838 τά
1647 766 1694 856 μὴ

319 885 371 938 271Γ
384 863 527 956 χρήσιμα
560 871 611 955 τῷ
642 873 728 954 γένει
758 875 832 938 τῶν
858 864 1060 955 ἀνθρώπων
1085 873 1349 958 περιηρημένους
1376 871 1380 956 Ι
1407 862 1495 956 μόνα
1518 871 1553 938 δὲ
1575 865 1618 938 τά
1640 862 1694 938 εῦ-

385 987 513 1054 χρηστα
542 971 840 1056 παραδεξαμένους.
882 965 935 1038 διὸ
966 964 1041 1039 οὐδ’
1063 965 1192 1057 ἀγῶνες
1222 959 1307 1058 ἦσαν
1332 959 1533 1088 γυμνικοὶ“
1512 995 1533 1056 η
1560 975 1695 1055 θυμελι-

352 1059 489 1136 5κοὶ”
470 1092 490 1154 η
522 1069 655 1136 ἱππικοὶ
686 1061 766 1154 παρ’
788 1061 919 1150 αῦτοῖς,
951 1063 1028 1138 οῦδὲ
1055 1087 1208 1154 γυναῖκες
1233 1063 1481 1156 πιπράσκουσαι
1507 1065 1572 1155 τὴν
1598 1060 1694 1156 ῶραν

386 1174 488 1236 παντὶ
519 1170 571 1254 τῶ
602 1171 796 1255 βουλομένῳ
830 1171 977 1254 σπείρειν
1006 1172 1115 1251 κενῶς
1144 1175 1201 1239 καὶ
1227 1171 1357 1255 ίζνυβρί
1340 1177 1407 1253 ζειν
1433 1171 1477 1253 τῇ
1500 1163 1598 1252 φύσει
1619 1173 1693 1236 τῶν

385 1261 621 1353 ἀνθρωπίνων
643 1261 856 1353 σπερμάτων.

469 1358 592 1434 ὁποῖον
614 1354 681 1432 δ’
664 1390 705 1450 ην
727 1358 806 1451 παρ’
828 1361 945 1446 αῦτοῖς
966 1362 1007 1435 τὸ
1029 1367 1102 1452 έξ”
1086 1393 1137 1436 ετι
1159 1359 1303 1436 ἀπαλῶν
1325 1359 1459 1453 ὀνύχων
1478 1360 1693 1434 διδάσκεσθαι

385 1457 662 1550 ῦπεραναβαίνειν
690 1469 752 1552 μὲν
781 1469 894 1534 πᾶσαν
925 1462 989 1552 τὴν
1016 1463 1185 1553 αἰσθητὴν
1212 1462 1314 1551 φῦσιν
1339 1473 1396 1535 καὶ
1416 1467 1569 1553 μηδαμοῦ
1591 1457 1694 1550 αδτῆς

336 1581 369 1636 10
387 1571 534 1652 νομίζειν
559 1564 716 1652 ἱδρῦσθαι
738 1559 801 1633 τὸν
823 1559 918 1646 θεὸν,
940 1558 1013 1634 ἀνω
1037 1569 1072 1636 δὲ
1093 1570 1149 1632 καὶ
1169 1559 1255 1652 ῦπὲρ
1277 1562 1320 1634 τά
1342 1562 1482 1652 στόματα
1504 1573 1617 1650 ζητεῖν
1638 1559 1694 1633 αῦ-

387 1659 465 1746 τόν;
494 1667 641 1751 πηλίκον
666 1666 702 1732 δὲ
728 1659 770 1732 τὸ
796 1659 914 1749 σχεδὸν
939 1654 1007 1750 ῦμα
1028 1668 1150 1751 γενέσει
1171 1670 1228 1732 καὶ
1250 1661 1485 1752 συμπληρώσει
1507 1667 1571 1732 τοῦ
1592 1657 1696 1749 λόγου

388 1758 603 1832 διδάσκεσθαι
633 1759 759 1846 αῦτοῦς
790 1760 854 1850 τὴν
884 1767 946 1850 τῆς
975 1767 1085 1850 ψυχῆς
1111 1757 1302 1832 ἀθανασίαν
1327 1769 1382 1832 καὶ
1409 1759 1452 1832 τά
1473 1757 1542 1831 ῦπό
1564 1766 1627 1850 γῆν
1648 1765 1695 1830 δι-

386 1857 577 1950 καιωτὴρια
606 1867 661 1931 καὶ
695 1858 757 1944 τὰς
786 1857 884 1950 τιμάς
915 1867 989 1931 τῶν
1015 1867 1129 1943 καλῶς
1154 1857 1388 1944 βεβιωκότων;
1418 1853 1503 1947 άπερ
1526 1863 1576 1930 ἔτι
1597 1870 1695 1948 μυθι-

387 1960 542 2050 κῶτερον
563 1967 624 2050 μὲν
644 1970 740 2032 παισὶ
761 1965 816 2030 καὶ
839 1957 882 2030 τὰ
903 1965 1039 2030 παίδων
1060 1965 1246 2047 φρονοῦσιν
1267 1955 1385 2043 αῦτοῖς
1399 1957 1609 2050 έκηρῦσσετο,
1632 1953 1696 2048 ἤδη

337 2081 369 2133 15
388 2065 423 2130 δὲ
446 2067 583 2150 ζητοῦσι
608 2059 672 2132 τὸν
698 2055 803 2146 λόγον
828 2065 884 2130 καὶ
909 2063 1128 2146 βουλομένοις
1149 2061 1186 2130 ἐν
1204 2055 1302 2149 αῦτῶ
1323 2054 1533 2145 προκόπτειν
1555 2061 1588 2130 ολ
1610 2062 1697 2140 τέως

387 2165 500 2248 μῦθοι,
524 2155 566 2230 ἵν’
582 2153 697 2242 οῦτως
719 2155 885 2248 ὀνομάσω,
907 2165 1186 2247 μετεμορφοῦντο
1209 2161 1255 2240 εἰς
1277 2156 1340 2247 τὴν
1358 2161 1696 2246 ἐναποκεκρυμμένην

388 2255 504 2342 αῦτοῖς
526 2255 700 2348 ἀλήθειαν.
743 2259 810 2346 έγῶ
837 2261 873 2328 δὲ
900 2265 1026 2344 νομίζω
1053 2254 1157 2344 ἀξίως
1179 2287 1243 2330 του
1228 2265 1478 2346 ’χρηματίζειν
1499 2252 1622 2339 αὐτοῦς
1642 2285 1697 2346 με·

389 2363 464 2448 ρίδα
490 2364 575 2429 θεοῦ
600 2355 710 2446 πάσης
735 2363 796 2446 μέν
817 2355 1026 2445 μαντείας“
997 2387 1046 2440 ως
1066 2355 1178 2447 μάτην
1199 2355 1364 2446 κηλοῦοης
1386 2354 1467 2438 τοῦς
1489 2351 1697 2443 ἀνθρώποις

388 2462 734 2546 καταπεφρονηκέναι,
756 2451 855 2526 κα1’
834 2453 903 2526 απὸ
926 2453 1099 2545 δαιμόνων
1119 2463 1308 2546 μοχθηρῶν
1329 2461 1461 2544 μᾶλλον
1481 2447 1503 2542 ἢ
1519 2449 1587 2524 ἀπό
1603 2481 1697 2536 τινος

337 2575 371 2630 20
388 2561 588 2643 κρείττονος
610 2553 741 2642 φάσεως
763 2558 955 2643 ἐρχομένης,
978 2564 1089 2644 ζητεῖν
1110 2561 1146 2626 δε
1168 2555 1233 2644 τὴν
1254 2563 1328 2628 τῶν
1348 2549 1549 2644 μελλόντων
1571 2559 1697 2672 γνῶσιν

389 2659 425 2725 ἐν
451 2671 586 2743 ψυχαῖς,
610 2647 700 2722 dl*
679 2680 787 2741 ακραν
817 2649 1041 2742 καθαρότητα
1070 2659 1357 2743 παραδεξαμέναις
1386 2659 1518 2742 πνεῦμα
1548 2658 1610 2724 τοῦ
1640 2657 1696 2723 ἐπί

387 2760 470 2826 πᾶσι
490 2759 583 2824 θεοῦ.

472 2873 581 2939 XLIII.
627 2865 669 2937 Τὸ
697 2873 732 2938 δέ
758 2865 803 2956 μὴ
829 2871 951 2953 ἐξεῖναι
977 2867 1149 2940 δουλεύειν
1175 2866 1239 2939 τὸν
1261 2865 1329 2940 ἀπὸ
1352 2876 1425 2940 τῶν
1447 2865 1565 2940 αῦτῶν
1586 2862 1695 2956 ὁρμῶ-

389 2996 492 3056 μενον
523 2964 706 3055 δογμάτων
735 2977 854 3037 πλεῖον
882 2971 973 3038 έτῶν
1005 2970 1039 3053 ἓξ
1068 2975 1144 3049 πῶς
1174 2970 1245 3039 ἐστι
1271 2973 1508 3057 λελογισμένον
1533 2975 1588 3038 καί
1613 2961 1698 3037 οῦτε

339 3085 372 3140 25
391 3065 453 3138 τὸν
480 3062 648 3156 δεσπότην
674 3062 757 3137 οῦτε
783 3063 847 3136 τὸν
868 3069 994 3137 δοῦλον
1016 3062 1165 3152 ἀδικοῦν,
1193 3073 1227 3136 τί
1246 3065 1309 3156 χρὴ
1332 3073 1454 3154 λέγειν,
1480 3063 1521 3137 οῦ
1544 3063 1696 3137 κατὰτὰ

389 3164 476 3238 αὐτὰ
502 3157 567 3237 οῦν
594 3183 667 3248 τοῖς
699 3175 831 3246 λοιποῖς
862 3168 975 3236 ἔθνεσι
1005 3171 1311 3253 περιστέλλοιεν
1343 3159 1386 3236 άν
1416 3161 1597 3236 Ἰουδαῖοι
1623 3161 1696 3236 τὸν

391 3271 497 3338 ἴδιον
518 3261 653 3354 νόμον.
695 3261 875 3352 μεμπτὸν
897 3261 960 3353 γάρ
982 3268 1075 3336 ἐστιν
1096 3261 1211 3348 αὐτοῖς
1232 3270 1288 3335 καὶ
1309 3261 1529 3351 ἀναισθησίας
1549 3265 1697 3352 ἔγκλημα

390 3363 519 3454 ἐπάγον
551 3370 612 3453 τῆς
639 3371 716 3452 περὶ
747 3369 808 3453 τῆς
837 3371 912 3434 τῶν
947 3359 1082 3452 νόμων
1112 3361 1292 3453 ῦπεροχης,
1322 3369 1351 3435 εί
1377 3369 1545 3452 νομίζοιεν
1573 3358 1697 3444 αῦτοῦς

391 3461 518 3554 ὁμοίως
539 3482 612 3546 τοῖς
633 3458 772 3545 ἀλλοις
794 3460 983 3552 γεγράφθαι
1004 3480 1076 3545 τοῖς
1097 3461 1184 3534 κατὰ
1206 3462 1249 3534 τὰ
1272 3466 1364 3552 ἔθνη.
1399 3457 1463 3533 κάν
1477 3459 1521 3552 μὴ
1536 3458 1697 3550 βούληται

339 3579 373 3636 30
391 3571 427 3637 δὲ
450 3569 591 3650 Κέλσος,
618 3557 858 3650 σοφῶτερόν
885 3589 922 3632 τι
950 3567 1032 3633 εἰσὶν
1053 3558 1207 3644 εἰδότες
1227 3556 1410 3634 Ἰουδαῖοι
1432 3557 1473 3633 οῦ
1493 3555 1602 3648 μόνον
1621 3567 1696 3630 τῶν

476 3751 494 3807 ῦ
517 3749 579 3819 Vgl.
597 3749 660 3803 Lev.
680 3749 720 3810 19,
738 3747 779 3802 29.
803 3745 883 3802 Dent.
901 3749 943 3812 23,
962 3751 1001 3802 17.
1021 3747 1061 3802 10.
1087 3777 1120 3788 -
1147 3749 1165 3804 8
1188 3745 1251 3817 Vgl.
1271 3747 1373 3818 Corpus
1394 3746 1574 3817 paroemiogr.
1593 3762 1633 3815 gr.
1652 3745 1695 3800 ed.

391 3835 507 3890 Leutsoh
525 3837 553 3888 et
570 3832 760 3890 Schneidewin
777 3835 843 3888 tom.
862 3833 1002 3902 1111400,
1020 3833 1061 3888 20.
1079 3863 1112 3872 -
1130 3833 1166 3888 12
1187 3831 1247 3901 vgl.
1265 3830 1369 3884 Weish.
1387 3831 1441 3885 Sal.
1455 3835 1478 3890 1.
1497 3835 1537 3886 15.
1561 3833 1586 3892 3,
1605 3831 1696 3884 1,-19.

392 3923 432 3983 15,
450 3921 474 3974 3.
497 3949 520 3958 -
552 3917 615 3988 vgl.
633 3917 722 3980 Plato,
740 3917 841 3971 Phadr.
858 3917 922 3988 Cap.
940 3915 1030 3971 XXIX
1047 3935 1072 3987 p.
1090 3917 1141 3972 249
1153 3919 1185 3970 A.
1208 3947 1242 3956 -
1262 3915 1296 3972 17
1323 3915 1384 3984 vgl.
1402 3915 1480 3970 DeuI
1498 3915 1540 3982 32,
1558 3916 1582 3969 9.
1600 3943 1633 3954 -
1656 3913 1697 3970 28

391 4004 453 4074 Vgl.
472 4001 660 4070 1111011212.
683 4001 763 4058 θοαί.
783 4003 823 4069 15,
843 4001 883 4056 12.
903 3999 1002 4055 Jerem.
1020 4005 1062 4068 41,
1082 4004 1122 4055 14.

476 4145 629 4222 θάγῶνες]
648 4151 783 4206 zwischen
806 4171 824 4222 γ
840 4169 866 4205 u.
885 4156 909 4204 τῦ
927 4151 1015 4204 Βεευι
1031 4167 1057 4205 u.
1076 4149 1164 4205 Raum
1182 4149 1447 4209 11112-31311111111..
1466 4148 1557 4203 hinter
1574 4167 1591 4201 ν
1608 4147 1696 4202 11111111

391 4239 468 4292 1011
487 4237 606 4300 Buehnt„
624 4253 638 4290 ε
656 4235 849 4290 1111111111
873 4239 877 4301 Ι
901 4237 1051 4303 θνμελικολ
1069 4237 1170 4304 Ausgg.
1189 4237 1338 4302 θεμελικοῖ
1357 4235 1382 4288 Α
1405 4237 1409 4303 1
1433 4235 1447 4290 λ
1470 4227 1627 4304 σπερμάτια
1645 4237 1670 4286 A
1692 4238 1694 4255 ¹

391 4323 410 4378 0
428 4313 702 4390 ῦπεραναναβαίνειν
720 4321 743 4373 Α
767 4323 771 4386 Ι
798 4319 835 4375 10
858 4315 992 4391 ἱδρῦσθαι
1012 4321 1142 4388 AAusgg.
1163 4323 1167 4387 Ι
1189 4319 1227 4374 18
1250 4313 1299 4388 ἔτι]
1319 4313 1371 4388 ἔθη
1389 4319 1526 4372 vermutet
1543 4316 1624 4371 Guiet
1642 4315 1697 4384 (bei

391 4405 449 4461 Del.
465 4407 477 4459 Ι
495 4405 547 4461 610
564 4407 644 4458 Anm.
662 4406 688 4472 a)
706 4405 845 4474 unrichtig
868 4405 872 4470 Ι
898 4402 936 4459 15
962 4399 1150 4473 προκόπτειν]
1174 4404 1309 4458 zwiseben
1328 4421 1344 4458 ο
1363 4419 1389 4456 u.
1408 4421 1426 4457 κ
1443 4402 1487 4456 ein
1505 4401 1616 4456 Buchst.
1635 4418 1697 4454 aus·

390 4491 494 4545 radim
511 4491 533 4544 A
549 4489 555 4558 Ι
572 4489 608 4546 l?
628 4505 676 4542 vor
694 4481 792 4553 αὐτοῖς
811 4491 840 4554 -Ι-
859 4482 890 4541 έν
908 4487 1043 4556 MAusgg.
1060 4491 1064 4556 Ι
1080 4489 1119 4546 18
1136 4485 1191 4556 μὲν
1208 4491 1239 4550 Α,
1257 4485 1357 4558 Ησὸφ.
1376 4505 1420 4540 am
1439 4485 1532 4550 Rand;
1550 4505 1582 4556 γε
1599 4487 1695 4540 Mm-

390 4579 492 4646 Ausgg.
510 4576 550 4628 im
566 4575 636 4628 'I'ext
657 4575 661 4642 Ι
684 4573 723 4628 28
749 4567 859 4642 ίπάγον
875 4571 1185 4642 1⁰0³·M00r11usgg.
1209 4567 1332 4642 ἐπάγων,
1359 4571 1429 4626 doeh
1457 4589 1473 4625 ο
1501 4571 1569 4626 fiber
1595 4591 1618 4625 ω
1645 4570 1699 4625 mit

390 4659 508 4715 hellerer
525 4661 605 4715 Tinte
623 4657 803 4726 fibergeschr..
823 4659 854 4712 A.
