3790 5526
597 531 1127 593 11112111111120111111.12.13.
1255 537 1256 548 ¹
1477 539 1522 603 Δ83

220 701 263 782 τῆ
293 700 366 764 τῶν
397 698 500 764 εἰδῶν
524 703 643 786 σοφίᾳ
668 702 711 784 τῇ
737 703 823 784 καλῇ
850 695 956 784 ταύτῃ
983 702 1068 785 φημὶ
1094 697 1161 786 ἐγὼ
1187 703 1307 785 καίπερ
1335 699 1445 784 γέρων
1472 689 1523 766 ἀν

218 798 377 880 προσδεῖν
409 800 551 879 σοφίας
577 799 637 884 τῆς
663 801 739 882 περὶ
766 794 846 878 τοὺς
871 795 1042 886 πονηροὺς
1068 802 1122 867 καί
1152 791 1288 878 ἀδίκους
1315 800 1523 884 φυλακτικῆς

219 899 275 962 καί
301 920 394 976 τινος
421 886 606 982 ἀμυντικῆς
633 892 810 984 δυνάμεως.
838 891 985 983 1ἀιπειροι
1011 892 1074 984 γάρ
1099 901 1161 966 είσι
1188 893 1242 966 δεδι
1265 892 1305 965 τὸ
1327 890 1403 983 μεθ’
1426 890 1523 985 ἡμῶν

218 998 368 1080 μετρίων
393 986 511 1064 ὄντων
533 999 590 1064 καί
615 990 657 1064 οῦ
682 1001 799 1065 κακῶν
825 992 949 1082 συχνὸν
970 1000 1220 1083 διατετριφέναι
1249 999 1312 1065 τοῦ
1340 1001 1426 1078 βίου·
1469 991 1522 1064 διὸ

186 1089 260 1179 5δὴ
282 1089 418 1164 τούτων
439 1097 598 1181 προσδεῖν
624 1094 729 1176 εἶπον,
756 1096 812 1164 ίνα
838 1093 882 1183 μῆ
909 1090 1168 1182 ἀναγκάζωνται
1194 1100 1254 1184 τῆς
1277 1087 1443 1182 ἀληθινῆς
1462 1098 1524 1182 μὲν

220 1183 353 1278 ἀμελεῖν
375 1198 526 1278 σοφίας,
550 1197 610 1281 τῆς
632 1189 661 1262 δ’
675 1188 939 1282 ἀνθρωπίνης
961 1222 998 1265 τε
1020 1201 1075 1265 καὶ
1098 1189 1279 1282 ἀναγκαίας
1294 1197 1523 1281 ἐπιμελεῖσθαι

219 1286 380 1379 μειζόνως
401 1284 421 1380 ἢ
444 1293 522 1360 δεῑ.“

302 1407 387 1475 XIII.
423 1402 555 1477 Οὐκοῦν
581 1406 668 1478 κατὰ
695 1414 803 1478 ταῦτα
828 1405 848 1498 ἡ
874 1417 935 1497 μέν
962 1437 1013 1492 τις
1044 1417 1133 1481 θεία
1163 1413 1282 1496 σοφία
1308 1410 1410 1492 ἐστὶν,
1434 1401 1462 1501 ἡ
1495 1401 1525 1478 δ’

220 1501 469 1595 ἀνθρωπίνη.
512 1513 566 1578 καὶ
589 1501 609 1596 ἦ
631 1512 691 1596 μὲν
718 1503 956 1598 ἀνθρωπίνη
984 1514 1076 1582 ἐστὶν
1099 1504 1120 1598 ἡ
1144 1503 1224 1579 καθ’
1250 1502 1335 1597 ἡμᾶς
1361 1513 1523 1597 λεγομένη
1595 1580 1598 1586 ,

170 1616 203 1671 10
220 1611 362 1690 ,σοφία
388 1611 450 1677 τοῦ
475 1602 633 1695 κόσμουίί,
661 1600 735 1698 ἥτις
762 1611 831 1680 έστὶ
852 1615 983 1698 ,μωρία
1005 1607 1096 1698 παρὰ
1118 1615 1169 1699 τῷ
1192 1615 1300 1699 θεῷίί·
1334 1602 1412 1696 ἡδὲ
1433 1612 1524 1678 θεία

220 1707 276 1774 καί
302 1703 400 1792 ἑτέρα
424 1703 515 1792 παρὰ
542 1704 606 1794 τῆν
634 1700 911 1797 ἀνθρωπίνην,
942 1712 1033 1796 εἴπερ
1060 1712 1131 1779 ἐστὶ
1161 1713 1265 1790 θεία,
1296 1703 1408 1796 χάριτι
1440 1712 1525 1778 θεοῦ

221 1808 436 1892 δωρουμένου
462 1799 569 1892 αῦτὴν
595 1823 667 1887 τοϊς
693 1805 832 1889 ἑαυτοὺς
858 1809 1066 1896 ἐπιτηδείους
1092 1803 1178 1894 πρὸς
1200 1805 1398 1896 παραδοχὴν
1419 1803 1524 1896 αῦτῆς

220 1899 484 1974 κατασκευάσασι
504 1910 735 1991 παραγίνεται,
762 1911 817 1974 καί
843 1901 987 1993 μάλιστα
1012 1922 1086 1987 τοῖς
1112 1909 1149 1977 ἐκ
1171 1910 1234 1976 τοῦ
1256 1908 1438 1992 ἐγνωκέναι
1461 1905 1525 1995 τῆν

221 2000 389 2090 διαφορὰν
422 2001 580 2090 ἑκατέρας
616 2011 758 2090 σοφίας
787 2003 874 2091 πρὸς
903 2003 968 2092 τῆν
998 2005 1117 2092 ἑτέραν
1146 2006 1183 2075 ὲν
1219 2019 1292 2085 ταῖς
1325 2003 1411 2094 πρὸς
1439 2005 1524 2077 θεὸν

171 2119 203 2173 15
220 2098 342 2189 εῦχαις·
355 2107 498 2188 λέγουσι·
537 2097 622 2186 ,κάν
648 2099 711 2191 γάρ
733 2132 785 2186 τις
806 2109 932 2185 τέλειος
957 2108 995 2176 έν
1021 2107 1105 2185 υίοις
1132 2098 1341 2191 ἀνθρώπων,
1369 2109 1429 2193 τῆς
1456 2099 1524 2175 ἀπὸ

221 2206 282 2272 σοῦ
308 2208 449 2288 σοφίας
476 2195 628 2291 ἀπούσης
654 2207 699 2283 είς
728 2199 826 2274 οῦδὲν
857 2199 1122 2291 λογισθήσεται.“
1166 2211 1221 2274 καὶ
1252 2199 1435 2291 γυμνάσιον
1463 2210 1525 2293 μέν

220 2327 330 2388 φαμεν
357 2301 441 2372 εἶναι
468 2307 528 2390 τῆς
555 2307 661 2391 ψυχῆς
691 2300 755 2391 τὴν
786 2299 1047 2391 ἀνθρωπίνην
1077 2307 1236 2389 σοφίαν,
1269 2307 1368 2384 τέλος
1398 2307 1433 2372 δὲ
1460 2301 1525 2391 τῆν

219 2409 346 2472 θείαν·
383 2393 456 2488 ἥτις
481 2407 537 2470 καὶ
562 2398 722 2488 ,,στερεά“
750 2407 880 2490 λέγεται
908 2407 968 2490 τῆς
994 2407 1104 2490 ψυχῆς
1136 2402 1220 2472 εἶναι
1251 2399 1405 2490 ,,τροφὴ“
1433 2401 1525 2490 παρὰ

221 2507 271 2590 τῷ
299 2496 460 2589 φῆσαντι·
495 2504 656 2584 ,τελείων
682 2505 720 2571 δέ
744 2503 836 2572 ἐστιν
862 2497 883 2591 ἦ
910 2499 1026 2589 στερεὰ
1049 2498 1170 2589 τροφὴ,
1198 2505 1271 2570 τῶν
1293 2497 1347 2570 διὰ
1369 2497 1434 2590 τῆν
1457 2503 1525 2588 ἕξιν

168 2613 202 2670 20
220 2598 262 2670 τὰ
288 2595 492 2688 αἰσθητήρια
519 2605 769 2688 γεγυμνασμένα
794 2595 947 2688 ἐχόντων
972 2597 1059 2689 πρὸς
1086 2595 1248 2688 διάκρισιν
1273 2604 1380 2670 καλοῦ
1406 2608 1525 2672 τεκαὶ

219 2709 353 2770 κακου.“

301 2805 357 2869 καί
388 2792 506 2886 ἀρχαία
537 2803 599 2887 μὲν
625 2794 765 2888 ἀληθῶς
792 2802 884 2870 έστιν
910 2793 970 2888 ἥδε
996 2793 1017 2888 ἡ
1044 2794 1138 2884 δόξα,
1168 2793 1241 2886 οῦχ,
1275 2793 1323 2880 οδς
1353 2802 1460 2870 οίεται
1491 2805 1526 2871 δε

221 2905 363 2984 Κέλσος,
400 2903 470 2987 τῆς
505 2904 595 2986 περὶ
632 2896 767 2970 αὐτῶν
796 2895 1064 2987 ἀρχαιότητος
1094 2902 1148 2979 είς
1177 2891 1431 2985 Ἡράκλειτον
1461 2905 1526 2969 καὶ

219 2995 417 3069 Πλάτωνα
452 2993 757 3087 ἀναφερομένης.
805 2993 968 3086 ἀνωτέρω
1004 2996 1067 3086 γὰρ
1107 2995 1243 3069 τούτων
1278 2999 1311 3067 σί
1350 3003 1526 3087 προφῆται

168 3111 201 3165 25
220 3103 406 3168 διέστειλαν
438 3095 479 3167 τὸ
509 3103 586 3185 περὶ
613 3098 772 3186 ἑκατέρας
797 3104 951 3184 σοφίας·
990 3092 1085 3184 ἀρκεῖ
1113 3092 1142 3164 δ
1173 3101 1227 3167 ἐπὶ
1260 3101 1323 3168 τοῦ
1352 3091 1527 3184 παρόντος

220 3200 325 3269 εἰπεῖν
354 3191 422 3266 ἀπὸ
454 3202 527 3266 τῶν
555 3192 669 3283 λόγων
699 3203 763 3268 τοῦ
795 3201 896 3266 Δαυίδ
925 3194 966 3266 τὸ
996 3202 1073 3283 περὶ
1106 3200 1169 3265 τοῦ
1199 3193 1286 3266 κατὰ
1315 3193 1379 3284 τὴν
1408 3200 1526 3267 θείαν

219 3301 367 3384 σοφίαν
394 3301 521 3381 σοφοῦ
543 3291 738 3383 λεγόμενον,
762 3289 854 3378 ὅστις
879 3292 961 3380 ,οῦκ
984 3289 1106 3382 ὄψεται
1127 3292 1385 3382 καταφθορὰν,“
1412 3303 1525 3384 φησίν,

219 3388 326 3480 ,ὅταν
353 3399 407 3482 ίδη
438 3393 588 3480 σαφοῦς
615 3391 927 3482 ἀποθνῄσκοντας.“
971 3390 1103 3484 ἦθεία
1126 3401 1243 3464 τοίνυν
1265 3400 1398 3480 σοφία,
1431 3395 1526 3482 ἑτέρα

219 3485 304 3566 οῦσα
327 3500 388 3583 τῆς
409 3499 568 3577 πίστεως,
590 3490 734 3582 πρῶτόν
755 3498 827 3564 ἐστι
848 3501 922 3565 τῶν
941 3499 1161 3582 καλουμένων
1182 3489 1441 3582 ,,χαρισμάτων“
1463 3501 1527 3565 τοῦ

168 3605 202 3659 30
218 3599 316 3678 θεοῦ,
352 3601 408 3665 καί
433 3589 504 3682 μετ’
531 3597 662 3686 ἐκείνην
691 3591 849 3681 δεύτερον
879 3611 951 3676 τοῖς
978 3587 1137 3682 ἀκριβοῦν
1163 3591 1206 3664 τὰ
1228 3598 1371 3664 τοιαῦτα
1392 3596 1527 3665 ἐπιστα-

219 3699 332 3782 μένοις
354 3689 374 3783 ῆ
395 3699 588 3781 καλουμένη
610 3700 747 3782 γνῶσις,
769 3698 825 3763 καὶ
849 3701 976 3782 τρίτον,
1000 3697 1071 3764 ἐπεὶ
1094 3690 1262 3781 σῴζεσθαι
1283 3690 1345 3781 χρῆ
1367 3699 1422 3762 καὶ
1445 3693 1526 3776 τοὺς

288 3911 328 3967 ιο
351 3911 414 3981 Vel·
432 3913 444 3964 1
462 3911 525 3966 ποι.
543 3912 567 3975 3,
587 3912 627 3967 19.
646 3941 678 3950 -
698 3910 735 3966 ιε
753 3869 857 3968 πετο.
875 3911 929 3966 εει.
947 3911 972 3973 ο,
990 3910 1013 3966 ε.
1031 3939 1064 3950 -
1084 3910 1122 3967 ιε
1142 3909 1205 3978 vgl.
1223 3907 1306 3964 σοι.
1324 3911 1349 3972 ε,
1370 3912 1411 3964 14.
1428 3938 1463 3949 -
1487 3910 1525 3966 ω

221 3995 301 4051 Hebr.
321 3999 344 4058 5,
364 3999 404 4051 τι.
422 3995 507 4070 -21
527 3995 598 4049 νεα.
615 3997 656 4059 ιε,
676 3998 716 4052 10.
737 4000 776 4050 11.
796 4027 828 4035 -
846 3997 886 4053 ει
904 3995 967 4065 γρ.
987 3995 1062 4050 ωε.
1084 3996 1124 4058 12,
1142 3996 1166 4050 6.
1190 3993 1284 4047 1101.
1304 3996 1343 4058 12,
1361 3997 1385 4048 4.

306 4186 321 4242 1
346 4184 429 4242 είδῶν
453 4187 546 4252 Plato,
573 4187 624 4242 Ηὸ.
646 4205 691 4243 am
715 4188 808 4254 Βασὰ,
832 4189 876 4260 Sp.
885 4189 944 4244 Del.
967 4188 1006 4242 im
1022 4186 1102 4250 ’λεια
1130 4179 1254 4240 εἰδώλων
1275 4187 1299 4238 A
1323 4188 1327 4253 1
1351 4185 1432 4256 φημί]
1455 4180 1526 4255 φήμ’

221 4271 300 4325 Plato
315 4271 319 4338 Ι
336 4271 354 4326 5
372 4268 426 4338 μὲν
442 4279 476 4330 <
493 4270 573 4324 Plato
589 4275 592 4338 Ι
608 4272 627 4327 δ
645 4267 681 4342 δ’]
700 4271 729 4328 δὲ
746 4274 827 4328 Plato
847 4277 851 4341 Ι
874 4274 888 4330 7
913 4267 930 4342 ῆ
949 4275 991 4328 δεῖ
1005 4268 1203 4340 Ρίαίοθρ.ί)ε1.
1222 4263 1273 4339 ἢθη
1291 4269 1371 4324 ΑΗδ.
1396 4271 1400 4338 Ι
1425 4271 1443 4326 8
1462 4263 1489 4324 δ’
1501 4275 1525 4322 A

221 4353 250 4412 δὲ
267 4358 369 4424 Ausgg.
393 4357 397 4422 Ι
423 4355 459 4412 11
484 4349 564 4424 είπερ
583 4352 652 4426 ἐστὶ]
671 4352 752 4425 είπερ
771 4352 831 4414 ἔστι
849 4362 874 4413 A
891 4354 921 4414 εί
933 4356 987 4430 πέρ
1006 4353 1067 4412 έοτι
1085 4357 1290 4424 Meorr·Ausgg.
1315 4355 1319 4422 1
1344 4354 1382 4410 15
1409 4351 1525 4424 λέγουσι

220 4441 430 4510 M0011·Ausgg.
453 4439 545 4510 λέγειν
562 4442 598 4504 Α;
625 4441 767 4498 vielleicht
791 4443 828 4497 ist
849 4443 916 4498 aber
937 4442 1028 4496 hinter
1051 4440 1144 4512 λέγειν
1161 4441 1206 4495 ein
1224 4438 1362 4509 Partieip„
1380 4457 1402 4495 z.
1415 4439 1445 4492 Β.
1463 4436 1525 4495 elw-

221 4520 298 4592 θέοι,
317 4525 493 4594 αυεςείυΙΙευ,
512 4525 567 4594 ng.
586 4525 657 4580 oben
674 4527 699 4580 V
717 4529 758 4590 64,
776 4528 801 4581 S.
819 4529 851 4582 67
871 4529 896 4582 Ζ.
915 4527 949 4583 20
968 4528 973 4595 Ι
994 4527 1032 4582 16
1056 4520 1139 4582 οὐδὲν
1156 4523 1243 4579 PDel.
1262 4516 1350 4578 οδθὲν
1367 4522 1498 4594 ΑΗσ.8ρ.
1519 4525 1522 4593 1

221 4611 260 4666 28
279 4627 327 4664 vor
345 4607 457 4675 Κέλσος
476 4617 505 4676 †
526 4603 542 4665 δ
560 4611 663 4680 Ausgg.
687 4611 691 4679 Ι
719 4611 758 4667 26
780 4606 833 4680 τῆν
849 4623 881 4670 <
897 4613 1000 4681 Ausgg.
1021 4613 1025 4676 Ι
1044 4610 1080 4664 21
1103 4601 1183 4674 ὅστις
1200 4607 1329 4678 ΔΗό.θρ.
1350 4599 1395 4664 δτι
1412 4608 1498 4663 PDel.
1519 4610 1522 4678 Ι

222 4693 259 4749 81
280 4689 340 4749 ἐπεὶ
359 4690 503 4760 σώζεσθαι
521 4695 656 4764 MAnsgg.
675 4690 867 4762 έπισώζεσθαι
885 4698 917 4750 A.

1277 4777 1313 4830 6*
