3790 5526
626 525 728 580 κιαι
755 525 913 582 κυκνον
934 527 977 585 τι
998 526 1039 580 23.
1057 527 1099 581 ει.
1118 526 1158 582 ει.
1499 531 1539 594 95

234 686 314 771 τοῦς
345 693 522 775 πανταχοῦ
551 693 858 778 ἐπαγγελλομένους
888 717 922 760 τι
952 693 1075 760 εἰδέναι
1105 685 1317 778 ζητήσαντες,
1351 685 1540 777 περιτετεύ-

231 815 336 877 χαμεν
357 787 575 876 πρεσβεύοντι
597 786 640 858 τά
662 793 726 859 τοῦ
749 786 1054 878 διαγράμματος.

315 905 413 974 XXV.
430 907 435 993 Ι
451 900 509 975 Ἐν
531 893 559 992 ᾧ
582 895 630 992 ἦν
654 902 853 993 διαγραφή
874 903 1042 988 κύκλων,
1059 897 1367 989 ἀπολελυμένον
1388 910 1460 994 μέν
1474 897 1539 975 ἀπ’
1558 924 1610 980 649

232 996 424 1093 άλλήλων
451 1008 543 1075 δέκα
570 1009 849 1092 συνδουμένων
876 1009 915 1075 δέ
940 1000 1007 1092 ῦφ’
1036 1001 1124 1102 ἑνὸς
1148 1000 1312 1088 κύκλου,
1342 998 1380 1087 ῦς
1405 1007 1539 1093 ἐλέγετο

198 1104 317 1173 5εῑναι
345 1097 365 1192 ή
393 1109 468 1174 τῶν
496 1097 590 1176 ὅλων
615 1102 704 1194 ψυχή
729 1109 784 1175 καὶ
812 1100 1010 1194 ὠνομάζετο
1037 1101 1222 1188 Λευλαθάν,
1258 1095 1377 1174 ὅντινα
1406 1106 1440 1174 αλ
1463 1099 1540 1174 Ἰου-

233 1206 340 1272 δαέαιν
362 1208 486 1291 γραφαὶ
510 1197 529 1274 ῦ
552 1231 586 1274 τι
607 1199 687 1274 ποτ)
709 1194 773 1274 οῦν
795 1201 1021 1293 αἰνισσόμεναι
1044 1207 1160 1292 ἔλεγον
1177 1199 1372 1294 πεπλάσθαι
1385 1199 1453 1274 ῦπὸ
1474 1207 1539 1273 τοῦ

233 1306 317 1373 θεοῦ
340 1309 506 1391 παίγνιον.
535 1305 572 1373 ἐν
594 1301 656 1392 γάρ
680 1312 826 1392 ψαλμοῖς
848 1296 1000 1392 εῦρομεν·
1027 1300 1163 1388 ,πάντα
1184 1305 1346 1400 ἐν’σοφλᾳ
1368 1305 1539 1392 ἐποίησας·

232 1400 420 1490 ἐπληρώθη
456 1397 477 1491 ή
506 1409 548 1492 γῆ
579 1408 640 1492 τῆς
656 1401 812 1486 ’κτλσεοάς
838 1425 906 1474 σου.
949 1394 1037 1492 αῦτη
1063 1397 1084 1491 ἦ
1108 1398 1261 1471 θάλασσα
1288 1395 1309 1490 ἦ
1334 1398 1459 1490 μεγάλη
1484 1407 1540 1470 καὶ

233 1496 434 1590 εὐρύχωρος·
477 1505 546 1573 ἐκεῖ
571 1511 675 1572 πλοῖα
712 1500 984 1591 διαπορεύονται,
1026 1505 1097 1591 ζῷα
1129 1498 1230 1590 μικρὰ
1257 1499 1342 1590 μετὰ
1372 1495 1539 1589 μεγάλων,

181 1613 214 1668 10
234 1597 370 1688 δράκων
393 1591 506 1685 οὗτος,
536 1596 577 1673 ὃν
599 1603 743 1684 ἔπλασας
764 1604 935 1691 ἐμπαίζειν
956 1597 1081 1692 αῦτῷ.“
1112 1595 1190 1670 άντλ
1216 1605 1252 1671 δὲ
1277 1605 1342 1671 τοῦ
1365 1597 1540 1687 ,,δράκοιν“

221 1697 406 1770 ’Λευταθάν
432 1691 477 1788 ἦν
507 1705 545 1771 ἐν
574 1706 626 1791 τοῦ
653 1695 823 1790 Ἑβραϊκῷ.
866 1699 907 1772 τὸ
937 1706 1055 1772 τοίνυν
1083 1696 1196 1784 άσεβὲς
1225 1699 1447 1788 διάγραμμα
1476 1695 1540 1769 τὸν

233 1803 351 1884 σαφῶς
372 1792 485 1882 οῦτως
507 1805 787 1889 κατηγορηθέντα
809 1803 918 1889 ἐντῷ
939 1795 1101 1888 προφήτη
1123 1798 1295 1870 Λευταθὰν
1319 1801 1432 1887 ἔλεγεν
1455 1799 1540 1868 εἶναι

233 1895 297 1985 τὴν
323 1896 377 1968 διά
406 1904 480 1968 τιῦν
509 1891 603 1970 ὅλων
629 1913 874 1987 πεφοιτηιυῖαν
903 1895 1021 1987 ψυχήν.
1064 1893 1205 1988 εὕρομεν
1235 1893 1264 1970 δ
1296 1903 1333 1970 ἐν
1361 1896 1455 1988 αῦτῷ
1484 1903 1539 1968 καὶ

232 1994 296 2066 τὸν
312 1998 457 2086 Βεημών
480 1992 732 2086 ὀνομαζόμενον
754 1994 897 2086 οῦσπερεὶ
919 2003 1126 2086 τεταγμένον
1147 1995 1224 2069 τινά
1245 1996 1329 2088 μετά
1351 1995 1415 2069 τὸν
1428 2025 1540 2069 κατω-

180 2109 214 2163 15
232 2092 327 2164 τάτω
353 2094 510 2167 κύκλον.
554 2102 683 2168 τοῦτον
712 2102 748 2166 δὲ
775 2095 838 2168 τὸν
865 2095 1037 2168 Λευῑαθάν
1063 2092 1083 2168 ῦ
1109 2096 1151 2168 τὸ
1177 2097 1300 2188 μιαρὸν
1323 2102 1431 2170 ἐκεῖνο
1458 2097 1539 2168 διά·

231 2221 386 2284 γραμμα
412 2194 608 2280 ἀναπλάσας
634 2201 689 2267 ἐπὶ
716 2201 779 2267 τοῦ
805 2194 955 2268 κύκλον
979 2203 1034 2266 καὶ
1064 2203 1128 2268 τοῦ
1149 2203 1295 2288 κέντρου
1316 2193 1422 2268 αύτοῦ
1443 2201 1539 2266 κατέ-

232 2315 348 2382 γραψε,
371 2300 422 2379 δὶς
443 2298 625 2382 ἐκθέμενος
646 2292 752 2368 αύτοῦ
776 2294 816 2368 τὸ
840 2291 956 2384 ὄνομα.

316 2397 366 2464 ἔτι
388 2399 423 2464 δὲ
445 2389 464 2465 ὁ
487 2401 614 2477 Κέλσος
634 2403 800 2485 μελαένη
822 2402 975 2484 γραμμή
996 2403 1138 2488 παχείᾳ
1160 2403 1240 2486 φησὶ
1258 2400 1540 2485 διειλημμένον

234 2492 319 2564 εἶναι
346 2492 392 2565 τὸ
420 2493 656 2584 διάγραμμα,
689 2500 753 2564 καὶ
783 2493 936 2585 ταύτην
962 2496 1108 2582 ἔφασκεν
1137 2501 1319 2585 εἰρῆσθαι
1345 2491 1440 2584 αῦτῷ
1465 2493 1539 2583 τήν

181 2605 215 2661 20
235 2597 421 2679 Γέενναν,
451 2585 575 2665 οῦσαν
602 2601 665 2664 καὶ
692 2591 903 2684 Τάρταρον.
946 2593 1021 2684 τήν
1049 2601 1084 2666 δὲ
1106 2601 1281 2666 Γέενναν
1308 2590 1400 2686 ἡμεῖς
1425 2598 1463 2665 ἐν
1484 2599 1536 2683 τῷ

232 2687 412 2782 εύαγγελλῳ
435 2699 661 2783 γεγραμμένην
683 2691 730 2778 οῦς
751 2690 975 2784 κολαστήριον
996 2689 1160 2783 εῦράντες,
1183 2691 1397 2784 ἐζητήσαμεν,
1421 2697 1538 2764 εἵπου

232 2797 305 2861 τῶν
330 2800 488 2864 παλαιῶν
514 2790 718 2883 γραμμάτων
740 2791 936 2883 ὠνομάσθη,
962 2801 1016 2865 καλ
1042 2791 1188 2883 μάλιστα
1214 2798 1348 2883 ἐπείπερ
1369 2800 1425 2863 καὶ
1446 2788 1535 2864 'Iov-

232 2895 338 2962 δαῑοι
369 2899 522 2982 χρῶνται
552 2900 603 2984 τῷ
635 2888 787 2981 ὀνόματι.
829 2887 971 2980 εῦρομεν
1001 2898 1037 2964 δὲ
1068 2887 1157 2965 ὅπου
1185 2899 1246 2983 μὲν
1278 2889 1413 2982 Φάραγξ
1440 2895 1538 2977 ,υἱοῦ

231 2984 369 3079 Ἐννὸμέέ
397 2985 649 3082 ὀνομαζομένην
674 2996 710 3063 ἐν
737 2999 780 3080 τῇ
809 2999 931 3080 γραφῇ,
964 2996 1000 3062 ἐν
1031 2997 1066 3064 δὲ
1097 3000 1146 3083 τῷ
1172 2989 1332 3083 Ἑβραϊκῷ
1363 2989 1440 3064 άντλ
1472 2998 1537 3064 τοῦ

180 3104 213 3159 25
235 3085 372 3179 Φάραγζ
399 3089 638 3180 μεμαθήκαμεν
668 3084 723 3164 ὅτι
751 3090 839 3162 κατὰ
868 3097 931 3162 τοῦ
959 3087 1065 3162 αῦτοῦ
1096 3089 1319 3182 ῦποκειμένου
1347 3094 1481 3180 ἐλέγετο
1514 3087 1536 3180 ή

146 3203 215 3256 147ῐ
234 3186 373 3278 Φάραγξ
397 3183 514 3279 Ἑννὸμ
545 3198 600 3260 καὶ
634 3186 654 3278 ή
682 3197 838 3262 Γέεννα.
882 3195 1123 3280 ἐπιτηροῦντες
1149 3196 1185 3262 δὲ
1210 3190 1254 3263 τά
1281 3188 1536 3281 άναξγνεύσματα

232 3285 427 3378 εύρλσκομεν
453 3295 509 3360 καὶ
535 3293 572 3360 ἐν
597 3295 651 3378 τῷ
678 3287 794 3380 κλήρῳ
818 3296 879 3380 τῆς
901 3297 1015 3381 φυλῆς
1031 3299 1193 3380 Βενιαμὶν
1219 3290 1292 3382 τήν
1314 3297 1488 3362 Γέενναν
1515 3286 1535 3381 ἢ

234 3385 394 3478 Φάραγγα
420 3384 537 3477 Ἑννὸμ
563 3393 830 3479 κατειλεγμένην,
860 3381 901 3460 οῦ
930 3383 972 3480 ἢν
1001 3397 1056 3464 καὶ
1083 3387 1302 3481 Ἰερουσαλήμ.
1344 3397 1400 3461 καὶ
1426 3387 1537 3476 ἐξετά-

316 3575 335 3631 3
355 3575 417 3646 Vgl.
436 3576 466 3630 R.
485 3580 517 3632 A.
531 3576 643 3647 Lipsius,
662 3576 752 3631 Ueber
769 3576 815 3631 die
832 3575 1004 3647 ophitisohen
1021 3575 1151 3647 systeme.
1170 3579 1203 3632 11.
1221 3577 1314 3634 Celsus
1331 3577 1388 3632 und
1405 3577 1536 3646 Origenes

192 3701 197 3707 .
231 3661 267 3727 (Z.
285 3661 304 3716 s.
322 3680 355 3716 w.
374 3661 423 3715 Th.
441 3661 508 3716 1864
530 3661 541 3714 Ι
564 3661 589 3715 8.
608 3662 719 3732 37-57)
746 3679 772 3716 u.
799 3664 832 3718 A.
859 3661 1034 3732 Hilgenfeld,
1059 3661 1111 3718 Die
1132 3661 1321 3732 Ketzergeeeh.
1339 3661 1387 3716 des
1405 3662 1535 3717 Urchrist.

232 3747 257 3801 S.
275 3747 418 3802 277-282.
445 3775 475 3784 -
508 3747 522 3804 7
550 3745 621 3801 psal.
647 3747 709 3812 103,
727 3747 837 3803 24-26.
865 3775 895 3786 -
923 3745 961 3802 11
986 3745 1049 3816 vgl.
1067 3747 1121 3802 Jeu.
1139 3749 1219 3813 27,1
1247 3745 1330 3816 (Hiob
1347 3747 1376 3810 3,
1393 3745 1418 3801 8.
1437 3745 1536 3802 Ezech.

232 3833 272 3894 32,
291 3833 324 3898 2).
352 3862 385 3872 -
411 3831 452 3886 20
480 3829 541 3900 Vgl.
558 3829 657 3886 matth.
676 3833 705 3897 5,
722 3831 763 3886 22.
782 3832 823 3886 29.
842 3833 883 3888 30.
912 3833 953 3895 10,
970 3832 1012 3887 28.
1041 3833 1086 3898 18,
1104 3833 1128 3887 9.
1157 3832 1198 3900 23,
1217 3834 1257 3887 15.
1275 3831 1316 3886 33.
1345 3830 1433 3886 Mark.
1451 3831 1476 3896 9,
1493 3831 1535 3885 43.

230 3919 272 3972 45.
289 3917 331 3969 47.
356 3915 424 3970 Luk.
443 3916 484 3981 12,
503 3917 527 3971 5.
544 3945 578 3954 -
596 3915 636 3971 23
654 3915 717 3984 Vgl.
735 3915 834 3970 Jerem.
853 3919 876 3978 7,
894 3916 935 3970 31.
954 3917 995 3970 32.
1018 3918 1059 3985 39,
1077 3918 1119 3973 35.
1137 3947 1171 3956 -
1189 3917 1226 3973 27
1247 3915 1310 3985 Vgl.
1328 3915 1382 3970 Jos.
1401 3916 1441 3979 18,
1461 3917 1501 3972 16.

315 4084 333 4138 4
355 4081 431 4152 δέκα]
450 4076 522 4140 ἑπτά
540 4083 603 4139 liest
615 4083 646 4140 A
659 4085 691 4138 A.
704 4077 810 4153 Iiipsius
823 4083 856 4149 (a.
869 4099 894 4137 ε..
907 4082 938 4137 0.
951 4083 977 4138 8.
989 4086 1023 4142 38
1035 4087 1115 4139 Anm.
1130 4086 1163 4152 1),
1176 4083 1232 4153 vgl.
1245 4084 1328 4138 unten
1341 4082 1379 4136 VI
1392 4084 1434 4148 35,
1446 4081 1471 4137 8.
1485 4084 1535 4139 104

230 4168 256 4222 Ζ.
270 4171 303 4224 10
323 4169 326 4235 Ι
345 4169 362 4224 0
385 4160 552 4234 ὁτιιιοτοῦν,
570 4169 640 4222 doch
668 4185 721 4222 von
744 4171 864 4238 spAterer
885 4167 918 4221 H.
937 4167 981 4222 ein
1003 4172 1076 4224 Aeut
1096 4168 1164 4223 fiber
1183 4161 1199 4224 δ
1217 4167 1410 4237 hinzugefflgt‚
1428 4171 1454 4222 A
1468 4169 1472 4236 1
1487 4185 1534 4223 πε·

229 4256 358 4308 πλεῖσθαι
377 4257 400 4308 A
420 4257 424 4321 ι
445 4255 463 4310 8
482 4244 562 4322 αῦτη]
581 4245 651 4322 αύτή
670 4255 695 4308 A
714 4253 718 4321 l
740 4252 777 4308 12
802 4243 894 4317 ούτοις
911 4255 935 4306 A
954 4243 1029 4309 οῦτοι
1048 4257 1149 4325 Ausgg.
1165 4254 1169 4322 Ι
1186 4252 1225 4310 14
1246 4247 1361 4325 βεημών
1377 4255 1403 4306 A
1421 4247 1535 4322 Βεημδν

229 4342 340 4407 Ausgg„
359 4332 485 4407 Βεημώθ
507 4337 570 4392 lieet
591 4337 639 4394 Bo.
657 4337 755 4408 (Notae
772 4355 798 4407 p.
815 4339 876 4405 394)
898 4338 969 4391 nach
993 4337 1055 4392 dem
1073 4337 1259 4392 HebrAischen
1273 4338 1278 4404 Ι
1294 4328 1419 4408 ὡσπερεὶ
1436 4353 1535 4406 τεταγ-

229 4420 319 4490 μένον
336 4423 364 4486 Ρ,
383 4423 434 4478 Ησ,
452 4439 497 4476 am
514 4421 606 4486 Rand,
626 4421 669 4492 Sp.
676 4422 735 4504 Dpl.
753 4421 790 4476 im
809 4421 890 4486 Τειλς
910 4413 954 4478 ὥσ
970 4420 1213 4494 περιτεταγμένον
1229 4423 1252 4476 A
1269 4421 1326 4490 121
1346 4413 1533 4490 ἐζητήσαμεν]

230 4518 406 4593 ἐζητήσαμεν
426 4521 542 4578 uwel.
567 4523 571 4590 ι
600 4522 638 4579 ει
661 4507 723 4578 υθέ
735 4523 782 4593 [ιο]
800 4526 826 4577 A
845 4523 978 4592 ιιι-ιε
996 4541 1040 4578 ιω
1059 4523 1139 4578 nand
1157 4541 1194 4594 ιη
1212 4525 1303 4577 v0n1.
1322 4521 1355 4591 γε]
1374 4520 1407 4575 ε.
1426 4523 1449 4574 A
1469 4521 1474 4589 l
1493 4519 1534 4576 ει

229 4612 328 4680 φαραξ
344 4612 369 4663 A
392 4611 396 4677 Ι
420 4602 494 4663 κατά
511 4613 564 4664 τοῦ
582 4602 672 4663 αὐτοῦ
689 4599 888 4678 ῦποκειμένου]
910 4605 985 4664 κατά
1007 4605 1041 4664 τὸ
1066 4603 1156 4665 αι’ποῦ
1173 4602 1360 4675 ὑποκείμενον
1377 4607 1443 4660 oder
1459 4601 1533 4660 κατὰ

229 4711 263 4748 το
283 4687 353 4748 αντὸ
373 4686 562 4760 ῦποκεέμενον
579 4693 642 4748 lieet
654 4693 701 4747 Bo.
715 4692 812 4762 (Notae
824 4710 849 4763 p.
862 4694 912 4748 394
921 4694 972 4762 sq.)
989 4696 993 4762 Ι
1008 4694 1048 4750 20
1067 4690 1166 4768 φάραξ
1183 4695 1207 4746 A
1222 4696 1226 4761 Ι
1242 4693 1279 4748 27
1299 4693 1445 4762 βενΐαμελν
1462 4693 1494 4746 A.
