3780 5538
348 433 407 494 3m
888 423 1111 478 mmm

347 593 486 678 κίνησιν.
529 584 668 674 δεύτερα
695 593 730 659 δὲ
755 586 847 677 παρὰ
875 583 982 660 ταῦτά
1008 591 1080 659 ἐστι
1104 585 1287 674 κινούμενα
1312 586 1356 658 τὰ
1381 584 1448 658 ἀπὸ
1471 593 1533 676 τῆς
1553 591 1652 658 ἐνυπ-

348 686 514 776 αρχούσης
544 685 677 774 φύσεως
710 681 731 774 ή
765 694 872 778 ψυχῆς
903 685 1097 775 κινούμενα,
1127 682 1148 758 ά
1182 694 1238 758 καὶ
1269 691 1304 772 ἐξ
1339 685 1455 758 αὐτῶν
1484 697 1652 758 κινεῖσθαι

347 793 481 876 λέγεται
512 786 603 874 παρὰ
634 806 708 869 τοῖς
737 787 948 876 κυριώτερον
975 793 1160 876 χρωμένοις
1192 805 1263 868 τοῖς
1296 781 1443 876 ὀνόμασι.
1486 795 1585 878 τρίτη
1616 794 1653 860 δέ

347 893 418 958 ἐστι
445 894 575 976 κίνησις
601 885 622 976 ή
644 893 680 958 ἐν
701 907 775 970 τοῖς
797 886 905 977 ζῴοις,
928 881 1002 968 ἀτις
1024 882 1226 975 ὀνομάζεται
1248 881 1268 974 ή
1290 881 1349 973 ἀφ’
1372 884 1488 958 αὐτῶν
1510 895 1650 976 κίνησις·

313 1009 329 1062 5
348 987 439 1076 οἶμαι
466 993 502 1058 δὲ
524 981 580 1060 ότι
603 983 623 1077 ἦ
645 994 719 1058 τῶν
741 993 888 1075 λογικῶν
909 995 1038 1076 κίνησις
1060 983 1100 1056 δι’
1123 982 1240 1057 αὐτῶν
1262 990 1332 1057 ἐστι
1353 995 1490 1073 κίνησις.
1535 985 1594 1058 ἐὰν
1616 993 1650 1057 δὲ

346 1092 554 1174 περιέλωμεν
584 1083 653 1158 ἀπὸ
684 1094 747 1158 τοῦ
778 1085 867 1175 ζῴου
897 1085 962 1176 τήν
992 1082 1051 1174 ἀφ’
1078 1083 1185 1156 αὐτοῦ
1209 1091 1349 1174 κίνησιν,
1377 1082 1456 1158 οὐδὲ
1483 1092 1575 1174 ζῶον
1601 1090 1652 1158 ἔτι

348 1214 390 1258 ον
411 1182 651 1274 ὑπονοηθῆναι
674 1186 825 1270 δύναται,
844 1183 931 1258 ἀλλὰ
954 1190 1047 1257 ἔσται
1069 1179 1188 1272 όμοιον
1210 1180 1288 1271 ἤτοι
1310 1191 1409 1274 φυτῷ
1431 1184 1498 1256 ὑπὸ
1521 1183 1652 1272 φάσεως

347 1279 452 1373 μόνης
473 1291 661 1374 κινουμένῳ
684 1280 705 1372 ή
729 1293 819 1374 λίθῳ
842 1282 909 1356 ἀπό
932 1313 1026 1367 τινος
1048 1289 1178 1370 ἔξωθεν
1201 1291 1385 1373 φερομένῳ.
1421 1284 1481 1356 ἐὰν
1496 1290 1531 1354 δὲ
1546 1313 1651 1372 παρα-

347 1391 501 1473 κολουθῇ
531 1413 566 1455 τι
597 1393 639 1473 τῇ
670 1391 737 1476 ίδίᾳ
767 1383 908 1474 κινήσει,
939 1390 1010 1456 ἐπεὶ
1040 1390 1146 1455 τοῦτο
1172 1380 1213 1454 δι’
1240 1381 1346 1454 αὐτοῦ
1372 1396 1540 1456 κινεῖσθαι
1567 1381 1651 1456 ῶνο·

297 1503 330 1557 10
346 1481 506 1572 μάσαμεν,
528 1480 657 1573 ἀνάγκη
680 1491 784 1556 τοῦτο
809 1486 892 1554 είναι
915 1480 1061 1572 λογικόν.

431 1611 459 1670 2.
496 1603 528 1672 οί
555 1608 672 1671 τοίνυν
699 1607 862 1683 θέλοντες
883 1605 984 1690 μηδὲν
1011 1603 1093 1671 εἶναι
1120 1597 1172 1687 ἐφ’
1192 1597 1279 1690 ἡμῖν,
1302 1597 1491 1688 ἀναγκαίως
1513 1597 1651 1690 ήλιθιοό·

351 1696 459 1770 τατόν
475 1728 508 1770 τι
523 1705 784 1788 παραδέξονται·
805 1709 948 1787 πρῶτον
969 1706 1031 1788 μὲν
1054 1694 1108 1772 ότι
1130 1697 1191 1772 οὐκ
1213 1705 1310 1788 ἐσμὲν
1332 1709 1412 1791 ζῶα,
1435 1699 1594 1787 δεύτερον
1616 1706 1651 1770 δε

351 1791 406 1870 ότι
438 1796 515 1870 οὐδὲ
545 1799 673 1888 λογικὰ,
704 1795 778 1871 ἀλλ’
810 1799 885 1872 οίον
916 1796 983 1870 ἀπὸ
1010 1801 1142 1884 ἔξωθεν
1167 1805 1345 1882 κινοῦντος
1371 1796 1469 1870 αὐτοὶ
1496 1797 1651 1888 οὐδαμῶς

349 1896 543 1986 κινούμενοι
557 1918 669 1970 ποιεῖν
690 1894 746 1970 ἀπ’
768 1902 898 1972 ἐκείνου
919 1907 1097 1988 λεγοίμεθα
1118 1894 1138 1970 ἀ
1159 1917 1269 1970 ποιεῖν
1291 1895 1503 1986 νομιζόμεθα.
1538 1896 1651 1980 ἄλλως

298 2019 330 2071 15
349 2025 386 2069 τε
411 2006 466 2068 καὶ
493 2017 565 2081 τοῖς
590 2001 687 2081 ίδίοις
714 1996 860 2070 πάθεσιν
881 1995 1062 2088 ἐπιστήσας
1083 2027 1134 2081 τις
1156 1994 1279 2086 ὁράτω,
1304 2005 1332 2068 εί
1352 1998 1396 2088 μή
1419 1993 1565 2082 ἀναιδῶς
1587 2003 1654 2087 έρεῖ

348 2097 392 2187 μὴ
425 2095 528 2180 αὐτὸς
550 2107 556 2180 Ι
581 2104 696 2170 θέλειν
726 2105 781 2169 καί
811 2097 855 2188 μή
888 2094 992 2180 αὐτὸς
1021 2103 1147 2168 ἐσθίειν
1171 2104 1226 2168 καὶ
1252 2098 1297 2187 μή
1324 2095 1427 2181 αὐτὸς
1451 2117 1650 2186 περιπατεῖν
1672 2117 1723 2171 207

347 2203 429 2286 μηδὲ
458 2195 562 2280 αὐτὸς
584 2206 894 2287 συγκατατίθεσθαι
915 2207 970 2268 καὶ
995 2203 1243 2286 παραδέχεσθαι
1267 2194 1369 2270 ὁποῖα
1397 2197 1438 2288 δή
1464 2227 1551 2268 ποτε
1578 2205 1651 2268 τῶν

348 2294 527 2386 δογμάτων
553 2301 633 2386 μηδὲ
660 2295 762 2378 αὐτὸς
788 2294 964 2368 ἀνανεύειν
989 2295 1075 2385 πρὸς
1102 2297 1198 2384 ίτερα
1221 2294 1269 2380 ῶς
1292 2305 1407 2389 ψευδῆ.
1451 2292 1565 2384 ὥσπερ
1588 2288 1651 2367 οὖν

348 2393 434 2484 πρός
464 2423 541 2468 τινα
572 2393 721 2484 δόγματα
753 2391 925 2486 ἀμήχανον
955 2402 1153 2484 διατεθῆναι
1179 2393 1384 2485 ἄνθρωπον,
1411 2391 1475 2468 κάν
1499 2394 1650 2486 μυριάκις

296 2512 330 2566 20
348 2493 436 2566 αὐτὰ
455 2493 684 2583 κατασκευάζῃ
701 2493 922 2584 εόρεσιλογῶν
942 2502 997 2565 καὶ
1018 2506 1179 2579 πιθανοῖς
1201 2492 1313 2584 λόγοις
1333 2496 1515 2586 χρώμενος,
1538 2489 1651 2576 οὕτως

348 2593 518 2666 ἀδύνατον
553 2601 784 2666 διατεθεῖσθαί
813 2624 890 2666 τινα
919 2602 995 2683 περὶ
1026 2603 1100 2666 τῶν
1128 2591 1377 2684 ἀνθρωπίνων,
1414 2592 1462 2680 ῶς
1491 2601 1651 2685 μηδαμῶς

348 2701 412 2766 τοῦ
443 2691 495 2782 ἐφ’
527 2691 606 2784 ἡμῖν
635 2701 838 2784 σῳζομένου.
883 2703 934 2778 τίς
964 2693 1026 2784 γάρ
1057 2692 1218 2765 διάκειται
1248 2703 1324 2784 περὶ
1351 2703 1414 2767 τοῦ
1438 2702 1541 2784 μηδὲν
1567 2697 1651 2765 εἶναι

346 2793 567 2882 καταληπτὸν
602 2789 622 2884 ή
658 2788 771 2879 οὕτως
806 2803 881 2881 βιοῖ,
918 2791 965 2876 ῶς
1001 2799 1132 2881 ἐπέχων
1166 2801 1241 2882 περὶ
1272 2793 1403 2879 παντὸς
1432 2793 1650 2876 οδτινοσοῦν,·

348 2901 398 2975 τίς
436 2899 471 2964 δὲ
507 2890 569 2964 οὐκ
599 2891 812 2984 ἐπιπλήττει,
849 2901 1039 2982 φαντασίαν
1073 2889 1330 2982 ἁμαρτήσαντος
1360 2898 1495 2966 οἰκέτου
1524 2896 1649 2978 λοβῶν,

296 3011 328 3064 25
348 3001 397 3084 τῷ
424 2991 631 3080 θεράποντι;
657 3001 712 3064 καὶ
742 3001 794 3075 τίς
820 2998 922 3078 ἐστιν,
951 2989 989 3075 ὃς
1013 2991 1058 3081 μή
1086 2998 1234 3064 αἰτιᾶται
1260 2992 1335 3064 υἱὸν
1360 2992 1402 3065 τὸ
1428 2992 1514 3082 πρὸς
1541 3013 1650 3083 γονεῖς

346 3099 504 3182 καθῆκον
517 3091 562 3181 μή
578 3089 824 3183 άποδιδόνταή
846 3092 890 3183 μή
908 3098 1072 3182 μέμφεται
1093 3098 1148 3162 καὶ
1169 3097 1264 3181 ψέγει
1283 3089 1331 3174 ῶς
1353 3091 1489 3182 αἰσχρὸν
1510 3122 1647 3182 πεποιη-

346 3209 444 3266 κυῖαν
475 3190 539 3281 τήν
567 3199 843 3282 μεμοιχευμένην;
877 3189 1026 3278 βιάζεται
1055 3192 1118 3282 γὰρ
1148 3189 1168 3282 ή
1198 3189 1342 3281 ἀλήθεια
1374 3199 1429 3262 καὶ
1461 3189 1646 3282 ἀναγκάζει,
1679 3261 1685 3284 ,

346 3288 409 3364 κάν
440 3288 594 3382 μυριάκις
624 3319 675 3374 τις
704 3288 910 3381 εόρεσιλογῇ,
947 3287 1053 3381 ὁρμᾶν
1085 3299 1141 3362 καὶ
1171 3297 1320 3363 ἐπαινεῖν
1349 3298 1404 3362 καὶ
1434 3299 1564 3381 ψέγειν,
1600 3291 1647 3374 ῶς

347 3398 555 3481 τηρουμένου
576 3398 640 3462 τοῦ
661 3387 713 3478 ἐφ’
737 3388 823 3481 ήμῑν,
846 3397 901 3462 καὶ
924 3389 1051 3463 τούτου
1074 3395 1254 3463 ἐπαινετοῦ
1275 3386 1295 3480 ἢ
1317 3397 1449 3480 ψεκτοῦ
1470 3399 1649 3479 γινομένου

295 3505 328 3560 30
344 3488 425 3580 παρ’
447 3488 540 3582 ἡμᾶς.

430 3657 445 3710 l
469 3651 586 3724 δεύτερα
608 3655 668 3710 Del.
692 3650 1018 3725 δαίτερονΤΟι.Ιιοοδ.
1039 3655 1044 3722 Ι
1067 3671 1112 3707 am
1130 3653 1210 3707 Rand
1229 3659 1265 3723 σῇ
1283 3672 1336 3710 von
1355 3655 1420 3712 LH.
1438 3655 1460 3708 Τ
1480 3659 1484 3722 Ι
1507 3655 1524 3710 2
1551 3651 1576 3725 ἢ]
1598 3657 1648 3709 καί

346 3740 426 3808 Angl.
446 3739 500 3807 (bei
514 3739 698 3810 D01.19142)‚
716 3740 770 3808 νηί.
783 3739 853 3793 oben
866 3740 892 3794 S.
904 3741 952 3794 311
967 3740 993 3792 Z.
1007 3739 1040 3793 18
1054 3741 1059 3808 l
1075 3731 1170 3794 αὑτῶν
1188 3740 1270 3793 Lond.
1289 3733 1382 3795 αὐτῶν
1397 3740 1537 3796 TOx.Del.
1554 3745 1557 3805 Ι
1574 3740 1648 3796 8-4

346 3843 390 3878 am
407 3825 486 3879 Rand
507 3833 544 3893 σῇ
561 3841 613 3879 von
633 3827 652 3879 1,
670 3823 704 3878 Η.
720 3825 742 3877 Τ
757 3825 795 3892 14
814 3817 862 3894 ἀφ’
875 3817 970 3878 αὑτῶν
987 3824 1109 3878 εείπείίιε
1126 3824 1170 3877 ich
1188 3824 1240 3878 mit
1258 3823 1334 3880 Bent„
1348 3826 1403 3895 (bei
1421 3824 1507 3880 DeLI
1525 3828 1605 3892 914⁸)
1623 3842 1649 3877 u.

346 3911 460 3974 Lomm.‚
484 3902 535 3977 ἀφ’
556 3902 645 3964 αἰετοῦ
666 3909 748 3978 Angl.
778 3908 915 3978 (ebenda).
939 3901 987 3962 ἀπ’
1005 3903 1095 3964 αι’τοῦ
1111 3908 1192 3964 ΤΟκ.
1203 3909 1287 3964 Lond.
1298 3909 1357 3964 Del.
1382 3913 1386 3978 Ι
1409 3912 1425 3966 5
1452 3927 1495 3964 ατο
1515 3909 1594 3964 Rand
1614 3917 1650 3978 οῆ

346 4011 397 4047 von
417 3995 436 4047 I.
450 3993 482 4047 Η.
501 3995 523 4047 Τ
542 3995 547 4062 Ι
568 3987 601 4048 δι’
618 3989 721 4062 αὐτῶν]
745 3988 779 4048 δι’
797 3985 892 4048 αἰτῶν
909 3993 994 4047 Lond.
1010 3995 1048 4061 Ιθ
1066 3988 1116 4064 ἀφ’
1134 3986 1224 4050 αὑτοῦ
1241 3994 1323 4064 Angl.
1342 3996 1376 4062 (ε
1390 4011 1413 4048 ε.
1429 3993 1470 4062 0.)
1488 3989 1537 4050 ἀπ’
1555 3988 1651 4050 αιίτῶν

344 4079 422 4134 Βεαί.
447 4077 502 4148 (bei
523 4077 581 4132 Del.
600 4079 611 4131 I
630 4078 680 4134 206
698 4081 778 4132 Anm.
795 4081 834 4148 g),
861 4072 908 4132 ἀπ’
928 4072 1017 4132 αὐτοῦ
1038 4079 1171 4147 TAusgg.
1195 4080 1200 4148 Ι
1224 4080 1243 4135 θ
1265 4097 1293 4133 τι
1317 4080 1394 4134 Bent.
1419 4080 1472 4148 (bei
1490 4079 1550 4134 Del.
1569 4081 1581 4133 Ι
1600 4081 1650 4136 206

344 4166 424 4216 Anm.
442 4163 470 4232 h)
490 4161 570 4230 Angl.
589 4163 623 4228 (α
640 4179 665 4216 ο.
682 4161 723 4226 0.)
746 4179 787 4228 τις
808 4165 909 4232 Ausgg.
928 4163 969 4227 τίς
990 4164 1013 4216 Τ
1036 4164 1040 4229 1
1068 4157 1101 4217 δι’
1118 4157 1215 4233 αὐτοῦ]
1239 4157 1274 4218 δι’
1291 4157 1380 4219 αὑτοῦ
1400 4164 1485 4218 Lond.
1505 4162 1538 4218 δι’
1556 4157 1650 4219 αὐτῶν

344 4249 422 4301 Βεοί.
441 4247 475 4316 (ε.
489 4265 512 4302 α.
526 4246 567 4316 Ο.)
583 4249 586 4314 Ι
604 4245 642 4301 12
666 4249 798 4320 ζῷα-13
816 4242 928 4318 λογικὰ]
947 4243 1144 4321 λογικὰ-ζῷα
1162 4249 1240 4302 Βεοί.
1258 4247 1311 4315 (bei
1330 4247 1389 4302 Del.
1408 4249 1419 4302 I
1437 4251 1487 4304 206
1505 4253 1585 4303 Anm.
1604 4249 1625 4315 i)
1643 4251 1646 4291 ¹

345 4333 384 4389 1ss
408 4332 501 4386 hinter
519 4325 601 4387 αὐτοί
619 4338 652 4395 -1-
671 4325 694 4386 δ
713 4325 761 4385 ἀπ’
779 4325 874 4386 αὐτῶν
891 4333 968 4386 Bent.
987 4332 1111 4400 (ααθ.)
1132 4333 1190 4400 115
1212 4333 1254 4398 τίς
1272 4333 1351 4400 (auch
1369 4337 1459 4403 ερδίετ
1476 4334 1518 4389 ort
1536 4335 1579 4388 ίῑίε
1596 4336 1648 4400 τις)
1744 4397 1747 4404 Α

344 4417 385 4484 Τί
408 4417 446 4472 19
470 4419 635 4486 διατεθῆναι
658 4416 707 4470 Ox.
717 4415 802 4470 Lond.
827 4418 1023 4472 διατεθεῖσθαι
1045 4416 1333 4486 Ι)ε1.διατεθῆμαιΤ
1357 4419 1361 4484 Ι
1386 4417 1423 4473 21
1452 4418 1650 4474 διατεθεῖσθαί

343 4501 415 4570 τινα]
444 4502 609 4569 διατεθῆναί
633 4519 696 4556 τινα
724 4499 868 4554 01.1,0n‹1.
893 4503 1081 4569 διατεθῆοθαι
1099 4500 1162 4556 τινὰ
1184 4501 1206 4554 Τ
1229 4503 1233 4570 1
1257 4502 1295 4557 22
1319 4502 1411 4556 hinter
1432 4497 1487 4574 γὰρ
1507 4509 1538 4567 ÷
1557 4493 1650 4568 οὕτως

344 4585 712 4654 mmfflwffl
