3790 5526
595 485 693 541 ΚΑΤΑ
718 488 877 543 ΚΕΔΣΟΥ
899 489 957 545 vn
980 487 1078 542 18.19.
1097 486 1138 542 20.
1458 494 1514 554 171

217 653 390 736 γνωστέον
416 655 470 718 καὶ
497 647 578 730 τοῦς
598 645 754 738 χρόνους,
781 653 817 720 ἐν
844 650 894 733 οίς
917 643 996 732 ὅλος
1018 644 1037 720 6
1059 646 1141 731 λαὸς
1162 644 1411 737 ἀναγέγραπται
1431 645 1516 738 μετὰ

217 747 258 818 τό
284 753 506 836 πεποιηκέναι
532 745 573 819 τὸ
594 748 749 838 πονηρόν
770 747 920 820 ένῶπιον
940 757 1058 837 κυρίου
1078 750 1132 819 ἐπὶ
1155 745 1196 819 τό
1218 752 1354 831 βέλτιον
1375 750 1430 816 καὶ
1452 743 1516 832 τὴν

216 846 303 918 κατὰ
325 849 398 919 τόν
419 843 545 935 νόμον
567 854 760 932 θεοσέβειαν
780 855 1068 938 μεταβεβληκέναι.

297 950 379 1018 XIX
414 943 510 1016 Ἀλλὰ
537 953 592 1016 καὶ
620 951 711 1037 εἴπερ
741 947 998 1021 δυναστεύειν
1024 945 1140 1030 αύτοῑς
1167 942 1186 1018 6
1213 943 1333 1033 νόμος
1359 949 1516 1034 έπηγγέλ·

182 1054 293 1119 ὀλετο
309 1053 431 1135 λέγων·
453 1041 584 1136 ,ἄρξεις
606 1047 646 1118 σύ
668 1053 723 1136 [δέ]
747 1051 862 1119 έθνῶν
882 1055 1034 1133 πολλῶν,
1056 1054 1117 1118 σοῦ
1139 1052 1174 1118 δέ
1196 1045 1258 1118 ούκ
1281 1041 1447 1135 ῦρξουσι,“
1462 1048 1517 1113 καὶ

214 1151 316 1236 μηδὲν
338 1152 500 1235 δηλοῦται
522 1146 576 1218 διὰ
599 1146 734 1220 τούτων
756 1147 955 1236 βαθύτερον,
978 1153 1083 1237 δῆλον
1107 1141 1161 1220 ότι
1180 1152 1301 1236 πολλῷ
1316 1149 1422 1216 πλέον
1436 1171 1517 1214 κατ-

215 1254 395 1335 εγίνωσκεν
417 1241 436 1318 ό
460 1253 465 1333 Ι
489 1246 570 1329 λαὸς
596 1255 669 1318 τῶν
694 1247 782 1319 κατὰ
809 1247 883 1320 τὸν
909 1245 1033 1338 νόμον
1055 1253 1270 1337 ἐπαγγελιῶν.
1306 1239 1517 1334 παραφρύζει
1535 1257 1586 1314 708

216 1351 253 1416 δέ
276 1374 371 1428 τινας
397 1352 501 1432 λέξεις
528 1340 547 1417 ό
570 1353 710 1432 Κέλσος,
740 1346 965 1436 ἐμφαινούσας
990 1344 1281 1437 πληρωθήσεσθαι
1307 1351 1419 1416 πᾶσαν
1444 1342 1517 1431 τὴν

215 1451 286 1534 γῆν
313 1444 367 1516 διὰ
393 1452 456 1516 τοῦ
477 1440 647 1534 Ἑβραϊκοῦ
673 1453 875 1536 σπέρματος·
906 1440 990 1536 όπερ
1018 1445 1066 1530 ῶς
1091 1445 1177 1534 πρὸς
1199 1443 1263 1534 τὴν
1285 1448 1437 1532 ἱστορίαν
1459 1470 1517 1532 μη-

165 1561 199 1615 10
218 1550 368 1630 νίοντος,
397 1540 437 1616 ί’ν’
461 1537 574 1626 οῦτως
601 1540 773 1634 όνομύσω,
796 1553 868 1618 τοῦ
892 1555 993 1618 θεοῦ
1019 1552 1194 1636 γεγένηται
1220 1543 1303 1634 μετὰ
1326 1543 1390 1633 τὴν
1411 1539 1516 1632 Ἰησοῦ
1635 1589 1638 1595 ,

216 1646 392 1732 ἐπιδημίαν
419 1638 505 1732 ἤπερ
531 1641 682 1733 εῦλογίας
707 1641 943 1730 ύποδιδόντος.
989 1643 1074 1718 ἀλλὰ
1101 1652 1253 1732 καὶπερὶ
1275 1649 1339 1714 τοῦ
1360 1647 1397 1714 ἐν
1419 1646 1517 1730 έπαγ-

216 1750 309 1833 γελίηι
345 1745 496 1831 εἰρῆσθαι
529 1738 733 1827 Ἰουδαίοις
767 1744 1067 1833 καταφονεύειν
1097 1743 1192 1827 τοῦς
1220 1749 1435 1832 πολεμίους
1465 1751 1516 1810 λε-

214 1848 316 1913 κτέον
338 1836 436 1929 <ότι>,
460 1846 490 1912 εί
518 1872 570 1926 τις
597 1837 797 1932 όναλέγοιτο
818 1852 874 1915 καὶ
902 1849 1061 1933 προσέχοι
1087 1848 1254 1933 ἐπιμελῶς
1279 1861 1352 1925 ταῖς
1378 1848 1516 1927 λέξεσιν,
1546 1849 1551 1864 ’

216 1935 309 2029 εῦροι
340 1935 383 2011 {iv
414 1935 583 2012 ύδύνατον
608 1943 693 2014 εἶναι
719 1942 783 2033 τὴν
805 1941 853 2026 ῶς
873 1943 961 2034 πρὸς
983 1941 1023 2015 τό
1046 1942 1154 2034 ῥητόν
1176 1939 1326 2032 ἐκδοχῆν.
1369 1936 1464 2030 ἀρκεῖ
1484 1933 1516 2007 δ’

165 2055 196 2108 15
215 2045 270 2111 ἐπὶ
296 2047 359 2111 τοῦ
380 2037 553 2130 παρόντος
575 2036 642 2112 ύπό
665 2050 738 2114 τῶν
759 2051 907 2132 ψαλμῶν
928 2049 1154 2133 παραθέσθαι,
1177 2049 1254 2114 τίνα
1276 2037 1408 2130 τρόπον
1429 2034 1449 2110 6
1472 2042 1517 2108 δί-

213 2167 308 2223 καιος
330 2137 495 2227 εἰσάγεται
516 2145 626 2229 λέγων
647 2140 732 2230 πρὸς
755 2144 881 2230 ἑτέροις
901 2146 957 2212 καί
979 2138 1033 2212 τό·
1055 2147 1123 2228 ,εἰς
1145 2140 1205 2225 τὰς
1220 2144 1352 2230 πρωίας
1367 2136 1517 2212 ἀπέκτει-

214 2267 277 2310 νον
298 2237 430 2322 πάντας
451 2239 531 2323 τούς
553 2235 775 2329 ἁμαρτωλούς
796 2248 857 2330 τῆς
880 2248 953 2332 γῆς,
980 2247 1044 2314 τοῦ
1064 2245 1303 2330 έξολοθρεῦσαι
1324 2245 1361 2311 ἐκ
1382 2235 1517 2318 πόλεως

212 2346 330 2428 κυρίου
361 2337 494 2420 πάντας
523 2339 604 2422 τοῦς
640 2344 882 2430 ἐργαζομένους
912 2340 976 2430 τὴν
1006 2337 1179 2431 ἀνομίαν.“
1220 2335 1363 2429 πρόσχες
1394 2337 1434 2427 δὴ
1465 2344 1517 2427 τῷ

214 2438 308 2529 ῥητῷ
331 2447 388 2510 καὶ
410 2446 453 2528 τῇ
476 2445 623 2510 διαθέσει
646 2446 708 2512 τοῦ
729 2445 899 2529 λέγοντος,
921 2446 949 2510 εἰ
970 2439 1111 2512 ἐδύνατο
1134 2436 1422 2528 ύνδραγαθὴματα
1437 2465 1518 2526 προ-

163 2549 197 2604 20
213 2534 467 2626 διηγησόμενος,
494 2532 579 2628 ἕπερ
603 2540 748 2610 ἔκκειται
775 2546 825 2628 τῷ
853 2545 1049 2630 βουλομένῳ
1072 2535 1324 2628 ύναγινῶσκειν,
1348 2542 1518 2625 ἐπιφέρειν

214 2634 255 2707 τὸ
283 2633 330 2720 ῶς
356 2635 442 2726 πρὸς
466 2637 531 2728 τὴν
559 2643 649 2724 λέξιν
671 2637 831 2723 δυνατὸν,
861 2633 916 2710 ότι
938 2635 1000 2709 ούκ
1021 2635 1114 2730 ἄλλῳ
1137 2645 1245 2730 καιρῷ
1269 2644 1330 2728 τῆς
1352 2633 1474 2728 ἡμέρας
1496 2630 1517 2724 ἢ

214 2743 264 2826 τῷ
292 2735 429 2827 ἓωθινῶ
457 2734 573 2826 ύνῄρει
598 2735 751 2822 ,πάντας
778 2737 858 2821 τούς
880 2733 1101 2828 ἁμαρτωλούς
1127 2744 1188 2828 τῆς
1209 2743 1300 2828 γῆς,“
1323 2733 1370 2821 ῶς
1391 2741 1518 2828 μηδένα

213 2847 414 2908 καταλιπεῖν
438 2835 555 2908 αύτῶν
582 2845 708 2924 ζῶντα·
736 2844 791 2908 καί
820 2841 847 2908 εί
874 2835 1105 2926 ἐξωλόθρευεν
1132 2835 1200 2910 ἀπὸ
1228 2843 1289 2928 τῆς
1308 2831 1519 2926 Ἰερουσαλὴμ

212 2932 320 3007 πάνθ’
342 2931 504 3008 όντινοῦν
525 2933 716 3027 ἄνθρωπον
738 2934 960 3026 ἐργαζόμενον
981 2937 1067 3026 ,τὴν
1089 2934 1261 3027 ἀνομίαν.“
1296 2934 1409 3008 πολλὰ
1428 2930 1460 3004 δ’
1477 2929 1519 3005 {iv

150 3056 196 3142 '⁶25
215 3027 326 3124 εύροις
356 3040 413 3106 καὶ
444 3040 481 3107 έν
508 3041 565 3126 τῶ
596 3033 703 3127 νόμῳ
735 3043 878 3107 τοιαῦτα
910 3034 958 3119 ῶς
991 3035 1031 3108 τό
1062 3033 1125 3122 ,ού
1151 3043 1376 3125 κατελίπομεν
1402 3031 1519 3104 αύτῶν

214 3143 389 3223 ζωγρίαν.“

297 3237 363 3304 ΧΧ.
402 3240 500 3324 Φέρει
521 3239 542 3305 δ
575 3229 737 3318 όΙίέλσος
751 3242 806 3306 καὶ
821 3233 863 3307 τό
885 3243 1153 3326 προειρῆσθαι
1174 3233 1289 3318 αύτοῑς
1309 3232 1358 3322 μὴ
1380 3243 1519 3304 πειθο-

214 3339 349 3421 μένοις
372 3340 429 3423 τῶ
451 3330 559 3425 νόμῳ
576 3333 619 3406 τὰ
633 3330 718 3404 αύτά
733 3340 917 3419 πείσεσθαι,
933 3329 1017 3424 ὅπερ
1034 3339 1160 3426 έδρων
1183 3334 1278 3417 τοῦς
1295 3324 1519 3422 πολεμίους.

214 3439 269 3503 καὶ
300 3441 381 3522 πρὶν
409 3428 452 3504 ἄν
480 3463 515 3504 τι
545 3440 746 3523 παρατιθείς
772 3431 910 3518 τούτοις
937 3430 956 3506 6
981 3442 1108 3520 Κέλσος
1132 3431 1295 3525 χρήσηται
1322 3433 1372 3516 οἷς
1394 3438 1520 3522 νομίζει

163 3559 197 3616 30
214 3533 439 3622 έναντιῶμασι
467 3533 555 3623 πρὸς
584 3533 658 3606 τόν
689 3529 814 3621 νόμον
844 3529 912 3606 ἀπὸ
941 3541 1003 3624 τῆς
1034 3541 1184 3625 Χριστοῦ
1216 3539 1441 3617 διδασκαλίας,
1469 3542 1520 3603 λε-

213 3637 316 3703 κτέον
336 3641 414 3721 περὶ
435 3641 508 3704 τῶν
529 3637 845 3724 προειρημένων.
890 3641 998 3721 φαμὲν
1020 3642 1141 3707 τοίνυν
1157 3629 1211 3708 ότι
1227 3629 1246 3705 6
1261 3629 1383 3723 νόμος
1405 3629 1520 3715 διττός

130 3751 194 3805 173v
215 3736 316 3816 ἐστιν,
348 3727 366 3803 ό
392 3740 453 3822 μέν
479 3761 532 3816 τις
558 3731 645 3822 πρός
666 3733 773 3823 ῥητὸν
796 3727 814 3804 6
834 3737 868 3804 δὲ
889 3734 976 3821 πρὸς
999 3731 1165 3819 διάνοιαν,
1188 3731 1235 3817 ῶς
1256 3740 1312 3806 καὶ
1331 3739 1336 3822 1
1356 3740 1429 3804 τῶν
1449 3734 1519 3822 πρὸ

216 3827 313 3920 ἡμῶν
344 3859 435 3916 τινες
465 3835 626 3920 ἐδίδαξαν.
668 3840 724 3903 καὶ
753 3826 772 3903 ό
801 3838 862 3922 μὲν
888 3832 975 3922 πρὸς
1001 3833 1043 3906 τό
1069 3834 1176 3925 ῥητὸν
1202 3830 1242 3906 οῦ
1268 3838 1439 3906 τοσοῦτον
1460 3827 1517 3919 ὐφ’

234 4035 240 4054 .
298 4005 315 4059 5
338 4001 401 4073 Vgl.
419 4001 499 4058 Dent.
520 4005 560 4072 15,
579 4005 603 4059 6.
627 4003 668 4064 28.
688 4003 728 4059 12.
751 4033 785 4042 -
808 4003 847 4060 10
871 4001 942 4058 Ρεαλ.
962 4005 1019 4072 100,
1037 4004 1113 4059 8.-
1131 4004 1170 4060 00
1194 4003 1258 4074 Vgl.
1276 4003 1348 4058 Ρεελ.
1368 4003 1425 4068 100,
1443 4001 1467 4056 8.
1485 4031 1518 4040 -

216 4087 254 4143 25
273 4087 352 4142 Deut.
371 4089 395 4152 2,
413 4088 447 4142 34
465 4087 554 4156 (Num.
571 4087 612 4154 21,
630 4087 682 4156 35).
705 4117 737 4128 -
760 4089 799 4144 01
818 4087 881 4157 vgl.
899 4088 992 4152 Philo,
1015 4088 1056 4144 De
1078 4089 1187 4158 migrat.
1205 4088 1271 4142 Abr.
1290 4087 1354 4158 Cap.
1372 4086 1436 4141 XVI
1455 4085 1518 4154 (vol.

217 4173 227 4224 1
246 4189 270 4242 p.
288 4173 340 4228 450
357 4173 399 4228 ed.
417 4171 555 4242 Mangey).

301 4323 320 4379 4
343 4319 543 4394 ἐπηγγέλλετο]
569 4321 617 4377 das
640 4322 770 4378 τπείίελ
792 4322 965 4392 ubergesehr.
984 4341 1002 4376 u
1020 4324 1069 4378 das
1087 4323 1215 4392 fulgendo
1233 4341 1247 4378 ε
1265 4339 1314 4377 aus
1332 4324 1348 4376 λ
1369 4337 1437 4375 corr.
1454 4320 1492 4373 Αἱ
1514 4319 1518 4387 l

214 4405 231 4460 5
251 4404 300 4476 [δὲ]
319 4407 387 4476 tilge
399 4409 451 4474 ich,
470 4407 722 4477 vgl.unten8.173
740 4407 766 4461 Z.
780 4409 812 4462 16
824 4425 850 4462 u.
862 4407 887 4462 S.
901 4409 951 4463 175
964 4408 1018 4464 Z.5
1034 4409 1038 4477 Ι
1052 4409 1070 4464 0
1088 4405 1220 4478 δηλονότι
1232 4409 1256 4462 Α
1271 4411 1276 4476 Ι
1291 4405 1521 4476 κατεγίγνωσκεν

215 4495 239 4545 Α
263 4493 267 4560 Ι
292 4492 329 4547 11
350 4486 537 4558 ἄποδίδοντος
553 4495 578 4546 A
602 4493 606 4560 Ι
631 4492 669 4548 10
692 4483 765 4561 (ότι)
784 4491 848 4561 fflge
865 4492 910 4546 ich
928 4491 980 4546 mit
996 4491 1055 4546 Del.
1073 4492 1118 4548 ein
1142 4495 1145 4562 Ι
1169 4492 1309 4563 προσέχοι
1331 4489 1519 4557 MJolAusgg.

215 4575 350 4646 προσέχει
373 4581 398 4632 Α
418 4579 422 4646 Ι
443 4579 481 4634 10
503 4578 595 4632 hinber
617 4570 864 4648 ύνδραγαθὴματα
881 4582 914 4641 ÷
931 4569 1148 4647 α’ναγινιύσκειν,
1174 4577 1245 4632 doch
1270 4575 1486 4650 expungiert‚A
1514 4575 1518 4640 ί

216 4661 255 4716 00
279 4657 468 4733 ἐξωλέθρενεν
490 4663 514 4716 Α
534 4663 537 4730 Ι
561 4661 601 4718 20
629 4659 763 4732 ζωγρίαν]
786 4661 797 4714 ί
818 4661 870 4714 auf
884 4661 971 4714 Rasur
986 4662 1011 4714 A
1027 4663 1030 4728 ί
1047 4661 1160 4720 00-01
1179 4681 1224 4718 εον
1242 4661 1321 4718 Rand
1341 4679 1376 4732 ση
1393 4663 1438 4716 A².
