3750 5508
566 387 666 443 ΚΑΤΑ
693 387 851 448 umor
872 392 915 450 vl
940 393 981 448 16.
999 391 1039 447 16.
1057 393 1098 446 17.
1461 395 1500 460 87

276 552 306 618 εί
334 553 372 622 δὲ
403 549 448 640 μή
476 549 562 640 μετά
592 557 655 623 τοῦ
682 571 789 642 μισεῑν
814 559 869 624 καί
896 547 1149 642 ἀπεχθάνεσθαι
1175 556 1328 642 ἐντυχών
1343 573 1427 638 τοῖς
1453 550 1502 625 εὖ·

197 655 366 736 αγγελίοις
395 647 590 742 φιλαλήθης
616 642 659 740 ἦν
681 645 701 723 ὅ
724 659 865 736 Κέλσος,
893 656 1074 742 ἐπέστησεν
1096 647 1148 738 άν,
1176 661 1210 725 τί
1232 651 1272 743 δή
1294 681 1379 726 ποτε
1401 681 1503 742 παρε-

197 743 312 836 λήφθη
339 746 535 840 κάμηλος,
559 749 600 822 τὸ
627 758 700 822 τῶν
731 749 833 842 ζῴων
865 744 947 824 ὅσον
976 755 1031 823 ἐπὶ
1063 759 1105 840 τῇ
1134 761 1324 842 κατασκευῇ
1354 751 1502 838 σκολιὸν,

195 845 501 940 παραβαλλόμενον
529 857 580 940 τῷ
605 857 799 940 πλουσίῳ,
821 855 876 921 καί
899 858 933 922 τί
955 845 1051 941 αέτῲ
1072 848 1273 936 ἐβούλετο
1254 881 1274 942 η
1298 851 1429 942 στενή,
1433 859 1504 944 ,τῆς

165 945 386 1032 δίαφίθος(ι
418 923 595 1071 τρυμαλιά,
622 949 745 1039 στενήν
775 946 942 1036 φάσκοντι
972 921 1056 1021 εἶναι
1086 958 1142 1022 καί
1173 957 1401 1072 τεθλιμμένηυ
1423 951 1503 1043 (τήν

194 1037 287 1132 ὁδὸν)
320 1046 392 1136 τήν
420 1045 651 1168 άπάγουοαν,
653 1050 708 1132 ,είς
736 1047 801 1138 τήν
826 1047 947 1138 ζωήν,“
977 1055 1032 1120 καί
1063 1049 1105 1122 τὸ
1130 1049 1217 1122 κατὰ
1244 1050 1308 1124 τὸν
1333 1048 1441 1142 νόμον
1467 1057 1503 1124 δὲ

195 1139 440 1235 τίοιάθ..αρτον“
466 1145 508 1220 τὸ
535 1155 626 1238 ζῷον
651 1143 909 1238 ἀναγεγράφθαι
931 1154 1047 1232 τοῦτο,
1074 1151 1153 1239 ἐχον
1173 1156 1234 1240 μέν
1255 1181 1288 1222 τι
1310 1147 1503 1224 άποέειιτόν

196 1243 232 1314 τὸ
261 1252 498 1334 μαρτπιᾶσθαι,
530 1251 607 1336 ἔχον
637 1253 673 1318 δὲ
702 1253 758 1320 καί
788 1245 919 1334 ψεκτὸν
945 1246 986 1320 τὸ
1011 1247 1056 1340 μή
1083 1251 1241 1338 διχηλειν·
1277 1245 1480 1340 ἐξήτασεν
1460 1279 1503 1323 αν

193 1339 293 1414 τρί’
273 1342 397 1428 οσάιιις
425 1349 463 1418 έν
443 1365 557 1430 νταις
579 1353 688 1431 θείαις
708 1345 915 1437 παρελήφθη
935 1345 1112 1438 κάμηλος
1138 1367 1280 1468 γραφαῖς
1300 1355 1356 1420 καί
1377 1354 1432 1422 ἐπὶ
1455 1359 1501 1424 τί·

152 1459 274 1516 Ιινων.
306 1447 367 1516 ἵνα
401 1443 561 1570 θεωρήσῃ
595 1445 635 1518 τὸ
665 1453 740 1536 περί
770 1455 852 1519 τῶν
881 1455 1088 1520 πλουσίων
1117 1455 1180 1520 τοῦ
1209 1444 1312 1538 λόγου
1337 1447 1501 1540 βούλημα·

192 1539 251 1614 σάπ
280 1547 398 1616 εἴασεν
426 1573 469 1616 αν
494 1541 720 1630 ἀβασάνιστον
744 1555 800 1618 καί
827 1543 868 1617 τὸ
895 1555 1136 1636 μακαρίζεσθαι
1156 1547 1320 1635 μὲντοὺς
1341 1549 1500 1638 πτωχοὺς

121 1671 177 1720 mr
192 1639 257 1714 άπὸ
281 1650 348 1716 τοῦ
363 1642 470 1736 Ἰησοῦ
487 1651 493 1732 Ι
511 1653 651 1732 ταλανίς
652 1655 748 1716 εσθαι
771 1651 806 1718 δὲ
829 1645 924 1730 τοὺς
943 1652 1162 1729 πλουσίους
1183 1641 1334 1736 πότερον
1356 1651 1501 1722 ἐπὶτῶν

194 1745 377 1834 αἰσθητῶν
408 1742 504 1836 αὐτῷ
534 1751 671 1816 ταῦτα.
709 1753 911 1834 ..πτωχῶν
940 1751 995 1816 καί
1025 1753 1243 1832 πλουσίων,
1275 1741 1295 1836 ἢ
1327 1748 1400 1819 οίθέ
1425 1777 1501 1820 τινα

193 1849 372 1930 πτωχείαν
407 1841 550 1928 πάντως
585 1799 906 1935 μαπαριςομένην“
888 1874 906 1917 ο
945 1841 1046 1934 λόγος
1080 1850 1135 1918 καὶ
1172 1852 1329 1919 πλοῦτον
1359 1844 1502 1930 πάντως

149 1961 178 2014 15
194 1939 337 2015 τακτόν·
377 1971 440 2016 ουκ
475 1973 518 2016 αν
553 1973 615 2033 γαρ
650 1939 769 2016 ovd*
750 1973 769 2016 ο
806 1945 920 2033 τυχών
949 1939 1096 2033 άιιρίτως
1125 1944 1206 2028 τούς
1233 1945 1393 2035 πτωγοῦς
1423 1945 1502 2034 ἐπή-

194 2065 295 2117 υεσεν
325 2034 380 2114 ὧν
405 2045 438 2114 οί
463 2049 586 2116 πολλοί
613 2051 667 2114 καί
695 2040 908 2132 φαολότατοί
934 2049 995 2114 είοι
1017 2042 1059 2114 τά
1081 2039 1159 2134 ήθη.
1202 2040 1287 2118 άλλά
1309 2052 1501 2131 ταῦταμὲν

194 2167 311 2230 '‘MU-

273 2263 379 2330 XVII.
412 2255 553 2331 Ἑπείδ
572 2259 646 2349 ἐξής
668 2265 867 2346 έξευτελίσαι
888 2257 1093 2350 βουλόμενος
1115 2258 1163 2330 τά
1184 2266 1273 2350 περὶ
1297 2269 1500 2348 βασιλείας

193 2365 291 2430 θεοῦ
324 2365 533 2450 γεγραμμένα
560 2355 640 2448 παρ’
663 2355 741 2450 ήμιν
771 2357 910 2430 τούτων
937 2365 999 2448 μὲν
1023 2355 1123 2430 οὐδὲν
1147 2365 1318 2450 παρέθετο
1345 2357 1394 2444 ως
1423 2358 1501 2433 οὐδὲ

148 2476 178 2528 ’.ο
194 2463 251 2548 τῆς
279 2456 366 2548 παρ’
385 2457 481 2550 αὐτῷ
508 2455 603 2546 ἄξιον
629 2453 841 2549 ἀναγραφῆς,
868 2455 954 2546 τάχα
980 2463 1051 2530 ἐπεὶ
1076 2465 1160 2548 μηδὲ
1180 2453 1253 2546 ᾔδει
1274 2455 1374 2544 αὐτὰ,
1397 2459 1499 2532 Πλά·

193 2587 327 2642 τωνος
356 2565 392 2630 δὲ
423 2565 547 2646 λέξεις
575 2562 747 2630 ἐκτίθεται
775 2555 843 2630 άπό
878 2587 915 2630 τε
950 2565 1034 2632 τῶν
1064 2561 1295 2628 ἐπιστολῶν
1329 2567 1394 2630 καί
1427 2567 1500 2632 τοῦ

195 2663 386 2748 Φαίδρου,
414 2657 463 2742 ὥς
485 2658 622 2730 τούτων
640 2663 702 2750 μὲν
728 2662 879 2740 ένθέως
900 2662 1135 2748 εἰρημένων,
1158 2653 1258 2732 οὐδὲν
1279 2665 1314 2731 τίέ
1336 2667 1500 2733 τοιοῦτον

193 2753 349 2844 ἐχόντων
374 2763 449 2828 τῶν
471 2755 641 2848 ήμετέρων
662 2754 879 2848 γραμμάτων
910 2763 989 2846 φέρε
1009 2752 1105 2846 ὀλίγα
1125 2754 1500 2850 παραβάλωμενπαρα-

194 2861 323 2942 θέσεως
345 2859 457 2930 ένειιεν
479 2864 540 2948 τῆς
561 2856 648 2946 πρὸς
670 2857 712 2930 τά
728 2855 915 2930 Πλάτωνι
936 2853 998 2928 οὐκ
1019 2853 1200 2940 ἀπιθάνως
1213 2863 1275 2945 μὲν
1297 2861 1497 2948 εἰρημένα,

150 2969 179 3024 23
194 2953 232 3026 σά
256 2957 328 3046 μήν
354 2963 409 3028 καί
432 2963 597 3029 διαθέντα
618 2957 681 3030 τὸν
704 2953 897 3045 φιλόσοφον
919 2955 1019 3042 ἀξίως
1040 2949 1104 3027 κάν
1125 2952 1219 3046 αὐτῷ
1241 2951 1498 3048 άναστραφήναι

193 3059 229 3125 ἐν
255 3063 302 3144 τῇ
327 3059 414 3144 πρὸς
441 3057 503 3130 τὸν
529 3057 679 3148 ποιητήν
705 3063 778 3128 τῶν
804 3051 899 3128 ὅλων
924 3053 1081 3148 εὐσεβείᾳ·
1115 3050 1157 3144 ἢν
1182 3057 1283 3146 ἐχρῆν
1307 3055 1352 3146 μή
1379 3057 1497 3129 νοθεύ-

193 3183 242 3226 ειν
261 3159 347 3246 μηδὲ
367 3165 512 3246 μιαίνειν
532 3165 584 3246 τῇ,
608 3153 655 3239 ὦς
677 3151 768 3246 ἡμεῖς
790 3150 1008 3245 ὀνομάζομεν,
1030 3161 1298 3246 είδωλολατρείᾳ,
1321 3152 1369 3238 ως
1391 3161 1497 3227 δὲκαὶ

194 3257 373 3328 οίπολλοί
395 3262 524 3348 λέγοιεν
545 3252 588 3329 ἂν
607 3255 775 3344 χρώμενοι
798 3261 848 3344 τῷ
871 3249 1025 3342 ὀνόματι,
1047 3261 1101 3325 καί
1124 3263 1167 3344 τῇ
1188 3259 1436 3347 δεισιδαιμονίᾳ.

278 3449 297 3506 ι
316 3451 380 3522 vgl.
398 3451 486 3506 τιατ.
504 3453 545 3518 10,
562 3453 604 3508 25.
623 3480 655 3494 -
672 3453 689 3508 ε
706 3449 770 3522 vgl.
782 3449 880 3504 αισι.
894 3451 917 3518 ι,
931 3451 971 3504 ιι
989 3479 1022 3488 -
1042 3451 1056 3508 ι
1078 3449 1140 3520 ιρι.
1154 3449 1215 3506 ιιι.
1229 3451 1269 3512 ιι,
1281 3450 1306 3504 ι.
1323 3477 1358 3490 -
1376 3451 1414 3506 11
1433 3447 1496 3520 τρι.

195 3533 291 3590 nuth.
309 3539 335 3600 ε,
352 3537 377 3590 3.
400 3535 467 3592 ια.
486 3539 510 3602 ο,
528 3537 569 3594 20.
587 3567 620 3578 -
640 3535 677 3594 ιι
698 3533 761 3606 vgl.
779 3535 846 3590 αα.
864 3536 887 3600 6,
906 3537 947 3592 24.
972 3537 1012 3600 ιο,
1031 3535 1139 3590 19-31.

280 3711 293 3766 ί
318 3705 345 3768 εί
364 3707 394 3766 σί
410 3704 459 3780 μή]
482 3709 508 3766 εί
528 3708 557 3765 δὲ
574 3705 629 3766 κᾶν
645 3713 788 3766 τετιοαίειι
805 3710 853 3764 Βο.
872 3709 970 3779 (Notae
987 3727 1012 3780 p.
1031 3709 1090 3778 394)
1108 3727 1134 3764 u.
1152 3708 1212 3764 Del.
1235 3708 1257 3776 Ιί
1273 3708 1324 3764 642
1342 3709 1422 3762 Δοιο.
1441 3707 1470 3777 b)
1490 3709 1494 3776 Ι

194 3794 286 3850 mv
302 3789 395 3870 ζρέοινΙ
418 3798 495 3864 ζῶον
511 3795 575 3850 lieet
592 3795 675 3850 Guiet
691 3795 747 3864 (bei
765 3795 825 3850 Del.
843 3795 854 3848 I
873 3795 924 3850 642
942 3797 1021 3848 Anm.
1040 3796 1065 3862 ο)
1087 3793 1158 3848 ohne
1177 3791 1271 3847 Grund
1290 3794 1295 3860 Ι
1313 3793 1331 3850 6
1352 3786 1495 3863 τρυμαλιά

195 3883 219 3932 A
237 3880 381 3948 τριμαλία
402 3884 505 3950 Auugg.
532 3881 536 3947 Ι
563 3873 628 3950 (τήν
646 3873 730 3948 ὁδὸν)
753 3880 818 3948 fuge
839 3877 884 3932 ich
908 3877 979 3932 nach
1001 3878 1064 3932 dem
1082 3879 1114 3934 N.
1131 3878 1161 3933 Τ.
1179 3877 1230 3932 mit
1247 3875 1300 3932 den
1318 3877 1420 3946 Ausgg.
1439 3877 1496 3941 eim

195 3961 242 4018 der
262 3963 406 4018 Sehreiber
427 3963 464 4018 ist
486 3962 559 4018 wohl
577 3980 631 4018 von
649 3964 711 4018 dem
729 3965 819 4020 ersten
836 3981 869 4016 ιο
888 3963 950 4016 dem
969 3963 1084 4017 zweiten
1101 3955 1153 4032 τήν
1171 3961 1292 4032 abgeirrt
1314 3962 1319 4031 Ι
1343 3955 1495 4016 λα’ποθεκ-

195 4041 285 4102 τίτΔ
304 4041 465 4103 ἀπόδεκτον
481 4051 583 4118 Ausgg.
606 4049 610 4116 Ι
635 4049 653 4105 8
677 4051 865 4119 μαρυκᾶσθαι
886 4047 1016 4118 ΑΗσ.8ρ.
1034 4049 1221 4118 μηροκᾶσθαι
1239 4045 1299 4101 Del.
1320 4049 1324 4114 Ι
1346 4046 1384 4101 λθ
1405 4045 1496 4099 hinter

196 4137 282 4188 ταῦτα
299 4131 401 4188 nimmt
418 4131 477 4188 1101.
495 4134 517 4200 ΙΙ
534 4133 585 4190 642
602 4135 683 4188 Anm.
702 4133 729 4195 d)
748 4132 801 4188 mit
817 4132 912 4192 Recht,
929 4149 964 4186 w.
976 4149 999 4186 e.
1011 4132 1076 4198 sch..
1094 4131 1147 4186 den
1165 4130 1272 4186 Aunfall
1290 4130 1365 4186 eines
1377 4129 1494 4192 Νοτίου,

196 4219 252 4274 2.st
264 4213 386 4289 εἴρηται,
398 4235 434 4272 αα
449 4220 455 4284 Ι
470 4217 508 4274 18
526 4213 706 4288 ἐξευτελῆοαι
717 4221 742 4272 A
756 4219 761 4286 Ι
777 4217 816 4274 28
833 4206 1050 4286 παραβάλωμεν
1061 4217 1085 4268 Α
1096 4213 1329 4286 παραβάλλωμεν
1339 4213 1476 4282 MAusgg.
1489 4213 1494 4282 Ι

195 4301 232 4359 2⁵
253 4297 339 4370 ἀξίοις
360 4295 415 4358 κάν
437 4295 523 4375 αὐτῷ]
546 4295 633 4368 ιίξίως
652 4303 704 4358 καί
725 4293 813 4360 αὐτὸν
834 4299 901 4356 oder
918 4292 999 4365 ἄξιον
1015 4299 1065 4354 ιιαί
1083 4292 1172 4354 αὐτὸν
1189 4299 1324 4352 εεταιοίεί
1341 4296 1423 4352 (λαίοί
1440 4296 1494 4362 (bei

195 4385 249 4442 Del.
268 4389 350 4444 1642
368 4391 450 4444 Am.
468 4389 505 4454 e);
527 4385 677 4456 Ιοθοοίείίε
699 4386 735 4441 ist
752 4382 828 4458 αὐτῷ
850 4383 985 4453 muthusis
1000 4399 1027 4438 u.
1046 4382 1186 4438 vielleicht
1203 4399 1251 4436 εισι
1269 4375 1359 4438 αὐτὸν
1375 4385 1495 4436 entmu-

196 4471 255 4536 τίω,
277 4473 371 4528 indm
393 4465 450 4528 κᾶν
471 4472 512 4528 als
528 4465 583 4528 πάν
600 4475 640 4540 (so
658 4472 680 4526 P
698 4471 783 4526 durch
801 4467 955 4538 conjectat)
973 4467 1124 4537 οοίρείαιεί
1142 4466 1235 4520 wurde
1257 4465 1262 4536 Ι
1287 4465 1326 4521 26
1353 4461 1492 4535 νοθεύειν]

196 4555 336 4614 mesiam
355 4561 389 4612 Δ.
