3780 5538
348 409 409 472 332
889 401 1111 458 σοινπποιε

347 561 500 654 ἀλήθεια,
522 570 576 634 καί
599 572 709 653 κρίσιν
729 561 900 655 ἀληθινήν
921 572 977 636 καὶ
999 570 1132 636 δικαίαν
1153 564 1193 636 σύ
1214 569 1337 653 κρίνεις
1360 567 1406 644 είς
1428 561 1492 633 τὸν
1513 563 1648 631 αίῶνα.“

347 670 419 736 ἐπεὶ
453 671 488 735 δὲ
521 662 562 734 τὸ
588 669 649 752 μὲν
677 669 714 736 ἐν
740 671 791 754 τῷ
815 664 940 754 Δανιὴλ
967 663 1075 754 ῥητόν
1102 662 1274 750 ούβέλισαν,
1302 660 1350 746 ιδς
1370 659 1415 750 μή
1436 667 1592 748 κείμενον
1613 664 1649 732 ἐν

348 769 402 853 τῴ
423 758 593 852 Ἑβραϊκῷ,
616 771 659 852 τῇ
681 769 716 834 δὲ
740 771 801 835 τοῦ
820 764 937 854 Τωβὴτ
958 773 1065 854 βίβλῳ
1088 760 1321 854 ἀντιλέγουσιν
1343 766 1376 834 οἱ
1397 766 1434 832 ἐκ
1456 765 1648 850 περιτομῆς,

347 860 395 946 ιός
421 862 466 952 μὴ
493 861 697 954 ἐνδιαθῆκῳ,
723 861 965 954 παραθήσομαι
991 869 1028 936 ἐκ
1054 870 1115 954 τῆς
1138 865 1277 954 πρώτης
1300 869 1374 932 τῶν
1396 867 1586 932 Βασιλειῶν
1607 858 1648 931 τό

312 969 408 1052 στῆς
431 958 561 1052 Ἆννης·
593 970 667 1047 ,καὶ
700 962 916 1052 προσηύξατο
948 962 1035 1051 πρὸς
1061 961 1179 1052 κύριον
1202 971 1207 1050 Ι
1230 969 1283 1034 καὶ
1310 964 1475 1047 κλαυθμῷ
1503 959 1649 1029 ἔκλαυσε.
1666 973 1720 1028 221

345 1069 401 1132 καὶ
429 1056 557 1152 ηὔξατο
585 1058 683 1152 εύχήν
709 1069 764 1133 καὶ
786 1065 870 1134 είπε·
898 1063 994 1152 κύριε
1016 1069 1090 1134 τῶν
1111 1060 1297 1152 δυνάμεων,
1320 1059 1380 1131 ἐὰν
1402 1056 1560 1148 ἐφοράσει
1581 1062 1650 1129 ἐπί-

347 1169 406 1249 δης
438 1165 493 1232 ἐπὶ
524 1159 589 1250 τήν
616 1169 821 1233 ταπείνωσιν
847 1169 908 1252 τῆς
935 1161 1058 1252 δούλης
1084 1171 1165 1234 σου“
1190 1168 1245 1232 καί
1272 1160 1316 1233 τά
1343 1161 1431 1249 ἑξῆς,
1457 1167 1513 1230 καί
1539 1163 1648 1250 ἐντῷ

346 1258 545 1349 Ἀββακούμ·
572 1260 760 1351 ,προσευχὴ
786 1257 967 1350 Ἀββακούμ
999 1268 1062 1332 τοῦ
1086 1259 1268 1350 προφήτου
1292 1259 1377 1350 μετὰ
1405 1255 1504 1348 ᾠδῆς.
1544 1254 1648 1346 κύριε,

345 1357 524 1450 είσακήκοα
549 1358 614 1448 τήν
639 1358 762 1450 φωνήν
788 1383 849 1432 σου
874 1367 930 1431 καί
951 1359 1141 1452 ἐφοβήθην·
1172 1358 1273 1448 κύριε,
1295 1355 1485 1447 κατενόησα
1506 1355 1549 1428 τά
1571 1360 1649 1446 ἔργα

296 1475 329 1529 10
345 1482 408 1531 σου
432 1465 487 1529 καί
514 1463 663 1548 ἐξέστην·
692 1463 730 1532 ἐν
755 1465 845 1549 μέσῳ
872 1461 935 1531 δύο
963 1459 1064 1549 ζῴων
1091 1458 1286 1550 γνωσθήσῃ,
1309 1464 1346 1531 ἐν
1371 1463 1424 1548 τῷ
1447 1461 1585 1546 ἐγγίζειν
1606 1455 1648 1528 τὰ

279 1577 329 1630 13r
349 1561 407 1648 ἔτη
438 1556 716 1649 ἐπιγνωΙσθήση.“
755 1555 887 1647 σφόδρα
917 1564 953 1629 δέ
985 1553 1072 1647 αύτη
1105 1563 1258 1647 ἐμφαίνει
1289 1555 1331 1628 τό
1362 1556 1449 1628 κατὰ
1476 1555 1540 1628 τόν
1566 1549 1649 1644 όρυν

346 1663 407 1747 τῆς
427 1663 626 1746 προσευχῆς,
650 1652 705 1731 ότι
726 1657 811 1748 μετὰ
834 1665 1029 1746 δοξολογίας
1051 1665 1102 1748 τῷ
1126 1663 1386 1747 προσευχομένη
1408 1653 1649 1746 ἀναπέμπεται.

347 1753 432 1828 άλλά
463 1765 519 1828 καί
547 1761 585 1828 ἐν
617 1764 668 1846 τῷ
695 1754 789 1852 Ἰωνᾷ
815 1755 1051 1847 ,προσηύξατο
1077 1755 1190 1841 Ἰωνᾶς
1216 1756 1303 1846 πρός
1328 1755 1448 1846 κύριον
1474 1753 1538 1826 τόν
1566 1754 1650 1826 θεὸν

347 1853 454 1928 ούτοῦ
479 1861 516 1927 ἐκ
542 1862 603 1946 τῆς
629 1864 760 1938 κοιλίας
786 1864 850 1928 τοῦ
874 1854 999 1945 κήτους
1025 1865 1081 1928 καὶ
1108 1859 1215 1929 εἷπεν·
1244 1853 1366 1946 ἐβόησα
1388 1859 1425 1928 ἐν
1446 1861 1565 1942 θλίψει
1585 1882 1650 1942 μου

296 1978 329 2031 15
345 1952 433 2043 πρὸς
461 1955 582 2046 κύριον
613 1954 677 2026 τὸν
708 1952 793 2028 θεόν
824 1983 902 2045 μου,
935 1963 990 2026 καλ
1028 1955 1201 2047 είσήκουσέ
1228 1979 1308 2046 μου·
1341 1960 1378 2026 ἐκ
1407 1962 1537 2038 κοιλίας
1567 1948 1650 2046 ᾅδου

346 2059 492 2144 κραυγῆς
517 2082 582 2142 μου
608 2049 755 2143 ήκουσας
786 2061 906 2145 φωνῆς
931 2080 1010 2144 μου·
1044 2051 1234 2146 άπέῤῥιψάς
1258 2083 1297 2140 με
1324 2058 1369 2137 είς
1394 2052 1485 2143 βάθη
1511 2059 1649 2139 καρδίας

346 2151 526 2242 θαλάσσης,
549 2161 605 2224 καί
625 2163 774 2242 ποταμοί
794 2152 993 2226 ἐκύκλωσάν
1012 2165 1079 2244 με.“

429 2267 456 2324 5.
493 2260 556 2324 τοῦ
583 2259 618 2324 δὲ
644 2259 764 2342 τρίτου
789 2253 880 2343 παρὰ
907 2259 959 2342 τῴ
982 2250 1180 2345 άπυστόλφ,
1208 2251 1359 2343 εύλόγως
1380 2253 1446 2343 τὴν
1466 2261 1527 2342 μὲν
1547 2276 1648 2340 προσ-

346 2351 446 2440 ευχήν
476 2348 529 2439 ἐφ’
552 2349 648 2441 ἡμῶν
678 2350 843 2426 τάττοντι
873 2353 937 2443 τήν
968 2359 1003 2422 δέ
1030 2357 1181 2441 ἔντευξιν
1206 2357 1261 2424 ἐπὶ
1287 2360 1351 2424 τοῦ
1376 2351 1578 2442 πνεύματος,
1600 2349 1648 2436 ιύς

294 2471 328 2526 20
346 2459 542 2540 κρείττονος
565 2446 667 2534 ὄντος
681 2460 736 2523 καὶ
752 2455 982 2542 ,,παῤῥησίαν“
1001 2454 1139 2541 ἔχοντος
1154 2451 1261 2542 ,πρός
1276 2451 1371 2536 τὸν,“
1393 2443 1421 2542 ᾧ
1441 2449 1647 2541 ἐντυγχάνει·

345 2547 407 2633 ,τό
430 2549 492 2639 γάρ
514 2559 548 2620 τί
568 2551 863 2640 προσευξώμεθο,“
885 2561 973 2642 φησὶ,
996 2551 1108 2638 ,καθὸ
1131 2558 1182 2623 δεῖ
1201 2547 1263 2622 ούκ
1284 2555 1429 2638 οἴδαμεν,
1456 2545 1542 2623 άλλά
1564 2547 1647 2622 αύτὸ

346 2648 388 2720 τὸ
423 2655 553 2740 πνεῦμα
590 2669 787 2741 στεναγμοῖς
821 2647 1005 2740 ἀλαλήτοις
1039 2648 1317 2740 ὑπερεντυγχάνει
1354 2657 1407 2740 τῷ
1439 2657 1522 2738 θεῷ.
1564 2647 1583 2722 ό
1613 2655 1648 2721 δέ

346 2752 494 2837 ἐρευνῶν
520 2748 581 2832 τὰς
606 2755 744 2838 καρδίας
771 2751 841 2821 οίδε
867 2757 899 2820 τί
927 2749 968 2822 τό
991 2747 1148 2841 φρόνημα
1174 2757 1237 2822 τοῦ
1258 2751 1461 2839 πνεύματος,
1485 2744 1540 2822 ότι
1560 2748 1648 2822 κατὰ

346 2846 430 2919 θεὸν
455 2845 648 2937 ἐντυγχάνει
673 2846 758 2938 ύπέρ
781 2845 920 2938 άγίωνίί·
949 2847 1230 2940 ύπερεντυγχάνει
1252 2848 1314 2938 γὰρ
1336 2856 1391 2919 καί
1413 2847 1648 2939 ,,ἐντυγχάνει“

294 2967 328 3022 25
346 2944 387 3018 τό
413 2953 558 3036 πνεῦμα,
585 2944 677 3037 ἡμεῖς
705 2955 740 3020 δέ
760 2946 1024 3038 προσευχόμεθα.
1069 2954 1214 3036 ἔντευξις
1241 2954 1278 3019 δέ
1297 2977 1355 3038 μοι
1377 2949 1461 3019 είναι
1483 2955 1576 3020 δοκεῖ
1594 2957 1648 3018 καὶ

346 3046 388 3119 τὸ
414 3043 482 3118 ύπό
503 3043 609 3136 Ἰησοῦ
635 3053 810 3138 εἰρημένον
835 3055 908 3136 περὶ
938 3055 1001 3120 τοῦ
1027 3055 1148 3138 στῆναι
1172 3047 1234 3120 τόν
1256 3041 1354 3138 ῆλισν
1374 3046 1462 3119 κατὰ
1485 3049 1647 3132 Γαβαάθ·

346 3143 449 3230 ,τότε
471 3145 631 3236 ἐλάλησεν
651 3143 773 3238 Ἰησοῦς
794 3147 882 3237 πρὸς
903 3147 1032 3236 κύριον,
1054 3139 1075 3236 ᾗ
1099 3145 1202 3240 ἡμέρᾳ
1223 3153 1419 3236 παρέδωκεν
1440 3143 1459 3219 ό
1481 3146 1564 3229 θεὸς
1585 3145 1649 3218 τόν

345 3241 543 3336 Ἀμοῤῥσίον
567 3243 761 3335 ὑποχείριον
782 3243 918 3338 Ἰσραήλ,
947 3244 1046 3338 ήνίκα
1068 3253 1261 3337 συνέτριβεν
1283 3245 1406 3331 αύτούς
1428 3251 1465 3318 ἐν
1488 3247 1647 3330 Γαβαώθ,

346 3351 401 3416 καὶ
434 3353 675 3436 συνετρίβησαν
705 3343 774 3418 άπὸ
802 3347 991 3436 προσώπου
1021 3354 1095 3418 τῶν
1126 3351 1210 3420 υἱῶν
1239 3343 1374 3438 Ἰσραήλ.
1419 3353 1473 3417 καὶ
1507 3348 1601 3417 εἶπεν
1630 3339 1648 3416 ό

295 3464 329 3521 30
345 3439 479 3533 Ἰησοῦς·
508 3443 624 3535 στήτω
651 3441 670 3516 ό
698 3441 792 3534 ήλιος
817 3445 903 3516 κατὰ
928 3447 1087 3530 Γαβαωθ,
1114 3454 1170 3516 καλ
1196 3443 1217 3536 ἡ
1239 3444 1362 3537 σελήνη
1384 3445 1472 3516 κατὰ
1494 3442 1649 3534 φάραγγα

345 3539 486 3632 Ἐλώμ“·
513 3551 567 3614 καὶ
598 3548 635 3615 ἐν
669 3563 741 3628 τοῖς
772 3551 909 3633 Κριταις
941 3541 960 3617 ό
988 3547 1145 3634 Σαμψὼν
1177 3543 1318 3636 ἡγοῦμαι
1350 3540 1404 3618 ότι
1434 3541 1649 3634 ἐντυγχάνων

431 3689 457 3758 [2
473 3706 498 3742 ιι.
515 3690 532 3744 2
549 3690 610 3758 Vgl.
621 3689 758 3759 Origenes,
776 3689 879 3744 Comm.
891 3690 920 3742 In
933 3691 1032 3744 Matth.
1044 3689 1094 3744 XV
1109 3693 1140 3744 14
1152 3693 1229 3759 (tom.
1242 3693 1281 3745 III
1294 3709 1318 3762 p.
1331 3692 1381 3746 357
1394 3691 1436 3746 εδ.
1446 3690 1569 3757 Lotum).
1598 3688 1647 3759 IIp.

345 3773 381 3826 ad
397 3773 578 3845 Afr.0ap.11.
596 3774 628 3828 V.
642 3775 706 3829 XIII
723 3779 798 3840 Ιίοιυ.
810 3775 887 3828 XVII
904 3793 928 3844 p.
942 3776 982 3829 22.
1000 3777 1041 3828 27.
1057 3777 1091 3830 42
1107 3776 1149 3829 ed.
1164 3775 1278 3842 Lomm.)
1291 3775 1332 3844 -Ι
1350 3777 1367 3832 5
1384 3777 1397 3829 Ι
1414 3775 1487 3830 Sam.
1506 3778 1529 3842 1,
1550 3775 1588 3829 10.
1607 3775 1646 3828 11.

344 3888 378 3898 -
396 3859 414 3914 8
433 3858 539 3914 Habak.
558 3861 582 3926 3,
602 3863 624 3914 1.
642 3860 667 3916 2.
685 3890 715 3898 -
737 3860 775 3915 18
793 3859 864 3912 Jona
882 3861 905 3922 2,
924 3861 998 3913 2-1.
1016 3889 1050 3900 -
1068 3860 1106 3916 21
1126 3861 1203 3915 [ἔδει.
1215 3861 1239 3922 8,
1258 3862 1299 3916 26.
1317 3861 1358 3914 27.
1377 3890 1409 3900 -
1428 3860 1466 3916 22
1485 3859 1593 3920 J0·.10‚
1608 3859 1647 3914 12.

430 3975 446 4030 1
467 3969 504 4030 σὺ
514 3977 626 4048 κρίνεις]
645 3977 806 4048 συγκρίνεις
817 3975 901 4029 Lond.
917 3979 921 4042 Ι
936 3975 955 4030 2
967 3969 1117 4046 σι’βέλισαν]
1131 3971 1647 4049 τὶε11εἰείιεοίβελίοαμενλΕ.ΚΙοε1οε-

345 4077 428 4114 mann
448 4063 452 4129 Ι
472 4061 543 4117 2-4
561 4079 606 4115 am
623 4061 702 4116 Rand
722 4065 757 4130 σῆ
776 4077 829 4114 von
848 4061 866 4113 Ι.
880 4059 913 4115 Η.
931 4059 972 4127 ΤΙ
990 4061 1028 4116 10
1046 4056 1094 4116 δύο
1114 4057 1204 4134 ζῴοιν]
1223 4059 1370 4130 δύζσιωνΤ
1385 4065 1389 4130 Ι
1406 4063 1446 4118 20
1463 4055 1516 4116 τόν
1533 4051 1556 4136 ᾧ
1575 4059 1647 4114 Wet.

344 4146 399 4213 (am
412 4147 501 4214 Rand)
519 4146 666 4214 Βευ1.(1)εὶ
684 4145 743 4202 Del.
761 4147 774 4200 I
792 4147 840 4202 221
856 4148 936 4199 Διιω.
955 4148 981 4208 ε)
999 4163 1025 4200 u.
1044 4146 1124 4216 Angl.
1143 4145 1197 4216 (bei
1215 4147 1396 4211 De1.1917b,
1415 4149 1462 4201 der
1480 4146 1550 4200 auch
1568 4137 1646 4206 θεὸν.

343 4221 366 4304 ᾧ
389 4232 461 4285 nach
479 4233 491 4284 I
508 4230 570 4285 Joh.
588 4233 616 4294 3,
634 4232 666 4284 21
686 4231 863 4299 τοτεσίείλρίμ
887 4223 940 4285 τὸν
957 4217 998 4284 ὧν
1019 4229 1149 4300 TAusgg.
1169 4235 1173 4298 Ι
1193 4231 1231 4287 21
1256 4225 1290 4287 τό
1309 4227 1364 4304 γάρ
1381 4233 1417 4302 τί]
1438 4221 1455 4286 δ
1473 4225 1530 4302 γάρ
1549 4231 1577 4285 τί
1597 4228 1646 4284 Ox.

343 4315 429 4373 Lond.
448 4305 465 4372 ό
482 4311 538 4386 γάρ
557 4333 583 4370 τι
600 4316 623 4369 Τ
638 4337 641 4372 ι
657 4311 884 4384 προσευξώμεθα
908 4313 987 4384 Angl.
1006 4317 1040 4383 (ει
1053 4331 1076 4370 ε.
1090 4314 1131 4386 Ο.)
1148 4315 1220 4370 nach
1238 4317 1264 4370 d.
1282 4317 1315 4374 N.
1326 4317 1365 4378 2.,
1383 4310 1607 4385 προσευξόμεθα
1625 4313 1648 4367 Τ

342 4405 445 4471 Ausgg.
461 4401 519 4469 122
535 4395 570 4456 τδ
583 4411 615 4458 <
628 4399 686 4454 Del.
702 4401 706 4467 Ι
722 4399 762 4456 20
780 4400 820 4456 28
839 4399 878 4455 00
897 4393 1026 4471 Γαβααίθ
1042 4399 1135 4462 TDeI..
1153 4396 1279 4472 Γαβαοίν
1296 4401 1375 4465 LXX,
1394 4400 1532 4471 Origenes,
1544 4399 1647 4454 Gomm.

343 4485 371 4537 in
389 4485 488 4540 Matth.
502 4485 578 4538 XVII
596 4487 612 4539 2
627 4485 702 4552 (tom.
712 4484 748 4536 IV
761 4501 789 4553 p.
801 4484 834 4538 88
846 4482 887 4537 εδ.
901 4484 1022 4550 ΙιοωωΙ,
1041 4485 1090 4542 Ox.
1099 4485 1182 4542 Lond.
1197 4487 1202 4554 Ι
1218 4486 1255 4542 28
1274 4479 1420 4553 άμυραῖον
1435 4486 1459 4539 Τ
1473 4487 1477 4552 Ι
1493 4485 1530 4540 01
1548 4477 1646 4553 Ἑλώμ]

343 4561 420 4637 ἐλδμ
437 4570 468 4634 Τ,
487 4570 616 4639 Origenes
635 4573 668 4637 (ε.
686 4587 711 4624 a.
730 4568 779 4634 0.),
798 4561 897 4635 Αίλιύμ
916 4569 995 4622 LXX.
