3780 5538
588 487 688 544 ΚΑΤΑ
714 487 873 544 ΚΕΔΣΟΥ
895 490 970 548 vm
992 493 1033 546 65.
1050 490 1092 545 66.
1110 493 1151 546 67.
1471 495 1530 558 283

228 642 310 717 τότε
330 641 400 718 ύπὸ
429 655 493 720 τοῦ
511 644 701 736 Ἡφαίστου,
731 657 937 740 βουλομένου
963 649 1067 743 αύτής
1087 661 1224 740 φθεῖραι
1246 651 1311 741 τήν
1331 659 1531 740 παρθενίαν,

228 749 468 835 ἐκπεφευγέναι
495 755 557 838 μὲν
585 747 691 822 αὐτὸν
712 749 777 839 τήν
802 749 835 821 δ’
858 757 895 823 ἐκ
916 758 978 841 τῆς
999 756 1177 840 ἐπιθυμίας
1197 757 1366 822 πεσοῦσαν
1390 756 1445 822 ἐπὶ
1468 749 1532 840 τήν

228 851 290 934 γῆν
311 845 423 936 θορήν
444 845 663 940 οἷγαπήσασαν
685 854 862 940 ἐκθρέψαι,
893 859 1079 922 καλέσασαν
1100 847 1320 940 Ἐριχθόνιον,
1349 846 1413 920 τόν
1435 879 1530 934 ποτε,

228 952 340 1032 φασὶν,
363 943 503 1038 Ἀθήνη

192 1062 209 1114 5
393 1055 511 1138 θρέφε,
536 1049 613 1133 Διὸς
634 1048 802 1139 θυγάτηρ,
825 1057 901 1122 τέκε
923 1056 958 1122 δὲ
981 1055 1138 1141 ζείδωρος
1160 1045 1294 1138 ἄρουρα.

229 1149 232 1234 1
256 1152 312 1218 καὶ
340 1141 474 1236 ὁρῶμέν
499 1177 542 1238 γε,
560 1143 616 1221 ὅτι
642 1157 693 1240 τῷ
719 1157 928 1241 προσιεμένῳ
952 1150 1027 1241 τήν
1049 1150 1227 1240 Ἀθηνᾶν,
1251 1148 1329 1233 Διὸς
1350 1153 1531 1238 θυγατέρα,
1551 1157 1601 1210 792

227 1247 378 1329 πολλοὺς
401 1246 531 1336 μύθους
552 1256 608 1320 καὶ
622 1247 802 1339 πλάσματα
816 1256 1073 1338 παρεκδεκτέον,
1096 1245 1157 1333 οὓς
1171 1249 1233 1322 ούκ
1248 1245 1290 1321 6v
1305 1253 1531 1338 παραδέχοιτο

176 1383 186 1420 x
228 1340 248 1415 6
270 1344 408 1435 φεύγων
430 1355 491 1437 μὲν
511 1347 643 1438 μύθους
664 1355 779 1439 ςητων
802 1355 837 1422 δὲ
858 1347 1033 1439 ἀλήθειαν.

310 1451 436 1518 LXVII
470 1441 541 1518 Ἵνα
568 1453 604 1520 δέ
624 1457 681 1520 καὶ
703 1455 958 1538 τροπολογήται
980 1456 1035 1520 καὶ
1057 1457 1194 1539 λέγηται
1217 1445 1382 1539 φρόνησις
1404 1449 1489 1518 εῖναι
1512 1442 1532 1535 ή

176 1541 384 1634 1οἏθηνᾶ,
415 1545 670 1636 παραστησάτω
699 1577 753 1631 τις
784 1546 888 1638 αύτής
918 1547 983 1638 τήν
1012 1545 1200 1620 ύπύστασιν
1229 1556 1285 1619 καὶ
1312 1547 1377 1638 τήν
1406 1543 1531 1630 ούσίαν,

228 1642 276 1727 αἱς
308 1641 534 1730 ύφεστηκυίας
563 1647 650 1718 κατὰ
681 1647 745 1736 τήν
776 1657 1007 1736 τροπολογίαν
1038 1647 1177 1737 ταύτην.
1221 1653 1249 1719 εἰ
1275 1653 1310 1719 δὲ
1335 1654 1390 1718 καὶ
1412 1643 1532 1736 ἀρχαία

229 1772 281 1825 τις
303 1751 465 1836 γενομένη
487 1742 672 1835 ἄνθρωπος
694 1745 714 1837 ή
733 1744 877 1836 Ἀθηνᾶ
900 1755 1083 1838 τετίμηται,
1106 1744 1336 1836 παραδόντων
1357 1764 1430 1828 τοῖς
1451 1743 1532 1817 ύπο-
1562 1777 1564 1782 ’

226 1852 363 1930 χωρίοις
392 1844 559 1936 μυστήρια
588 1852 643 1916 καὶ
674 1844 813 1928 τελετὰς
844 1855 917 1918 τῶν
946 1855 1190 1938 βουληθέντων
1221 1845 1324 1937 αύτής
1355 1844 1396 1918 τὸ
1425 1840 1533 1934 ὄνομα

227 1943 318 2032 παρὰ
340 1941 590 2034 ἅνθρωποις“
561 1977 609 2028 ως
630 1953 731 2067 θεοῦ
751 1941 900 2038 ᾄδεσθαι,
920 1955 1041 2038 πολλῷ
1065 1955 1197 2038 μᾶλλον
1217 1944 1259 2018 ού
1279 1944 1342 2037 χρή
1364 1941 1532 2035 ύμνῆσαι

177 2053 236 2104 1ο
227 2050 282 2113 καὶ
315 2041 363 2127 σδς
393 2043 491 2116 θεὸν
523 2043 660 2131 δοξάσαι
690 2045 764 2136 τήν
785 2042 969 2135 Αθηνᾶν,
1000 2019 1030 2118 εί
1058 2075 1095 2137 γε
1121 2044 1198 2119 ούδὲ
1226 2043 1300 2118 τὸν
1326 2050 1532 2136 τηλικοῦτον

228 2135 345 2230 ἥλιον
367 2163 572 2232 προσκυνεῖν
593 2141 672 2235 ἡμῖν
693 2153 800 2234 θέμις,
822 2140 887 2216 κᾶν
909 2143 1150 2269 εὐφημῶμεν
1172 2142 1287 2218 αύτδν.

312 2249 441 2327 Κέλσος
469 2271 530 2331 μεν
560 2236 623 2314 οὖν
646 2268 727 2335 φησι
755 2253 911 2334 μᾶλλον
942 2242 1027 2336 ήμᾶς
1055 2253 1185 2331 σέβειν
1210 2250 1346 2316 δοκεῖν
1373 2241 1445 2314 τὸν
1470 2247 1532 2332 με’-

228 2369 300 2430 γαν
331 2340 445 2426 θεὸν,
476 2337 524 2414 δν
554 2349 617 2415 καὶ
640 2337 778 2464 Ἠλιρν
807 2353 863 2416 καὶ
893 2343 1104 2436 Ἀθηνᾶν(
1084 2353 1283 2435 υμνῶμεν,
1315 2338 1407 2433 ἡμεῖς
1434 2347 1469 2414 δε
1489 2340 1532 2412 τὸ

228 2445 422 2512 ἐναντίον’
416 2446 517 2531 ίσμεν.
560 2437 687 2532 ὕμνους
714 2442 776 2564 γὰρ
798 2451 844 2527 είς
866 2443 974 2536 μόνον
996 2445 1069 2516 τὸν
1091 2451 1146 2517 ἐπὶ
1167 2451 1249 2516 πᾶσι
1272 2450 1411 2533 λέγομεν
1433 2439 1532 2513 θεὸν

176 2547 210 2600 20
227 2547 282 2610 καί
304 2539 368 2613 τὸν
394 2549 559 2632 μονογενῆ
582 2539 688 2614 αύτοῦ
709 2543 808 2615 θεὸν
830 2541 942 2634 λόγον.
984 2554 1041 2617 καὶ
1066 2542 1267 2635 ύμνοῦμέν
1294 2571 1330 2634 γε
1356 2541 1455 2614 θεὸν
1476 2549 1531 2611 καὶ

227 2638 291 2710 τὸν
321 2648 489 2732 μονογενῆ
520 2638 627 2714 αύτσῦ
659 2675 706 2727 ως
732 2650 787 2715 καὶ
814 2637 954 2734 ,ήλιος
980 2651 1036 2717 καὶ
1062 2642 1222 2766 σελήνη“
1231 2651 1286 2715 καὶ
1307 2638 1457 2732 ,ἄ,στρα“
1477 2650 1532 2711 καὶ

107 2809 109 2814 .
227 2746 317 2811 πᾶσα
339 2737 360 2829 6
383 2738 521 2862 ούρανία
543 2741 694 2833 στρατιά.
736 2741 901 2832 ύμνοῦσι
926 2743 989 2834 γὰρ
1010 2743 1160 2828 πάντες
1183 2735 1295 2827 οὗτοι,
1318 2739 1454 2824 θεῖος
1435 2771 1532 2824 οντες

226 2838 339 2928 χορδς,
367 2839 450 2930 μετὰ
477 2849 551 2912 τῶν
577 2846 619 2914 ἐν
645 2840 882 2932 ἀνθρώποις
909 2851 1049 2916 δικαίων
1075 2842 1149 2916 τὸν
1170 2848 1224 2915 ἐπὶ
1245 2849 1327 2914 πᾶσι
1353 2840 1451 2912 θεὸν
1476 2849 1531 2911 καὶ

227 2938 290 3010 τὸν
311 2947 477 3030 μονογενῆ
500 2939 613 3012 αὐτοῦ.

177 3053 210 3106 25
311 3043 519 3128 προείπομεν
540 3048 601 3130 μὲν
623 3034 687 3113 οὖν
705 3072 750 3132 μη
737 3037 878 3132 1δεῑν’
859 3041 1028 3132 ομνύναι
1050 3040 1122 3112 τὸν
1144 3045 1186 3113 ἐν
1207 3037 1446 3130 ἄνθρωπσις
1468 3049 1531 3124 βα-

228 3144 338 3209 σιλέα
364 3133 385 3226 6
413 3138 487 3228 τήν
515 3135 769 3230 ὀνομαζομένην
793 3141 915 3232 τύχην
938 3139 1052 3214 αὐτοῦ.
1088 3141 1140 3213 διὸ
1164 3138 1226 3212 ούκ
1247 3137 1430 3228 ἀναγκαῖον
1447 3137 1531 3229 ἡμᾶς

315 3319 333 3374 θ
352 3318 415 3388 Vgl.
428 3317 537 3384 Homer,
556 3319 587 3372 11.
606 3321 632 3373 Π
650 3323 708 3376 647.
726 3321 836 3377 548-
854 3321 894 3378 29
912 3321 1050 3390 17111101]-
1070 3325 1093 3388 1,
1112 3325 1135 3375 1.
1154 3323 1195 3376 14.
1214 3321 1254 3376 18.
1279 3321 1303 3387 3,
1322 3321 1362 3375 16.
1382 3320 1422 3374 18.
1445 3319 1531 3373 IJoh.

227 3407 252 3470 4,
265 3406 289 3460 9.
302 3434 335 3443 -
347 3403 385 3460 21
405 3401 468 3472 Vgl.
481 3403 553 3458 Psal.
568 3405 623 3468 148
636 3407 660 3460 3.
673 3435 707 3444 -
719 3405 757 3462 22
771 3404 834 3474 Vgl.
847 3407 859 3460 I
872 3405 941 3462 KIIn.
953 3407 995 3470 22,
1008 3408 1048 3462 19.
1072 3405 1170 3460 ίσεειο.
1183 3406 1207 3467 8,
1220 3405 1244 3459 2.
1269 3404 1333 3458 Hos.
1347 3405 1386 3462 13,
1399 3406 1416 3458 4
1428 3422 1453 3458 u.
1466 3421 1486 3458 ε.
1499 3422 1532 3458 w.

227 3519 260 3528 -
279 3489 319 3544 28
339 3488 401 3558 Vgl.
420 3488 491 3542 oben
509 3488 575 3542 VIII
593 3491 634 3552 63,
651 3488 676 3542 S.
690 3491 740 3544 279
758 3489 784 3544 Ζ.
797 3491 838 3544 22.
856 3520 889 3528 -
908 3491 946 3547 25
966 3489 1028 3559 Vgl.
1047 3489 1119 3544 oben
1136 3490 1201 3544 VIII
1218 3491 1259 3554 65,
1278 3489 1303 3544 S.
1315 3489 1364 3544 281
1384 3489 1410 3542 Z.
1424 3493 1456 3546 19
1466 3491 1494 3545 ff.

314 3640 330 3694 1
349 3633 425 3708 τότε]
444 3636 515 3693 ποτὲ
532 3642 674 3694 vermuten
687 3640 735 3694 Bo.
748 3639 845 3709 (Notae
863 3659 888 3711 p.
905 3641 966 3709 4681
984 3657 1009 3694 u.
1028 3640 1086 3694 Del.
1105 3641 1126 3707 (I
1140 3641 1187 3696 791
1201 3641 1281 3694 Anm.
1293 3639 1322 3708 k)
1337 3641 1342 3708 1
1361 3640 1531 3709 παρθενίαν]

228 3725 328 3780 θενίαν
349 3723 436 3778 verkl.
454 3727 479 3778 A
494 3725 529 3792 12
548 3717 576 3779 δ’
593 3728 618 3779 A
637 3721 666 3778 δέ
683 3721 867 3794 Αοερς.1έπ1
885 3720 937 3794 τήν
955 3725 1040 3780 verkl.
1058 3725 1137 3793 118
1155 3743 1227 3780 ποτε
1245 3723 1331 3778 verkl.
1350 3728 1375 3779 A
1389 3725 1393 3792 1
1409 3725 1427 3782 6
1446 3721 1533 3794 θογοί-

227 3809 292 3880 τηρ]
310 3828 348 3878 γα
366 3809 396 3861 in
414 3810 562 3864 Correqur*
573 3812 598 3863 A
613 3811 652 3878 16
676 3800 800 3880 δρῶμέν]
819 3826 911 3864 εοειοι·
929 3801 945 3864 6
964 3809 1032 3864 alles
1049 3809 1136 3864 verkl.
1155 3813 1180 3864 A
1195 3809 1198 3875 1
1213 3814 1254 3882 τῷ
1276 3808 1411 3878 MAusgg.
1429 3805 1463 3864 τδ
1482 3812 1506 3863 A
1527 3811 1529 3878 1

231 3895 245 3949 7
273 3889 393 3963 μύθους]
416 3910 509 3947 ausser
530 3913 544 3958 ς
565 3893 634 3948 alles
657 3893 743 3947 verkl.
762 3896 787 3947 A
810 3896 814 3962 1
838 3892 1048 3964 παρεκδεκτέον
1070 3893 1155 3949 AHII.
1167 3895 1211 3964 Sp.
1228 3892 1428 3965 παραδεκτέον
1449 3893 1472 3946 Ρ
1484 3894 1533 3947 Bo.

228 3978 326 4044 (Notae
343 3995 368 4048 p.
386 3979 447 4047 408)
465 3979 525 4033 Del.
541 3981 545 4048 1
562 3979 580 4034 8
597 3975 651 4046 μέν
667 3972 788 4048 μύθους]
806 3975 859 4046 μέν
877 3997 898 4046 μ
916 3980 1001 4034 verkl.
1019 3976 1109 4046 111δέ
1126 3981 1151 4033 A
1168 3972 1309 4048 6¹Ausgg.
1325 3977 1364 4044 19
1382 3972 1532 4049 φρόνησις]

229 4058 323 4132 φρόνη
341 4063 427 4120 verkl.
445 4066 470 4117 A
494 4064 498 4131 1
524 4064 562 4120 10
579 4058 631 4132 τήν
649 4056 760 4132 οὐσίαν]
783 4058 835 4132 τήν
853 4057 887 4119 ού
905 4065 991 4119 verkl.
1009 4068 1034 4118 A
1057 4067 1061 4132 1
1086 4064 1124 4120 11
1149 4057 1264 4135 οἷρχαία]
1284 4079 1376 4117 ausser
1393 4061 1533 4116 schlam-a

229 4149 298 4203 alles
315 4148 402 4202 verkl.
415 4149 440 4201 A
455 4150 459 4215 1
476 4147 514 4204 12
532 4141 708 4218 ὑποχειρίοις
724 4147 877 4220 μυστήρια]
897 4150 971 4218 ρίοις
987 4169 1008 4216 μ
1026 4149 1113 4204 verkl.
1127 4152 1149 4202 A
1164 4151 1168 4216 1
1186 4147 1225 4204 14
1243 4140 1280 4213 ὡς
1296 4150 1369 4204 θεοῦ
1388 4145 1474 4200 verkl.
1488 4149 1512 4199 A
1529 4154 1533 4212 1

196 4285 200 4292 .
228 4226 353 4304 ύμνῆσαι
370 4233 579 4302 M⁰⁰“·Ausgg.
598 4225 762 4301 θπομνῆσαι
780 4235 804 4286 A
825 4235 829 4302 1
850 4234 888 4290 16
905 4227 1030 4303 Ἀθηνᾶν]
1045 4227 1109 4304 Ἀθη
1126 4233 1213 4287 verkl.
1232 4233 1256 4286 A
1272 4233 1276 4299 1
1293 4233 1331 4287 16
1349 4225 1532 4301 εὐφημῶμεν]

229 4339 290 4390 φημ
309 4320 393 4375 verkl.
412 4321 436 4374 A
455 4324 459 4389 1
481 4319 518 4376 17
542 4311 618 4388 ἡμᾶς
641 4315 735 4387 σέβειν
753 4321 848 4374 δοκεῖν
865 4323 890 4372 A
907 4321 1003 4372 δοκεῖν
1020 4311 1095 4386 ἡμᾶς
1113 4316 1206 4389 σέβειν
1223 4317 1359 4385 MAusgg.
1379 4318 1383 4384 1
1404 4317 1442 4372 18
1461 4309 1534 4370 θεὸν

231 4406 315 4460 verkl.
333 4409 358 4460 A
382 4408 386 4475 1
412 4405 526 4462 19-26
549 4422 593 4458 am
612 4405 690 4458 Rand
709 4421 745 4473 οη
763 4405 800 4456 A¹
824 4406 829 4470 1
854 4404 892 4459 19
914 4394 1028 4472 ύμνους]
1047 4421 1102 4470 μνο
1122 4401 1208 4456 verkl.
1226 4405 1251 4456 A
1271 4403 1275 4470 1
1296 4401 1336 4456 26
1354 4395 1426 4455 θεδν
1444 4395 1534 4469 λόγον

230 4490 457 4545 wahrscheinlieh
474 4493 510 4554 A,
534 4505 589 4542 von
612 4485 703 4559 λόγον
719 4505 771 4541 nur
790 4505 825 4542 ov
841 4505 875 4542 zu
892 4487 1038 4551 εε1ιεοοεο,
1058 4487 1106 4542 δον
1125 4487 1222 4556 iibrige
1241 4477 1534 4554 εε1111.,θεδνλόγον

229 4575 400 4646 Μ7Η6.θρ.,
419 4569 509 4644 λόγον
526 4576 575 4629 καί
592 4568 665 4628 θεὸν
682 4572 769 4627 PDel.
790 4575 794 4640 1
814 4572 852 4628 21
876 4573 926 4626 καὶ
944 4573 1004 4641 (vor
1022 4565 1134 4641 θστρα1]
1154 4589 1191 4626 κα
1209 4571 1295 4625 verkl.
1314 4574 1339 4624 A
1359 4571 1363 4638 1
1383 4569 1422 4625 22
1442 4561 1531 4638 ὄντες]

231 4655 265 4713 ἐν
284 4659 366 4714 verkl.
384 4662 409 4713 A
424 4661 428 4726 1
444 4658 484 4714 24
501 4659 654 4728 μονογενῆ]
674 4661 708 4727 νῆ
726 4657 812 4712 verkl.
831 4657 930 4726 11126
947 4651 999 4726 τήν
1016 4656 1101 4710 verkl.
1121 4657 1154 4710 A.
