<?xml version="1.0" encoding="UTF-8"?>
<!DOCTYPE html PUBLIC "-//W3C//DTD XHTML 1.0 Transitional//EN"
    "http://www.w3.org/TR/xhtml1/DTD/xhtml1-transitional.dtd">
<html xmlns="http://www.w3.org/1999/xhtml" xml:lang="en" lang="en">
 <head>
  <title>
</title>
<meta http-equiv="Content-Type" content="text/html;charset=utf-8" />
  <meta name='ocr-system' content='tesseract 3.04.00' />
  <meta name='ocr-capabilities' content='ocr_page ocr_carea ocr_par ocr_line ocrx_word'/>
</head>
<body>
  <div class='ocr_page' id='page_1' title='image "./diegriechischen01wissgoog_0493.png"; bbox 0 0 3758 5564; ppageno 0'>
   <div class='ocr_carea' id='block_1_1' title="bbox 621 483 1523 558">
    <p class='ocr_par' dir='ltr' id='par_1_1' title="bbox 621 483 1523 558">
     <span class='ocr_line' id='line_1_1' title="bbox 621 483 1523 558; baseline 0.003 -18"><span class='ocrx_word' id='word_1_1' title='bbox 621 486 715 541; x_wconf 75' lang='grc' dir='ltr'><em>ΠΕΡΙ</em></span> <span class='ocrx_word' id='word_1_2' title='bbox 740 483 873 540; x_wconf 69' lang='lat' dir='ltr'><em>muz</em></span> <span class='ocrx_word' id='word_1_3' title='bbox 895 483 947 558; x_wconf 81' lang='grc'><em>20,</em></span> <span class='ocrx_word' id='word_1_4' title='bbox 965 485 1006 540; x_wconf 86' lang='grc'><strong>15.</strong></span> <span class='ocrx_word' id='word_1_5' title='bbox 1025 485 1064 540; x_wconf 88' lang='lat'><em>16.</em></span> <span class='ocrx_word' id='word_1_6' title='bbox 1083 485 1124 543; x_wconf 92' lang='grc'><strong>17.</strong></span> <span class='ocrx_word' id='word_1_7' title='bbox 1464 489 1523 553; x_wconf 82' lang='grc'><strong>391</strong></span> 
     </span>
    </p>
   </div>
   <div class='ocr_carea' id='block_1_2' title="bbox 170 642 1595 3523">
    <p class='ocr_par' dir='ltr' id='par_1_2' title="bbox 222 642 1527 1034">
     <span class='ocr_line' id='line_1_2' title="bbox 222 642 1526 738; baseline -0.002 -20"><span class='ocrx_word' id='word_1_8' title='bbox 222 645 354 738; x_wconf 88' lang='grc' dir='ltr'><em>άγαθὸν</em></span> <span class='ocrx_word' id='word_1_9' title='bbox 385 643 433 729; x_wconf 89' lang='grc' dir='ltr'><em>ῶς</em></span> <span class='ocrx_word' id='word_1_10' title='bbox 462 647 550 720; x_wconf 83' lang='grc' dir='ltr'><em>κατὰ</em></span> <span class='ocrx_word' id='word_1_11' title='bbox 577 643 727 738; x_wconf 87' lang='grc' dir='ltr'><em>άνάγκην</em></span> <span class='ocrx_word' id='word_1_12' title='bbox 757 654 912 737; x_wconf 88' lang='grc' dir='ltr'><em>γενέσθαι</em></span> <span class='ocrx_word' id='word_1_13' title='bbox 942 642 1029 719; x_wconf 79' lang='grc' dir='ltr'><em>ἀλλὰ</em></span> <span class='ocrx_word' id='word_1_14' title='bbox 1050 647 1223 732; x_wconf 73' lang='grc' dir='ltr'><em>ἑκουσίως,</em></span> <span class='ocrx_word' id='word_1_15' title='bbox 1251 645 1337 735; x_wconf 83' lang='grc' dir='ltr'><em>τάχα</em></span> <span class='ocrx_word' id='word_1_16' title='bbox 1359 652 1467 718; x_wconf 90' lang='grc' dir='ltr'><em>τινῶν</em></span> <span class='ocrx_word' id='word_1_17' title='bbox 1488 649 1526 716; x_wconf 93' lang='grc' dir='ltr'><em>ἐκ</em></span> 
     </span>
     <span class='ocr_line' id='line_1_3' title="bbox 222 741 1524 840; baseline -0.003 -20"><span class='ocrx_word' id='word_1_18' title='bbox 222 753 285 820; x_wconf 94' lang='grc' dir='ltr'><em>τοῦ</em></span> <span class='ocrx_word' id='word_1_19' title='bbox 315 751 370 819; x_wconf 89' lang='grc' dir='ltr'><em>ἐπὶ</em></span> <span class='ocrx_word' id='word_1_20' title='bbox 400 757 519 819; x_wconf 81' lang='grc' dir='ltr'><em>πλεῖον</em></span> <span class='ocrx_word' id='word_1_21' title='bbox 550 745 752 838; x_wconf 68' lang='grc' dir='ltr'><strong><em>ὡμιληκέναι</em></strong></span> <span class='ocrx_word' id='word_1_22' title='bbox 784 753 826 836; x_wconf 77' lang='grc' dir='ltr'><em>τῇ</em></span> <span class='ocrx_word' id='word_1_23' title='bbox 853 755 952 840; x_wconf 82' lang='grc' dir='ltr'><em>κακίᾳ</em></span> <span class='ocrx_word' id='word_1_24' title='bbox 977 743 1073 837; x_wconf 84' lang='grc' dir='ltr'><strong><em>μόγις</em></strong></span> <span class='ocrx_word' id='word_1_25' title='bbox 1099 745 1140 819; x_wconf 88' lang='grc' dir='ltr'><em>τὸ</em></span> <span class='ocrx_word' id='word_1_26' title='bbox 1164 749 1275 836; x_wconf 89' lang='grc' dir='ltr'><em>αἰσχος</em></span> <span class='ocrx_word' id='word_1_27' title='bbox 1298 741 1403 835; x_wconf 75' lang='grc' dir='ltr'><em>αὐτῆς</em></span> <span class='ocrx_word' id='word_1_28' title='bbox 1423 771 1524 817; x_wconf 89' lang='grc' dir='ltr'><em>κατα·</em></span> 
     </span>
     <span class='ocr_line' id='line_1_4' title="bbox 222 842 1527 938; baseline -0.003 -20"><span class='ocrx_word' id='word_1_29' title='bbox 222 842 441 935; x_wconf 85' lang='grc' dir='ltr'><em>νενοηκότων</em></span> <span class='ocrx_word' id='word_1_30' title='bbox 470 855 525 919; x_wconf 90' lang='grc' dir='ltr'><em>καί</em></span> <span class='ocrx_word' id='word_1_31' title='bbox 555 843 870 937; x_wconf 77' lang='grc' dir='ltr'><em>ἀποστρεφομένων</em></span> <span class='ocrx_word' id='word_1_32' title='bbox 900 843 1007 938; x_wconf 78' lang='grc' dir='ltr'><em>αὐτὴν</em></span> <span class='ocrx_word' id='word_1_33' title='bbox 1038 844 1086 931; x_wconf 88' lang='grc' dir='ltr'><em>ῶς</em></span> <span class='ocrx_word' id='word_1_34' title='bbox 1111 853 1248 934; x_wconf 78' lang='grc' dir='ltr'><strong><em>ψευδῶς</em></strong></span> <span class='ocrx_word' id='word_1_35' title='bbox 1268 843 1527 935; x_wconf 84' lang='grc' dir='ltr'><em>ῦπσληφθεῑσαν</em></span> 
     </span>
     <span class='ocr_line' id='line_1_5' title="bbox 222 942 443 1034; baseline 0.005 -18"><span class='ocrx_word' id='word_1_36' title='bbox 222 947 307 1018; x_wconf 88' lang='grc' dir='ltr'><em>εἰναι</em></span> <span class='ocrx_word' id='word_1_37' title='bbox 327 942 443 1034; x_wconf 79' lang='grc' dir='ltr'><em>καλήν.</em></span> 
     </span>
    </p>

    <p class='ocr_par' dir='ltr' id='par_1_3' title="bbox 188 1043 1531 1542">
     <span class='ocr_line' id='line_1_6' title="bbox 188 1043 1525 1135; baseline -0.001 -19"><span class='ocrx_word' id='word_1_38' title='bbox 188 1063 204 1116; x_wconf 81' lang='grc'>5</span> <span class='ocrx_word' id='word_1_39' title='bbox 306 1057 353 1118; x_wconf 88' lang='lat'><em>16.</em></span> <span class='ocrx_word' id='word_1_40' title='bbox 388 1049 570 1134; x_wconf 78' lang='grc' dir='ltr'><em>ἐπίστησον</em></span> <span class='ocrx_word' id='word_1_41' title='bbox 600 1051 635 1116; x_wconf 81' lang='grc' dir='ltr'><em>δέ</em></span> <span class='ocrx_word' id='word_1_42' title='bbox 667 1049 695 1115; x_wconf 89' lang='grc' dir='ltr'><em>εί</em></span> <span class='ocrx_word' id='word_1_43' title='bbox 725 1044 780 1116; x_wconf 85' lang='grc' dir='ltr'><em>διὰ</em></span> <span class='ocrx_word' id='word_1_44' title='bbox 806 1051 911 1118; x_wconf 90' lang='grc' dir='ltr'><em>τοῦτο</em></span> <span class='ocrx_word' id='word_1_45' title='bbox 938 1054 993 1116; x_wconf 92' lang='grc' dir='ltr'><em>καί</em></span> <span class='ocrx_word' id='word_1_46' title='bbox 1020 1045 1198 1135; x_wconf 80' lang='grc' dir='ltr'><em>σκληρύνει</em></span> <span class='ocrx_word' id='word_1_47' title='bbox 1224 1043 1289 1135; x_wconf 84' lang='grc' dir='ltr'><em>τὴν</em></span> <span class='ocrx_word' id='word_1_48' title='bbox 1311 1051 1375 1116; x_wconf 89' lang='grc' dir='ltr'><em>τοῦ</em></span> <span class='ocrx_word' id='word_1_49' title='bbox 1398 1043 1525 1132; x_wconf 85' lang='grc' dir='ltr'><em>Φαραῶ</em></span> 
     </span>
     <span class='ocr_line' id='line_1_7' title="bbox 220 1138 1526 1236; baseline -0.002 -20"><span class='ocrx_word' id='word_1_50' title='bbox 220 1151 362 1232; x_wconf 91' lang='grc' dir='ltr'><em>καρδίαν</em></span> <span class='ocrx_word' id='word_1_51' title='bbox 392 1139 411 1215; x_wconf 83' lang='grc' dir='ltr'>ὁ</span> <span class='ocrx_word' id='word_1_52' title='bbox 441 1143 535 1230; x_wconf 86' lang='grc' dir='ltr'><em>θεὸς,</em></span> <span class='ocrx_word' id='word_1_53' title='bbox 567 1139 608 1215; x_wconf 82' lang='lat' dir='ltr'><em>I&#39;v&#39;</em></span> <span class='ocrx_word' id='word_1_54' title='bbox 637 1138 721 1234; x_wconf 81' lang='grc' dir='ltr'><em>ὅπερ</em></span> <span class='ocrx_word' id='word_1_55' title='bbox 749 1147 822 1216; x_wconf 87' lang='grc' dir='ltr'><em>εἰιιε</em></span> <span class='ocrx_word' id='word_1_56' title='bbox 851 1144 896 1236; x_wconf 84' lang='grc' dir='ltr'><em>μὴ</em></span> <span class='ocrx_word' id='word_1_57' title='bbox 923 1155 1147 1236; x_wconf 86' lang='grc' dir='ltr'><em>σκληρυνθείς</em></span> <span class='ocrx_word' id='word_1_58' title='bbox 1179 1149 1311 1233; x_wconf 77' lang='grc' dir='ltr'><em>δυνηθῇ</em></span> <span class='ocrx_word' id='word_1_59' title='bbox 1339 1147 1457 1216; x_wconf 76' lang='grc' dir='ltr'><em>εἰπεῖν·</em></span> <span class='ocrx_word' id='word_1_60' title='bbox 1485 1138 1526 1228; x_wconf 85' lang='grc' dir='ltr'><em>,,ὁ</em></span> 
     </span>
     <span class='ocr_line' id='line_1_8' title="bbox 221 1239 1527 1336; baseline 0 -23"><span class='ocrx_word' id='word_1_61' title='bbox 221 1241 336 1332; x_wconf 87' lang='grc' dir='ltr'><em>κῦριος</em></span> <span class='ocrx_word' id='word_1_62' title='bbox 366 1247 509 1327; x_wconf 90' lang='grc' dir='ltr'><em>δίκαιος,</em></span> <span class='ocrx_word' id='word_1_63' title='bbox 541 1245 608 1334; x_wconf 85' lang='grc' dir='ltr'><em>ἐγῶ</em></span> <span class='ocrx_word' id='word_1_64' title='bbox 639 1249 674 1314; x_wconf 88' lang='grc' dir='ltr'><em>δέ</em></span> <span class='ocrx_word' id='word_1_65' title='bbox 703 1251 759 1315; x_wconf 84' lang='grc' dir='ltr'><em>καί</em></span> <span class='ocrx_word' id='word_1_66' title='bbox 789 1239 808 1316; x_wconf 82' lang='grc' dir='ltr'><em>δ</em></span> <span class='ocrx_word' id='word_1_67' title='bbox 838 1241 920 1328; x_wconf 86' lang='grc' dir='ltr'><em>λαός</em></span> <span class='ocrx_word' id='word_1_68' title='bbox 948 1273 1015 1336; x_wconf 92' lang='grc' dir='ltr'><em>μου</em></span> <span class='ocrx_word' id='word_1_69' title='bbox 1040 1241 1186 1336; x_wconf 82' lang='grc' dir='ltr'><em>άσεβὴς.“</em></span> <span class='ocrx_word' id='word_1_70' title='bbox 1229 1240 1303 1315; x_wconf 74' lang='grc' dir='ltr'><em>ἀλλ’</em></span> <span class='ocrx_word' id='word_1_71' title='bbox 1326 1247 1380 1316; x_wconf 87' lang='grc' dir='ltr'><em>ἐπί</em></span> <span class='ocrx_word' id='word_1_72' title='bbox 1408 1252 1527 1315; x_wconf 81' lang='grc' dir='ltr'><em>πλεῖον</em></span> 
     </span>
     <span class='ocr_line' id='line_1_9' title="bbox 222 1340 1527 1434; baseline -0.002 -19"><span class='ocrx_word' id='word_1_73' title='bbox 222 1349 331 1416; x_wconf 83' lang='grc' dir='ltr'><strong><em>δέεται</em></strong></span> <span class='ocrx_word' id='word_1_74' title='bbox 362 1349 425 1416; x_wconf 92' lang='grc' dir='ltr'><em>τοῦ</em></span> <span class='ocrx_word' id='word_1_75' title='bbox 454 1341 700 1432; x_wconf 87' lang='grc' dir='ltr'><em>σκληρύνεσθαι</em></span> <span class='ocrx_word' id='word_1_76' title='bbox 729 1351 784 1416; x_wconf 89' lang='grc' dir='ltr'><em>καί</em></span> <span class='ocrx_word' id='word_1_77' title='bbox 814 1348 868 1416; x_wconf 89' lang='grc' dir='ltr'><em>ἐπί</em></span> <span class='ocrx_word' id='word_1_78' title='bbox 895 1356 1017 1418; x_wconf 79' lang='grc' dir='ltr'><em>πλεῖον</em></span> <span class='ocrx_word' id='word_1_79' title='bbox 1045 1343 1185 1434; x_wconf 77' lang='grc' dir='ltr'><em>πάσχειν</em></span> <span class='ocrx_word' id='word_1_80' title='bbox 1217 1342 1307 1428; x_wconf 81' lang='grc' dir='ltr'><em>τινὰ,</em></span> <span class='ocrx_word' id='word_1_81' title='bbox 1339 1340 1463 1432; x_wconf 79' lang='grc' dir='ltr'><em>ἵναμὴ</em></span> <span class='ocrx_word' id='word_1_82' title='bbox 1489 1346 1527 1412; x_wconf 87' lang='grc' dir='ltr'><em>ἐκ</em></span> 
     </span>
     <span class='ocr_line' id='line_1_10' title="bbox 221 1440 1531 1542; baseline -0.002 -29"><span class='ocrx_word' id='word_1_83' title='bbox 221 1448 285 1515; x_wconf 90' lang='grc' dir='ltr'><em>τοῦ</em></span> <span class='ocrx_word' id='word_1_84' title='bbox 312 1443 432 1531; x_wconf 83' lang='grc' dir='ltr'><em>τάχιον</em></span> <span class='ocrx_word' id='word_1_85' title='bbox 458 1448 521 1514; x_wconf 92' lang='grc' dir='ltr'><em>τοῦ</em></span> <span class='ocrx_word' id='word_1_86' title='bbox 550 1440 797 1532; x_wconf 82' lang='grc' dir='ltr'><em>σκληρύνεσθαι</em></span> <span class='ocrx_word' id='word_1_87' title='bbox 822 1443 991 1532; x_wconf 84' lang='grc' dir='ltr'><em>παύεσθαι</em></span> <span class='ocrx_word' id='word_1_88' title='bbox 1012 1451 1243 1534; x_wconf 82' lang='grc' dir='ltr'><em>καταφρονῶν</em></span> <span class='ocrx_word' id='word_1_89' title='bbox 1265 1440 1313 1527; x_wconf 90' lang='grc' dir='ltr'><em>ῶς</em></span> <span class='ocrx_word' id='word_1_90' title='bbox 1333 1447 1441 1534; x_wconf 89' lang='grc' dir='ltr'><em>κακοῦ</em></span> <span class='ocrx_word' id='word_1_91' title='bbox 1464 1447 1531 1542; x_wconf 35' lang='grc' dir='ltr'><em>τοῦ·</em></span> 
     </span>
    </p>

    <p class='ocr_par' dir='ltr' id='par_1_4' title="bbox 171 1537 1528 2032">
     <span class='ocr_line' id='line_1_11' title="bbox 171 1537 1527 1634; baseline -0.001 -22"><span class='ocrx_word' id='word_1_92' title='bbox 171 1557 204 1614; x_wconf 88' lang='grc'><em>10</em></span> <span class='ocrx_word' id='word_1_93' title='bbox 221 1537 467 1631; x_wconf 90' lang='grc' dir='ltr'><em>σκληρῦνεσθαι</em></span> <span class='ocrx_word' id='word_1_94' title='bbox 503 1545 553 1613; x_wconf 85' lang='grc' dir='ltr'><em>ἐτι</em></span> <span class='ocrx_word' id='word_1_95' title='bbox 588 1540 769 1626; x_wconf 81' lang='grc' dir='ltr'><em>πλεονάκις</em></span> <span class='ocrx_word' id='word_1_96' title='bbox 803 1538 896 1630; x_wconf 78' lang='grc' dir='ltr'><em>άξιος</em></span> <span class='ocrx_word' id='word_1_97' title='bbox 931 1551 995 1615; x_wconf 89' lang='grc' dir='ltr'><em>τοῦ</em></span> <span class='ocrx_word' id='word_1_98' title='bbox 1031 1543 1275 1634; x_wconf 88' lang='grc' dir='ltr'><em>σκληρῦνεσθαι</em></span> <span class='ocrx_word' id='word_1_99' title='bbox 1311 1549 1452 1632; x_wconf 83' lang='grc' dir='ltr'><em>γίνηται.</em></span> <span class='ocrx_word' id='word_1_100' title='bbox 1499 1545 1527 1610; x_wconf 92' lang='grc' dir='ltr'><em>εἰ</em></span> 
     </span>
     <span class='ocr_line' id='line_1_12' title="bbox 221 1637 1526 1733; baseline -0.002 -22"><span class='ocrx_word' id='word_1_101' title='bbox 221 1650 340 1712; x_wconf 77' lang='grc' dir='ltr'><em>τοίνυν</em></span> <span class='ocrx_word' id='word_1_102' title='bbox 361 1638 446 1726; x_wconf 70' lang='grc' dir='ltr'><em>,σῦκ</em></span> <span class='ocrx_word' id='word_1_103' title='bbox 471 1637 596 1724; x_wconf 87' lang='grc' dir='ltr'><em>άδίκως</em></span> <span class='ocrx_word' id='word_1_104' title='bbox 622 1647 807 1714; x_wconf 80' lang='grc' dir='ltr'><em>ἐκτείνεται</em></span> <span class='ocrx_word' id='word_1_105' title='bbox 834 1649 952 1716; x_wconf 84' lang='grc' dir='ltr'><em>δίκτυα</em></span> <span class='ocrx_word' id='word_1_106' title='bbox 978 1653 1188 1733; x_wconf 83' lang='grc' dir='ltr'><em>πτερωτοτς“</em></span> <span class='ocrx_word' id='word_1_107' title='bbox 1209 1642 1298 1716; x_wconf 80' lang='grc' dir='ltr'><em>κατὰ</em></span> <span class='ocrx_word' id='word_1_108' title='bbox 1325 1639 1368 1712; x_wconf 85' lang='grc' dir='ltr'><em>τά</em></span> <span class='ocrx_word' id='word_1_109' title='bbox 1395 1645 1432 1712; x_wconf 89' lang='grc' dir='ltr'><em>ἐν</em></span> <span class='ocrx_word' id='word_1_110' title='bbox 1453 1657 1526 1722; x_wconf 81' lang='grc' dir='ltr'><em>ταις</em></span> 
     </span>
     <span class='ocr_line' id='line_1_13' title="bbox 220 1737 1526 1832; baseline -0.001 -22"><span class='ocrx_word' id='word_1_111' title='bbox 220 1747 422 1830; x_wconf 88' lang='grc' dir='ltr'><em>Παροιμίαις</em></span> <span class='ocrx_word' id='word_1_112' title='bbox 444 1743 611 1830; x_wconf 87' lang='grc' dir='ltr'><em>εἰρημένα,</em></span> <span class='ocrx_word' id='word_1_113' title='bbox 639 1737 724 1813; x_wconf 84' lang='grc' dir='ltr'><em>άλλά</em></span> <span class='ocrx_word' id='word_1_114' title='bbox 747 1739 895 1830; x_wconf 77' lang='grc' dir='ltr'><em>εὐλόγως</em></span> <span class='ocrx_word' id='word_1_115' title='bbox 915 1741 1036 1832; x_wconf 89' lang='grc' dir='ltr'><em>εἰσάγει</em></span> <span class='ocrx_word' id='word_1_116' title='bbox 1058 1738 1077 1815; x_wconf 83' lang='grc' dir='ltr'><em>ά</em></span> <span class='ocrx_word' id='word_1_117' title='bbox 1099 1743 1182 1826; x_wconf 85' lang='grc' dir='ltr'><em>θεὸς</em></span> <span class='ocrx_word' id='word_1_118' title='bbox 1207 1748 1275 1828; x_wconf 73' lang='grc' dir='ltr'><em>,εἰς</em></span> <span class='ocrx_word' id='word_1_119' title='bbox 1296 1739 1362 1830; x_wconf 83' lang='grc' dir='ltr'><em>τὴν</em></span> <span class='ocrx_word' id='word_1_120' title='bbox 1382 1745 1526 1830; x_wconf 73' lang='grc' dir='ltr'><em>παγίδαΗ</em></span> 
     </span>
     <span class='ocr_line' id='line_1_14' title="bbox 220 1835 1528 1932; baseline 0 -22"><span class='ocrx_word' id='word_1_121' title='bbox 220 1839 310 1911; x_wconf 84' lang='grc' dir='ltr'><em>κατὰ</em></span> <span class='ocrx_word' id='word_1_122' title='bbox 338 1837 401 1912; x_wconf 88' lang='grc' dir='ltr'><em>τὸν</em></span> <span class='ocrx_word' id='word_1_123' title='bbox 423 1836 577 1912; x_wconf 69' lang='grc' dir='ltr'><em>εἰπόντα</em></span> <span class='ocrx_word' id='word_1_124' title='bbox 600 1839 789 1932; x_wconf 77' lang='grc' dir='ltr'><em>,εἰσήγαγες</em></span> <span class='ocrx_word' id='word_1_125' title='bbox 811 1839 895 1931; x_wconf 81' lang='grc' dir='ltr'><em>ἡμᾶς</em></span> <span class='ocrx_word' id='word_1_126' title='bbox 916 1848 962 1926; x_wconf 88' lang='grc' dir='ltr'><em>εἰς</em></span> <span class='ocrx_word' id='word_1_127' title='bbox 985 1841 1049 1932; x_wconf 83' lang='grc' dir='ltr'><em>τὴν</em></span> <span class='ocrx_word' id='word_1_128' title='bbox 1071 1848 1225 1930; x_wconf 81' lang='grc' dir='ltr'><em>παγίδα,“</em></span> <span class='ocrx_word' id='word_1_129' title='bbox 1247 1848 1302 1913; x_wconf 85' lang='grc' dir='ltr'><em>καί</em></span> <span class='ocrx_word' id='word_1_130' title='bbox 1324 1835 1444 1926; x_wconf 80' lang='grc' dir='ltr'><em>,,άνευ“</em></span> <span class='ocrx_word' id='word_1_131' title='bbox 1467 1844 1528 1928; x_wconf 81' lang='grc' dir='ltr'><em>τῆς</em></span> 
     </span>
     <span class='ocr_line' id='line_1_15' title="bbox 220 1937 1527 2032; baseline -0.001 -22"><span class='ocrx_word' id='word_1_132' title='bbox 220 1945 343 2029; x_wconf 81' lang='grc' dir='ltr'><em>βουλῆς</em></span> <span class='ocrx_word' id='word_1_133' title='bbox 358 1945 442 2024; x_wconf 73' lang='grc' dir='ltr'><em>,τοῦ</em></span> <span class='ocrx_word' id='word_1_134' title='bbox 463 1937 613 2026; x_wconf 53' lang='grc' dir='ltr'><em>πατρὸς(</em></span> <span class='ocrx_word' id='word_1_135' title='bbox 629 1937 705 2012; x_wconf 80' lang='grc' dir='ltr'><em>οῦδὲ</em></span> <span class='ocrx_word' id='word_1_136' title='bbox 728 1939 769 2012; x_wconf 86' lang='grc' dir='ltr'><em>τὸ</em></span> <span class='ocrx_word' id='word_1_137' title='bbox 792 1938 1026 2032; x_wconf 78' lang='grc' dir='ltr'><em>εὐτελέστερον</em></span> <span class='ocrx_word' id='word_1_138' title='bbox 1048 1949 1121 2013; x_wconf 91' lang='grc' dir='ltr'><em>τῶν</em></span> <span class='ocrx_word' id='word_1_139' title='bbox 1142 1945 1387 2030; x_wconf 83' lang='grc' dir='ltr'><em>ἐπτερωμένων</em></span> <span class='ocrx_word' id='word_1_140' title='bbox 1409 1961 1527 2028; x_wconf 84' lang='grc' dir='ltr'><em>στρου</em></span> 
     </span>
    </p>

    <p class='ocr_par' dir='ltr' id='par_1_5' title="bbox 171 2037 1581 2528">
     <span class='ocr_line' id='line_1_16' title="bbox 171 2037 1581 2131; baseline -0.001 -23"><span class='ocrx_word' id='word_1_141' title='bbox 171 2055 204 2108; x_wconf 79' lang='grc' dir='ltr'><em>1ο</em></span> <span class='ocrx_word' id='word_1_142' title='bbox 222 2045 304 2110; x_wconf 91' lang='grc' dir='ltr'><em>θίον</em></span> <span class='ocrx_word' id='word_1_143' title='bbox 325 2044 483 2127; x_wconf 91' lang='grc' dir='ltr'><em>ἐμπίπτει</em></span> <span class='ocrx_word' id='word_1_144' title='bbox 509 2043 576 2124; x_wconf 77' lang='grc' dir='ltr'><em>,εἰς</em></span> <span class='ocrx_word' id='word_1_145' title='bbox 598 2038 661 2129; x_wconf 85' lang='grc' dir='ltr'><em>τὴν</em></span> <span class='ocrx_word' id='word_1_146' title='bbox 682 2045 828 2129; x_wconf 85' lang='grc' dir='ltr'><em>παγίδα“</em></span> <span class='ocrx_word' id='word_1_147' title='bbox 854 2046 931 2130; x_wconf 93' lang='grc' dir='ltr'><em>(τοῦ</em></span> <span class='ocrx_word' id='word_1_148' title='bbox 953 2044 1186 2131; x_wconf 90' lang='grc' dir='ltr'><em>ἐμπίπτοντος</em></span> <span class='ocrx_word' id='word_1_149' title='bbox 1207 2045 1275 2125; x_wconf 75' lang='grc' dir='ltr'><em>,εἰς</em></span> <span class='ocrx_word' id='word_1_150' title='bbox 1297 2038 1361 2130; x_wconf 84' lang='grc' dir='ltr'><em>τὴν</em></span> <span class='ocrx_word' id='word_1_151' title='bbox 1383 2039 1527 2128; x_wconf 51' lang='lat' dir='ltr'><em>..aylam</em></span> <span class='ocrx_word' id='word_1_152' title='bbox 1576 2037 1581 2042; x_wconf 71' lang='grc'><em>’</em></span> 
     </span>
     <span class='ocr_line' id='line_1_17' title="bbox 222 2134 1527 2230; baseline 0.003 -25"><span class='ocrx_word' id='word_1_153' title='bbox 222 2135 277 2207; x_wconf 84' lang='grc' dir='ltr'><em>διὰ</em></span> <span class='ocrx_word' id='word_1_154' title='bbox 307 2145 415 2210; x_wconf 92' lang='grc' dir='ltr'><em>τοῦτο</em></span> <span class='ocrx_word' id='word_1_155' title='bbox 448 2144 694 2230; x_wconf 88' lang='grc' dir='ltr'><em>ἐμπίπτοντος,</em></span> <span class='ocrx_word' id='word_1_156' title='bbox 725 2144 795 2210; x_wconf 91' lang='grc' dir='ltr'><em>ἐπεί</em></span> <span class='ocrx_word' id='word_1_157' title='bbox 826 2139 870 2230; x_wconf 89' lang='grc' dir='ltr'><em>μὴ</em></span> <span class='ocrx_word' id='word_1_158' title='bbox 900 2148 1014 2224; x_wconf 87' lang='grc' dir='ltr'><em>καλῶς</em></span> <span class='ocrx_word' id='word_1_159' title='bbox 1040 2146 1083 2228; x_wconf 78' lang='grc' dir='ltr'><em>τῇ</em></span> <span class='ocrx_word' id='word_1_160' title='bbox 1106 2148 1179 2212; x_wconf 92' lang='grc' dir='ltr'><em>τῶν</em></span> <span class='ocrx_word' id='word_1_161' title='bbox 1201 2145 1341 2228; x_wconf 79' lang='grc' dir='ltr'><em>πτερῶν</em></span> <span class='ocrx_word' id='word_1_162' title='bbox 1363 2134 1527 2228; x_wconf 85' lang='grc' dir='ltr'><em>ἐχρήσατο</em></span> 
     </span>
     <span class='ocr_line' id='line_1_18' title="bbox 223 2233 1528 2331; baseline 0 -25"><span class='ocrx_word' id='word_1_163' title='bbox 223 2241 413 2326; x_wconf 82' lang='grc' dir='ltr'><em>δεδομένων</em></span> <span class='ocrx_word' id='word_1_164' title='bbox 436 2241 490 2309; x_wconf 86' lang='grc' dir='ltr'><em>ἐπὶ</em></span> <span class='ocrx_word' id='word_1_165' title='bbox 513 2238 554 2311; x_wconf 85' lang='grc' dir='ltr'><em>τὸ</em></span> <span class='ocrx_word' id='word_1_166' title='bbox 576 2235 748 2326; x_wconf 84' lang='grc' dir='ltr'><em>ῦψοῦσθαι</em></span> <span class='ocrx_word' id='word_1_167' title='bbox 771 2243 925 2331; x_wconf 70' lang='grc' dir='ltr'><em>ἐξουσίᾳ),</em></span> <span class='ocrx_word' id='word_1_168' title='bbox 950 2237 1125 2331; x_wconf 85' lang='grc' dir='ltr'><em>εῦχῶμεθα</em></span> <span class='ocrx_word' id='word_1_169' title='bbox 1145 2245 1250 2330; x_wconf 75' lang='grc' dir='ltr'><em>μηδὲν</em></span> <span class='ocrx_word' id='word_1_170' title='bbox 1272 2233 1370 2324; x_wconf 78' lang='grc' dir='ltr'><em>ἄξιον</em></span> <span class='ocrx_word' id='word_1_171' title='bbox 1389 2242 1528 2326; x_wconf 85' lang='grc' dir='ltr'><em>ποιῆσαι</em></span> 
     </span>
     <span class='ocr_line' id='line_1_19' title="bbox 222 2333 1528 2428; baseline 0 -22"><span class='ocrx_word' id='word_1_172' title='bbox 222 2341 286 2406; x_wconf 93' lang='grc' dir='ltr'><em>τοῦ</em></span> <span class='ocrx_word' id='word_1_173' title='bbox 315 2333 382 2408; x_wconf 64' lang='lat' dir='ltr'><em>Im}</em></span> <span class='ocrx_word' id='word_1_174' title='bbox 412 2344 473 2428; x_wconf 86' lang='grc' dir='ltr'><em>τῆς</em></span> <span class='ocrx_word' id='word_1_175' title='bbox 502 2343 632 2422; x_wconf 82' lang='grc' dir='ltr'><em>δικαίας</em></span> <span class='ocrx_word' id='word_1_176' title='bbox 657 2345 797 2426; x_wconf 89' lang='grc' dir='ltr'><em>κρίσεως</em></span> <span class='ocrx_word' id='word_1_177' title='bbox 826 2345 889 2411; x_wconf 91' lang='grc' dir='ltr'><em>τοῦ</em></span> <span class='ocrx_word' id='word_1_178' title='bbox 917 2346 1002 2411; x_wconf 88' lang='grc' dir='ltr'><em>θεοῦ</em></span> <span class='ocrx_word' id='word_1_179' title='bbox 1034 2344 1315 2428; x_wconf 77' lang='grc' dir='ltr'><em>εἰσενεχθῆναι</em></span> <span class='ocrx_word' id='word_1_180' title='bbox 1336 2343 1443 2422; x_wconf 44' lang='grc' dir='ltr'><em>,,εἰς“,</em></span> <span class='ocrx_word' id='word_1_181' title='bbox 1465 2333 1528 2406; x_wconf 87' lang='grc' dir='ltr'><em>τὸν</em></span> 
     </span>
     <span class='ocr_line' id='line_1_20' title="bbox 222 2433 1529 2528; baseline 0.001 -23"><span class='ocrx_word' id='word_1_182' title='bbox 222 2435 505 2526; x_wconf 78' lang='grc' dir='ltr'><em>,,πειρασμὸν,“</em></span> <span class='ocrx_word' id='word_1_183' title='bbox 529 2441 768 2527; x_wconf 86' lang='grc' dir='ltr'><em>εἰσφερομένου</em></span> <span class='ocrx_word' id='word_1_184' title='bbox 792 2435 922 2522; x_wconf 85' lang='grc' dir='ltr'><em>παντός</em></span> <span class='ocrx_word' id='word_1_185' title='bbox 944 2467 981 2510; x_wconf 91' lang='grc' dir='ltr'><em>τε</em></span> <span class='ocrx_word' id='word_1_186' title='bbox 1003 2446 1067 2510; x_wconf 92' lang='grc' dir='ltr'><em>τοῦ</em></span> <span class='ocrx_word' id='word_1_187' title='bbox 1088 2443 1360 2528; x_wconf 89' lang='grc' dir='ltr'><em>παραδιδομένου</em></span> <span class='ocrx_word' id='word_1_188' title='bbox 1376 2433 1444 2507; x_wconf 86' lang='grc' dir='ltr'><em>ῦπὸ</em></span> <span class='ocrx_word' id='word_1_189' title='bbox 1465 2441 1529 2507; x_wconf 92' lang='grc' dir='ltr'><em>τοῦ</em></span> 
     </span>
    </p>

    <p class='ocr_par' dir='ltr' id='par_1_6' title="bbox 170 2533 1528 2927">
     <span class='ocr_line' id='line_1_21' title="bbox 170 2533 1526 2627; baseline 0.004 -25"><span class='ocrx_word' id='word_1_190' title='bbox 170 2546 205 2602; x_wconf 87' lang='grc'><strong>20</strong></span> <span class='ocrx_word' id='word_1_191' title='bbox 222 2541 307 2607; x_wconf 88' lang='grc' dir='ltr'><em>θεοῦ</em></span> <span class='ocrx_word' id='word_1_192' title='bbox 331 2541 388 2621; x_wconf 83' lang='grc' dir='ltr'><em>,ἐν</em></span> <span class='ocrx_word' id='word_1_193' title='bbox 410 2555 485 2621; x_wconf 79' lang='grc' dir='ltr'><em>ταῖς</em></span> <span class='ocrx_word' id='word_1_194' title='bbox 506 2543 719 2625; x_wconf 57' lang='grc' dir='ltr'><em>ἐπιθυμίαις(</em></span> <span class='ocrx_word' id='word_1_195' title='bbox 741 2543 802 2627; x_wconf 82' lang='grc' dir='ltr'><em>τῆς</em></span> <span class='ocrx_word' id='word_1_196' title='bbox 823 2545 960 2627; x_wconf 89' lang='grc' dir='ltr'><em>καρδίας</em></span> <span class='ocrx_word' id='word_1_197' title='bbox 981 2538 1107 2611; x_wconf 74' lang='grc' dir='ltr'><em>ἑαυτοῦ</em></span> <span class='ocrx_word' id='word_1_198' title='bbox 1129 2543 1196 2622; x_wconf 77' lang='grc' dir='ltr'><em>,εἰς</em></span> <span class='ocrx_word' id='word_1_199' title='bbox 1218 2533 1450 2626; x_wconf 67' lang='grc' dir='ltr'><em>άπαθαρσίανα</em></span> <span class='ocrx_word' id='word_1_200' title='bbox 1471 2542 1526 2607; x_wconf 79' lang='grc' dir='ltr'><em>καί</em></span> 
     </span>
     <span class='ocr_line' id='line_1_22' title="bbox 221 2633 1526 2727; baseline 0 -23"><span class='ocrx_word' id='word_1_201' title='bbox 221 2633 353 2720; x_wconf 85' lang='grc' dir='ltr'><em>παντὸς</em></span> <span class='ocrx_word' id='word_1_202' title='bbox 389 2642 453 2709; x_wconf 89' lang='grc' dir='ltr'><em>τοῦ</em></span> <span class='ocrx_word' id='word_1_203' title='bbox 488 2643 759 2727; x_wconf 85' lang='grc' dir='ltr'><em>παραδιδομένσυ</em></span> <span class='ocrx_word' id='word_1_204' title='bbox 793 2641 860 2722; x_wconf 80' lang='grc' dir='ltr'><em>,εἰς</em></span> <span class='ocrx_word' id='word_1_205' title='bbox 890 2636 988 2727; x_wconf 90' lang='grc' dir='ltr'><em>πάθη</em></span> <span class='ocrx_word' id='word_1_206' title='bbox 1026 2634 1178 2726; x_wconf 48' lang='grc' dir='ltr'><em>άτιμίαςίί</em></span> <span class='ocrx_word' id='word_1_207' title='bbox 1208 2645 1263 2708; x_wconf 89' lang='grc' dir='ltr'><em>καί</em></span> <span class='ocrx_word' id='word_1_208' title='bbox 1290 2634 1422 2719; x_wconf 89' lang='grc' dir='ltr'><em>παντὸς</em></span> <span class='ocrx_word' id='word_1_209' title='bbox 1453 2640 1526 2719; x_wconf 89' lang='grc' dir='ltr'><em>τοῦ,</em></span> 
     </span>
     <span class='ocr_line' id='line_1_23' title="bbox 221 2734 1528 2829; baseline 0 -25"><span class='ocrx_word' id='word_1_210' title='bbox 221 2735 361 2820; x_wconf 74' lang='grc' dir='ltr'><em>,καθώς</em></span> <span class='ocrx_word' id='word_1_211' title='bbox 397 2734 459 2808; x_wconf 84' lang='grc' dir='ltr'><em>οῦκ</em></span> <span class='ocrx_word' id='word_1_212' title='bbox 490 2742 664 2822; x_wconf 89' lang='grc' dir='ltr'><em>ἐδοκίμασε</em></span> <span class='ocrx_word' id='word_1_213' title='bbox 698 2734 761 2808; x_wconf 88' lang='grc' dir='ltr'><em>τὸν</em></span> <span class='ocrx_word' id='word_1_214' title='bbox 793 2735 878 2808; x_wconf 86' lang='grc' dir='ltr'><em>θεὸν</em></span> <span class='ocrx_word' id='word_1_215' title='bbox 906 2740 991 2826; x_wconf 81' lang='grc' dir='ltr'><em>ἐχειν</em></span> <span class='ocrx_word' id='word_1_216' title='bbox 1018 2742 1076 2808; x_wconf 48' lang='grc' dir='ltr'><em>ἐνί(</em></span> <span class='ocrx_word' id='word_1_217' title='bbox 1103 2736 1229 2829; x_wconf 79' lang='grc' dir='ltr'><em>ἐαυτῷ,</em></span> <span class='ocrx_word' id='word_1_218' title='bbox 1256 2740 1528 2827; x_wconf 87' lang='grc' dir='ltr'><em>παραδιδομένου</em></span> 
     </span>
     <span class='ocr_line' id='line_1_24' title="bbox 220 2832 1101 2927; baseline 0.003 -23"><span class='ocrx_word' id='word_1_219' title='bbox 220 2839 286 2919; x_wconf 77' lang='grc' dir='ltr'><em>,εἰς</em></span> <span class='ocrx_word' id='word_1_220' title='bbox 309 2832 473 2923; x_wconf 78' lang='grc' dir='ltr'><em>ἀδόκιμον</em></span> <span class='ocrx_word' id='word_1_221' title='bbox 493 2841 588 2920; x_wconf 91' lang='grc' dir='ltr'><em>νοῦν,</em></span> <span class='ocrx_word' id='word_1_222' title='bbox 610 2853 720 2907; x_wconf 81' lang='grc' dir='ltr'><em>ποιεῖν</em></span> <span class='ocrx_word' id='word_1_223' title='bbox 742 2835 786 2909; x_wconf 82' lang='grc' dir='ltr'><em>τά</em></span> <span class='ocrx_word' id='word_1_224' title='bbox 806 2835 851 2926; x_wconf 82' lang='grc' dir='ltr'><em>μὴ</em></span> <span class='ocrx_word' id='word_1_225' title='bbox 873 2835 1101 2927; x_wconf 79' lang='grc' dir='ltr'><em>καθήκοντα.“</em></span> 
     </span>
    </p>

    <p class='ocr_par' dir='ltr' id='par_1_7' title="bbox 307 2930 1595 3026">
     <span class='ocr_line' id='line_1_25' title="bbox 307 2930 1595 3026; baseline -0.001 -21"><span class='ocrx_word' id='word_1_226' title='bbox 307 2947 353 3006; x_wconf 90' lang='grc'><strong>17.</strong></span> <span class='ocrx_word' id='word_1_227' title='bbox 392 2932 413 3024; x_wconf 81' lang='grc' dir='ltr'><em>ἡ</em></span> <span class='ocrx_word' id='word_1_228' title='bbox 435 2940 471 3008; x_wconf 77' lang='grc' dir='ltr'><em>δὲ</em></span> <span class='ocrx_word' id='word_1_229' title='bbox 491 2943 585 3024; x_wconf 87' lang='grc' dir='ltr'><em>χρεία</em></span> <span class='ocrx_word' id='word_1_230' title='bbox 606 2943 669 3007; x_wconf 94' lang='grc' dir='ltr'><em>τοῦ</em></span> <span class='ocrx_word' id='word_1_231' title='bbox 689 2933 907 3024; x_wconf 74' lang='grc' dir='ltr'><em>πειράζεσθαι</em></span> <span class='ocrx_word' id='word_1_232' title='bbox 922 2935 1064 3026; x_wconf 86' lang='grc' dir='ltr'><em>τοιαύτη</em></span> <span class='ocrx_word' id='word_1_233' title='bbox 1079 2965 1132 3019; x_wconf 90' lang='grc' dir='ltr'><em>τις</em></span> <span class='ocrx_word' id='word_1_234' title='bbox 1146 2941 1246 3007; x_wconf 89' lang='grc' dir='ltr'><em>ἐστίν.</em></span> <span class='ocrx_word' id='word_1_235' title='bbox 1264 2943 1269 3022; x_wconf 95' lang='grc' dir='ltr'>Ι</span> <span class='ocrx_word' id='word_1_236' title='bbox 1289 2930 1375 3024; x_wconf 86' lang='grc' dir='ltr'><em>άπερ</em></span> <span class='ocrx_word' id='word_1_237' title='bbox 1390 2938 1526 3020; x_wconf 82' lang='grc' dir='ltr'><em>ἐδέξατο</em></span> <span class='ocrx_word' id='word_1_238' title='bbox 1544 2957 1595 3014; x_wconf 80' lang='lat'><em>264</em></span> 
     </span>
    </p>

    <p class='ocr_par' dir='ltr' id='par_1_8' title="bbox 171 3028 1528 3523">
     <span class='ocr_line' id='line_1_26' title="bbox 171 3028 1526 3125; baseline -0.001 -21"><span class='ocrx_word' id='word_1_239' title='bbox 171 3049 204 3105; x_wconf 84' lang='lat'><em>25</em></span> <span class='ocrx_word' id='word_1_240' title='bbox 222 3028 319 3122; x_wconf 79' lang='grc' dir='ltr'><em>ἡμῶν</em></span> <span class='ocrx_word' id='word_1_241' title='bbox 332 3030 460 3123; x_wconf 77' lang='grc' dir='ltr'><em>ἡψυχὴ,</em></span> <span class='ocrx_word' id='word_1_242' title='bbox 477 3031 698 3107; x_wconf 89' lang='grc' dir='ltr'><em>λανθάνοντα</em></span> <span class='ocrx_word' id='word_1_243' title='bbox 712 3032 844 3118; x_wconf 88' lang='grc' dir='ltr'><em>πάντας</em></span> <span class='ocrx_word' id='word_1_244' title='bbox 857 3034 947 3125; x_wconf 82' lang='grc' dir='ltr'><em>πλὴν</em></span> <span class='ocrx_word' id='word_1_245' title='bbox 957 3042 1020 3108; x_wconf 92' lang='grc' dir='ltr'><em>τοῦ</em></span> <span class='ocrx_word' id='word_1_246' title='bbox 1028 3043 1113 3107; x_wconf 87' lang='grc' dir='ltr'><em>θεοῦ</em></span> <span class='ocrx_word' id='word_1_247' title='bbox 1123 3031 1209 3108; x_wconf 79' lang='grc' dir='ltr'><em>ἄλλα</em></span> <span class='ocrx_word' id='word_1_248' title='bbox 1223 3040 1278 3105; x_wconf 87' lang='grc' dir='ltr'><em>καί</em></span> <span class='ocrx_word' id='word_1_249' title='bbox 1294 3030 1379 3124; x_wconf 83' lang='grc' dir='ltr'><em>ἡμᾶς</em></span> <span class='ocrx_word' id='word_1_250' title='bbox 1394 3029 1526 3118; x_wconf 85' lang='grc' dir='ltr'><em>αῦτοῦς,</em></span> 
     </span>
     <span class='ocr_line' id='line_1_27' title="bbox 223 3127 1528 3227; baseline 0.002 -27"><span class='ocrx_word' id='word_1_251' title='bbox 223 3131 352 3222; x_wconf 84' lang='grc' dir='ltr'><em>φανερά</em></span> <span class='ocrx_word' id='word_1_252' title='bbox 372 3131 425 3203; x_wconf 83' lang='grc' dir='ltr'><em>διὰ</em></span> <span class='ocrx_word' id='word_1_253' title='bbox 441 3141 515 3204; x_wconf 92' lang='grc' dir='ltr'><em>τῶν</em></span> <span class='ocrx_word' id='word_1_254' title='bbox 536 3143 771 3224; x_wconf 81' lang='grc' dir='ltr'><em>πειρασμῶν</em></span> <span class='ocrx_word' id='word_1_255' title='bbox 793 3143 932 3222; x_wconf 89' lang='grc' dir='ltr'><em>γίνεται·</em></span> <span class='ocrx_word' id='word_1_256' title='bbox 953 3136 1009 3207; x_wconf 85' lang='grc' dir='ltr'><em>ίνα</em></span> <span class='ocrx_word' id='word_1_257' title='bbox 1023 3143 1139 3227; x_wconf 83' lang='grc' dir='ltr'><em>μηκέτι</em></span> <span class='ocrx_word' id='word_1_258' title='bbox 1155 3132 1389 3224; x_wconf 86' lang='grc' dir='ltr'><em>λανθάνωμεν,</em></span> <span class='ocrx_word' id='word_1_259' title='bbox 1413 3127 1528 3204; x_wconf 76' lang='grc' dir='ltr'><em>ὁποῖοί</em></span> 
     </span>
     <span class='ocr_line' id='line_1_28' title="bbox 221 3229 1527 3324; baseline 0 -23"><span class='ocrx_word' id='word_1_260' title='bbox 221 3259 309 3303; x_wconf 90' lang='grc' dir='ltr'><em>ποτε</em></span> <span class='ocrx_word' id='word_1_261' title='bbox 330 3236 436 3321; x_wconf 78' lang='grc' dir='ltr'><em>ἐσμὲν,</em></span> <span class='ocrx_word' id='word_1_262' title='bbox 459 3229 546 3304; x_wconf 81' lang='grc' dir='ltr'><em>ἀλλὰ</em></span> <span class='ocrx_word' id='word_1_263' title='bbox 567 3242 623 3304; x_wconf 87' lang='grc' dir='ltr'><em>καί</em></span> <span class='ocrx_word' id='word_1_264' title='bbox 643 3231 768 3317; x_wconf 87' lang='grc' dir='ltr'><em>αῦτοῦς</em></span> <span class='ocrx_word' id='word_1_265' title='bbox 782 3234 1064 3322; x_wconf 80' lang='grc' dir='ltr'><em>ἐπιγινώσκοντες</em></span> <span class='ocrx_word' id='word_1_266' title='bbox 1079 3233 1353 3324; x_wconf 90' lang='grc' dir='ltr'><em>συναισθῶμεθα,</em></span> <span class='ocrx_word' id='word_1_267' title='bbox 1376 3231 1436 3303; x_wconf 86' lang='grc' dir='ltr'><em>ἐὰν</em></span> <span class='ocrx_word' id='word_1_268' title='bbox 1453 3239 1527 3316; x_wconf 84' lang='grc' dir='ltr'><em>βου-</em></span> 
     </span>
     <span class='ocr_line' id='line_1_29' title="bbox 222 3329 1527 3424; baseline -0.001 -22"><span class='ocrx_word' id='word_1_269' title='bbox 222 3329 371 3419; x_wconf 90' lang='grc' dir='ltr'><em>λῶμεθα,</em></span> <span class='ocrx_word' id='word_1_270' title='bbox 395 3339 469 3404; x_wconf 90' lang='grc' dir='ltr'><em>τῶν</em></span> <span class='ocrx_word' id='word_1_271' title='bbox 487 3337 584 3403; x_wconf 92' lang='grc' dir='ltr'><em>ίδίων</em></span> <span class='ocrx_word' id='word_1_272' title='bbox 605 3341 722 3404; x_wconf 93' lang='grc' dir='ltr'><em>κακῶν</em></span> <span class='ocrx_word' id='word_1_273' title='bbox 742 3341 798 3404; x_wconf 89' lang='grc' dir='ltr'><em>καί</em></span> <span class='ocrx_word' id='word_1_274' title='bbox 821 3331 1067 3424; x_wconf 87' lang='grc' dir='ltr'><em>εῦχαριστῶμεν</em></span> <span class='ocrx_word' id='word_1_275' title='bbox 1093 3337 1148 3405; x_wconf 84' lang='grc' dir='ltr'><em>ἐπὶ</em></span> <span class='ocrx_word' id='word_1_276' title='bbox 1171 3350 1244 3417; x_wconf 81' lang='grc' dir='ltr'><em>τοῖς</em></span> <span class='ocrx_word' id='word_1_277' title='bbox 1265 3337 1527 3421; x_wconf 79' lang='grc' dir='ltr'><em>φανερουμίνοις</em></span> 
     </span>
     <span class='ocr_line' id='line_1_30' title="bbox 222 3425 1526 3523; baseline -0.002 -21"><span class='ocrx_word' id='word_1_278' title='bbox 222 3425 301 3519; x_wconf 74' lang='grc' dir='ltr'><em>ἡμῖν</em></span> <span class='ocrx_word' id='word_1_279' title='bbox 322 3429 377 3501; x_wconf 84' lang='grc' dir='ltr'><em>διὰ</em></span> <span class='ocrx_word' id='word_1_280' title='bbox 399 3439 473 3503; x_wconf 91' lang='grc' dir='ltr'><em>τῶν</em></span> <span class='ocrx_word' id='word_1_281' title='bbox 494 3440 725 3522; x_wconf 90' lang='grc' dir='ltr'><em>πειρασμῶν</em></span> <span class='ocrx_word' id='word_1_282' title='bbox 746 3428 896 3522; x_wconf 84' lang='grc' dir='ltr'><em>άγαθοίς.</em></span> <span class='ocrx_word' id='word_1_283' title='bbox 933 3428 986 3506; x_wconf 82' lang='grc' dir='ltr'><em>ὅτι</em></span> <span class='ocrx_word' id='word_1_284' title='bbox 1008 3439 1044 3505; x_wconf 81' lang='grc' dir='ltr'><em>δὲ</em></span> <span class='ocrx_word' id='word_1_285' title='bbox 1065 3435 1097 3504; x_wconf 91' lang='grc' dir='ltr'><em>οί</em></span> <span class='ocrx_word' id='word_1_286' title='bbox 1118 3429 1293 3523; x_wconf 88' lang='grc' dir='ltr'><em>γενόμενοι</em></span> <span class='ocrx_word' id='word_1_287' title='bbox 1314 3437 1526 3520; x_wconf 84' lang='grc' dir='ltr'><em>πειρασμοί</em></span> 
     </span>
    </p>
   </div>
   <div class='ocr_carea' id='block_1_3' title="bbox 220 3633 1528 3960">
    <p class='ocr_par' dir='ltr' id='par_1_9' title="bbox 220 3633 1528 3960">
     <span class='ocr_line' id='line_1_31' title="bbox 306 3633 1527 3704; baseline -0.001 -14"><span class='ocrx_word' id='word_1_288' title='bbox 306 3634 324 3690; x_wconf 76' lang='lat'><strong>5</strong></span> <span class='ocrx_word' id='word_1_289' title='bbox 347 3633 410 3704; x_wconf 80' lang='lat' dir='ltr'><strong>Vgl.</strong></span> <span class='ocrx_word' id='word_1_290' title='bbox 428 3633 514 3693; x_wconf 76' lang='lat' dir='ltr'><strong>Exod.</strong></span> <span class='ocrx_word' id='word_1_291' title='bbox 533 3637 562 3700; x_wconf 93' lang='grc'><em>7,</em></span> <span class='ocrx_word' id='word_1_292' title='bbox 580 3637 604 3691; x_wconf 88' lang='grc'><em>3.</em></span> <span class='ocrx_word' id='word_1_293' title='bbox 621 3637 663 3692; x_wconf 94' lang='grc'><em>22.</em></span> <span class='ocrx_word' id='word_1_294' title='bbox 691 3635 780 3700; x_wconf 88' lang='grc'><strong>8,19.</strong></span> <span class='ocrx_word' id='word_1_295' title='bbox 809 3637 838 3701; x_wconf 93' lang='grc'><em>9,</em></span> <span class='ocrx_word' id='word_1_296' title='bbox 862 3639 902 3694; x_wconf 91' lang='grc'><em>12.</em></span> <span class='ocrx_word' id='word_1_297' title='bbox 922 3640 963 3694; x_wconf 88' lang='grc'><em>35.</em></span> <span class='ocrx_word' id='word_1_298' title='bbox 994 3639 1034 3702; x_wconf 92' lang='grc'><em>10,</em></span> <span class='ocrx_word' id='word_1_299' title='bbox 1053 3639 1077 3695; x_wconf 91' lang='grc'><strong>1.</strong></span> <span class='ocrx_word' id='word_1_300' title='bbox 1095 3640 1136 3694; x_wconf 95' lang='grc'><strong>20.</strong></span> <span class='ocrx_word' id='word_1_301' title='bbox 1154 3638 1196 3692; x_wconf 92' lang='grc'><strong>27.</strong></span> <span class='ocrx_word' id='word_1_302' title='bbox 1224 3635 1325 3701; x_wconf 90' lang='grc'><strong>11,10.</strong></span> <span class='ocrx_word' id='word_1_303' title='bbox 1347 3662 1380 3674; x_wconf 87' lang='lat'>-</span> <span class='ocrx_word' id='word_1_304' title='bbox 1403 3633 1527 3690; x_wconf 84' lang='lat' dir='ltr'><em>6IIxod.</em></span> 
     </span>
     <span class='ocr_line' id='line_1_32' title="bbox 221 3717 1528 3792; baseline 0 -19"><span class='ocrx_word' id='word_1_305' title='bbox 221 3717 1528 3792; x_wconf 73' lang='lat' dir='ltr'><strong>9.27.-11vgl.1³rov.1‚17.-12u.15vgl.Psal.65‚11.-18Psa1.65‚11.-vgl.</strong></span> 
     </span>
     <span class='ocr_line' id='line_1_33' title="bbox 220 3801 1527 3875; baseline 0.002 -19"><span class='ocrx_word' id='word_1_306' title='bbox 220 3801 320 3859; x_wconf 69' lang='lat' dir='ltr'><strong>Matth.</strong></span> <span class='ocrx_word' id='word_1_307' title='bbox 334 3806 373 3871; x_wconf 90' lang='lat'><em>10,</em></span> <span class='ocrx_word' id='word_1_308' title='bbox 386 3805 420 3859; x_wconf 87' lang='grc'><strong>29</strong></span> <span class='ocrx_word' id='word_1_309' title='bbox 437 3804 515 3873; x_wconf 83' lang='lat' dir='ltr'><strong>(Luk.</strong></span> <span class='ocrx_word' id='word_1_310' title='bbox 530 3807 569 3867; x_wconf 85' lang='lat'><em>12.</em></span> <span class='ocrx_word' id='word_1_311' title='bbox 581 3805 607 3869; x_wconf 88' lang='grc'><em>6)</em></span> <span class='ocrx_word' id='word_1_312' title='bbox 620 3805 676 3859; x_wconf 88' lang='lat' dir='ltr'><em>und</em></span> <span class='ocrx_word' id='word_1_313' title='bbox 686 3803 815 3875; x_wconf 77' lang='lat' dir='ltr'>Origenes</span> <span class='ocrx_word' id='word_1_314' title='bbox 828 3823 851 3863; x_wconf 86' lang='grc' dir='ltr'><em>υ.</em></span> <span class='ocrx_word' id='word_1_315' title='bbox 864 3807 933 3863; x_wconf 76' lang='lat' dir='ltr'><strong>Cels.</strong></span> <span class='ocrx_word' id='word_1_316' title='bbox 943 3805 1008 3861; x_wconf 88' lang='lat' dir='ltr'>VIII</span> <span class='ocrx_word' id='word_1_317' title='bbox 1023 3807 1056 3863; x_wconf 90' lang='grc'><em>70</em></span> <span class='ocrx_word' id='word_1_318' title='bbox 1067 3823 1093 3864; x_wconf 82' lang='grc' dir='ltr'><em>ε.</em></span> <span class='ocrx_word' id='word_1_319' title='bbox 1104 3805 1135 3864; x_wconf 81' lang='lat' dir='ltr'><em>II.</em></span> <span class='ocrx_word' id='word_1_320' title='bbox 1153 3831 1186 3846; x_wconf 53' lang='grc' dir='ltr'><em>ε-</em></span> <span class='ocrx_word' id='word_1_321' title='bbox 1205 3805 1243 3862; x_wconf 82' lang='grc'><strong>18</strong></span> <span class='ocrx_word' id='word_1_322' title='bbox 1260 3803 1323 3874; x_wconf 78' lang='lat' dir='ltr'><strong>Vgl.</strong></span> <span class='ocrx_word' id='word_1_323' title='bbox 1336 3803 1436 3860; x_wconf 74' lang='lat' dir='ltr'><strong>Matth.</strong></span> <span class='ocrx_word' id='word_1_324' title='bbox 1448 3804 1472 3870; x_wconf 90' lang='lat'><em>6,</em></span> <span class='ocrx_word' id='word_1_325' title='bbox 1483 3803 1527 3871; x_wconf 21' lang='lat'><em>¹13.</em></span> 
     </span>
     <span class='ocr_line' id='line_1_34' title="bbox 220 3885 1527 3960; baseline 0.002 -20"><span class='ocrx_word' id='word_1_326' title='bbox 220 3885 288 3944; x_wconf 81' lang='lat' dir='ltr'><strong>Luk.</strong></span> <span class='ocrx_word' id='word_1_327' title='bbox 301 3891 341 3951; x_wconf 85' lang='lat'><em>11,</em></span> <span class='ocrx_word' id='word_1_328' title='bbox 357 3893 382 3945; x_wconf 96' lang='grc'><em>4.</em></span> <span class='ocrx_word' id='word_1_329' title='bbox 401 3919 431 3928; x_wconf 89' lang='grc'>-</span> <span class='ocrx_word' id='word_1_330' title='bbox 451 3889 491 3946; x_wconf 90' lang='grc'><strong>20</strong></span> <span class='ocrx_word' id='word_1_331' title='bbox 510 3889 571 3959; x_wconf 82' lang='lat' dir='ltr'><strong>Vgl.</strong></span> <span class='ocrx_word' id='word_1_332' title='bbox 589 3889 666 3946; x_wconf 70' lang='lat' dir='ltr'><strong>Rom.</strong></span> <span class='ocrx_word' id='word_1_333' title='bbox 685 3894 709 3957; x_wconf 88' lang='lat'><em>1,</em></span> <span class='ocrx_word' id='word_1_334' title='bbox 727 3891 769 3947; x_wconf 87' lang='grc'><strong>24.</strong></span> <span class='ocrx_word' id='word_1_335' title='bbox 787 3921 820 3930; x_wconf 97' lang='grc'>-</span> <span class='ocrx_word' id='word_1_336' title='bbox 838 3891 876 3948; x_wconf 91' lang='grc'><em>21</em></span> <span class='ocrx_word' id='word_1_337' title='bbox 896 3890 960 3960; x_wconf 76' lang='lat' dir='ltr'><strong>vgl.</strong></span> <span class='ocrx_word' id='word_1_338' title='bbox 978 3891 1055 3948; x_wconf 69' lang='lat' dir='ltr'><strong>Rom.</strong></span> <span class='ocrx_word' id='word_1_339' title='bbox 1074 3896 1097 3957; x_wconf 92' lang='grc'><em>1,</em></span> <span class='ocrx_word' id='word_1_340' title='bbox 1116 3893 1157 3948; x_wconf 87' lang='lat'><em>26.</em></span> <span class='ocrx_word' id='word_1_341' title='bbox 1174 3919 1208 3932; x_wconf 92' lang='grc'><em>·-</em></span> <span class='ocrx_word' id='word_1_342' title='bbox 1225 3889 1264 3946; x_wconf 90' lang='grc'><em>22</em></span> <span class='ocrx_word' id='word_1_343' title='bbox 1281 3888 1345 3958; x_wconf 78' lang='lat' dir='ltr'><strong>Vgl.</strong></span> <span class='ocrx_word' id='word_1_344' title='bbox 1358 3888 1436 3944; x_wconf 66' lang='lat' dir='ltr'><strong>Rom.</strong></span> <span class='ocrx_word' id='word_1_345' title='bbox 1450 3891 1472 3948; x_wconf 88' lang='lat'><em>1.</em></span> <span class='ocrx_word' id='word_1_346' title='bbox 1485 3887 1527 3943; x_wconf 82' lang='lat'><em>28.</em></span> 
     </span>
    </p>
   </div>
   <div class='ocr_carea' id='block_1_4' title="bbox 218 4049 1532 4710">
    <p class='ocr_par' dir='ltr' id='par_1_10' title="bbox 218 4049 1532 4710">
     <span class='ocr_line' id='line_1_35' title="bbox 303 4049 1527 4130; baseline -0.002 -20"><span class='ocrx_word' id='word_1_347' title='bbox 303 4057 319 4110; x_wconf 94' lang='lat'>1</span> <span class='ocrx_word' id='word_1_348' title='bbox 342 4049 415 4112; x_wconf 86' lang='grc' dir='ltr'><em>άλλά</em></span> <span class='ocrx_word' id='word_1_349' title='bbox 432 4049 529 4111; x_wconf 78' lang='grc' dir='ltr'><em>Τάλλ’</em></span> <span class='ocrx_word' id='word_1_350' title='bbox 541 4057 643 4126; x_wconf 75' lang='lat' dir='ltr'><strong>Ausgg.</strong></span> <span class='ocrx_word' id='word_1_351' title='bbox 658 4058 665 4130; x_wconf 98' lang='grc' dir='ltr'>Ι</span> <span class='ocrx_word' id='word_1_352' title='bbox 681 4059 695 4115; x_wconf 91' lang='grc'><strong>7</strong></span> <span class='ocrx_word' id='word_1_353' title='bbox 716 4051 821 4130; x_wconf 75' lang='grc' dir='ltr'><em>οἰσεβής</em></span> <span class='ocrx_word' id='word_1_354' title='bbox 831 4057 970 4128; x_wconf 75' lang='lat' dir='ltr'>TAusgg„</span> <span class='ocrx_word' id='word_1_355' title='bbox 984 4051 1096 4130; x_wconf 81' lang='grc' dir='ltr'><em>ιίσεβεῖς</em></span> <span class='ocrx_word' id='word_1_356' title='bbox 1107 4059 1189 4128; x_wconf 80' lang='lat' dir='ltr'><strong>Angl.</strong></span> <span class='ocrx_word' id='word_1_357' title='bbox 1202 4057 1257 4129; x_wconf 77' lang='lat' dir='ltr'>(bei</span> <span class='ocrx_word' id='word_1_358' title='bbox 1269 4057 1329 4114; x_wconf 87' lang='lat' dir='ltr'><strong>Del.</strong></span> <span class='ocrx_word' id='word_1_359' title='bbox 1339 4058 1351 4110; x_wconf 95' lang='lat' dir='ltr'>I</span> <span class='ocrx_word' id='word_1_360' title='bbox 1363 4057 1412 4112; x_wconf 88' lang='grc'><strong>927</strong></span> <span class='ocrx_word' id='word_1_361' title='bbox 1418 4057 1444 4125; x_wconf 80' lang='lat' dir='ltr'><em>b)</em></span> <span class='ocrx_word' id='word_1_362' title='bbox 1456 4055 1527 4110; x_wconf 72' lang='lat' dir='ltr'><strong>nach</strong></span> 
     </span>
     <span class='ocr_line' id='line_1_36' title="bbox 220 4138 1526 4213; baseline 0.001 -20"><span class='ocrx_word' id='word_1_363' title='bbox 220 4138 246 4195; x_wconf 88' lang='lat' dir='ltr'><em>d.</em></span> <span class='ocrx_word' id='word_1_364' title='bbox 263 4139 344 4206; x_wconf 77' lang='lat' dir='ltr'><strong>Lxx,</strong></span> <span class='ocrx_word' id='word_1_365' title='bbox 364 4139 433 4196; x_wconf 80' lang='lat' dir='ltr'>doch</span> <span class='ocrx_word' id='word_1_366' title='bbox 453 4141 507 4211; x_wconf 78' lang='lat' dir='ltr'><strong>vgl.</strong></span> <span class='ocrx_word' id='word_1_367' title='bbox 526 4141 597 4196; x_wconf 83' lang='lat' dir='ltr'>oben</span> <span class='ocrx_word' id='word_1_368' title='bbox 615 4141 680 4213; x_wconf 77' lang='lat' dir='ltr'><strong>Gap.</strong></span> <span class='ocrx_word' id='word_1_369' title='bbox 697 4143 737 4196; x_wconf 93' lang='lat' dir='ltr'><em>III</em></span> <span class='ocrx_word' id='word_1_370' title='bbox 754 4143 779 4207; x_wconf 81' lang='lat'><em>3,</em></span> <span class='ocrx_word' id='word_1_371' title='bbox 796 4141 822 4198; x_wconf 83' lang='lat' dir='ltr'><em>S.</em></span> <span class='ocrx_word' id='word_1_372' title='bbox 834 4143 885 4199; x_wconf 85' lang='grc'><em>305</em></span> <span class='ocrx_word' id='word_1_373' title='bbox 902 4143 928 4198; x_wconf 89' lang='grc' dir='ltr'><em>Ζ.</em></span> <span class='ocrx_word' id='word_1_374' title='bbox 942 4144 974 4198; x_wconf 92' lang='grc'><em>16</em></span> <span class='ocrx_word' id='word_1_375' title='bbox 993 4145 998 4212; x_wconf 90' lang='grc' dir='ltr'>Ι</span> <span class='ocrx_word' id='word_1_376' title='bbox 1020 4144 1038 4200; x_wconf 87' lang='grc'>8</span> <span class='ocrx_word' id='word_1_377' title='bbox 1062 4141 1161 4212; x_wconf 85' lang='grc' dir='ltr'><em>δέεται]</em></span> <span class='ocrx_word' id='word_1_378' title='bbox 1180 4143 1254 4198; x_wconf 69' lang='lat' dir='ltr'><strong>dieue</strong></span> <span class='ocrx_word' id='word_1_379' title='bbox 1271 4141 1351 4198; x_wconf 81' lang='lat' dir='ltr'>Form</span> <span class='ocrx_word' id='word_1_380' title='bbox 1369 4141 1441 4195; x_wconf 77' lang='lat' dir='ltr'><strong>auch</strong></span> <span class='ocrx_word' id='word_1_381' title='bbox 1457 4139 1526 4195; x_wconf 83' lang='lat' dir='ltr'><strong>oben</strong></span> 
     </span>
     <span class='ocr_line' id='line_1_37' title="bbox 219 4222 1527 4298; baseline 0.001 -20"><span class='ocrx_word' id='word_1_382' title='bbox 219 4241 242 4280; x_wconf 84' lang='grc' dir='ltr'><em>ο.</em></span> <span class='ocrx_word' id='word_1_383' title='bbox 260 4223 328 4279; x_wconf 82' lang='grc' dir='ltr'><em>(ίείε.</em></span> <span class='ocrx_word' id='word_1_384' title='bbox 347 4224 457 4290; x_wconf 77' lang='grc'><strong>171132,</strong></span> <span class='ocrx_word' id='word_1_385' title='bbox 475 4225 501 4282; x_wconf 85' lang='lat' dir='ltr'><em>S.</em></span> <span class='ocrx_word' id='word_1_386' title='bbox 520 4227 569 4282; x_wconf 85' lang='grc'><strong>183</strong></span> <span class='ocrx_word' id='word_1_387' title='bbox 587 4225 614 4282; x_wconf 86' lang='lat' dir='ltr'><em>Z.</em></span> <span class='ocrx_word' id='word_1_388' title='bbox 633 4229 660 4291; x_wconf 87' lang='lat'><em>1,</em></span> <span class='ocrx_word' id='word_1_389' title='bbox 684 4227 742 4281; x_wconf 76' lang='lat' dir='ltr'><strong>also</strong></span> <span class='ocrx_word' id='word_1_390' title='bbox 764 4227 842 4282; x_wconf 77' lang='lat' dir='ltr'><strong>nicht</strong></span> <span class='ocrx_word' id='word_1_391' title='bbox 859 4245 892 4281; x_wconf 85' lang='grc' dir='ltr'><em>ιιι</em></span> <span class='ocrx_word' id='word_1_392' title='bbox 910 4243 978 4284; x_wconf 78' lang='lat' dir='ltr'><strong>corr.</strong></span> <span class='ocrx_word' id='word_1_393' title='bbox 999 4229 1004 4295; x_wconf 92' lang='grc' dir='ltr'>Ι</span> <span class='ocrx_word' id='word_1_394' title='bbox 1024 4222 1152 4298; x_wconf 79' lang='grc' dir='ltr'><em>πάσχειν]</em></span> <span class='ocrx_word' id='word_1_395' title='bbox 1175 4224 1278 4298; x_wconf 87' lang='grc' dir='ltr'><em>πάσχει</em></span> <span class='ocrx_word' id='word_1_396' title='bbox 1297 4227 1346 4282; x_wconf 88' lang='lat' dir='ltr'><em>Ox.</em></span> <span class='ocrx_word' id='word_1_397' title='bbox 1357 4225 1442 4280; x_wconf 88' lang='lat' dir='ltr'><strong>Lond.</strong></span> <span class='ocrx_word' id='word_1_398' title='bbox 1462 4225 1466 4292; x_wconf 93' lang='grc' dir='ltr'>Ι</span> <span class='ocrx_word' id='word_1_399' title='bbox 1487 4223 1527 4281; x_wconf 89' lang='grc'><em>10</em></span> 
     </span>
     <span class='ocr_line' id='line_1_38' title="bbox 219 4302 1532 4383; baseline -0.001 -20"><span class='ocrx_word' id='word_1_400' title='bbox 219 4302 261 4364; x_wconf 83' lang='grc' dir='ltr'><em>ἔτι</em></span> <span class='ocrx_word' id='word_1_401' title='bbox 278 4308 401 4363; x_wconf 76' lang='grc' dir='ltr'><em>ιοίιιείἰιε</em></span> <span class='ocrx_word' id='word_1_402' title='bbox 423 4309 469 4364; x_wconf 77' lang='lat' dir='ltr'><em>ich</em></span> <span class='ocrx_word' id='word_1_403' title='bbox 487 4310 539 4366; x_wconf 80' lang='lat' dir='ltr'><em>mit</em></span> <span class='ocrx_word' id='word_1_404' title='bbox 556 4311 638 4380; x_wconf 76' lang='lat' dir='ltr'><strong>Angl.</strong></span> <span class='ocrx_word' id='word_1_405' title='bbox 657 4315 692 4380; x_wconf 81' lang='grc' dir='ltr'><em>(ε.</em></span> <span class='ocrx_word' id='word_1_406' title='bbox 705 4329 730 4368; x_wconf 80' lang='grc' dir='ltr'><em>ε.</em></span> <span class='ocrx_word' id='word_1_407' title='bbox 742 4310 792 4380; x_wconf 88' lang='grc'><em>0.),</em></span> <span class='ocrx_word' id='word_1_408' title='bbox 810 4308 857 4366; x_wconf 81' lang='grc' dir='ltr'><em>ἐπί</em></span> <span class='ocrx_word' id='word_1_409' title='bbox 874 4311 1003 4383; x_wconf 79' lang='lat' dir='ltr'><strong>TAusgg.</strong></span> <span class='ocrx_word' id='word_1_410' title='bbox 1019 4315 1023 4382; x_wconf 91' lang='grc' dir='ltr'>Ι</span> <span class='ocrx_word' id='word_1_411' title='bbox 1038 4313 1077 4368; x_wconf 88' lang='grc'><strong>14</strong></span> <span class='ocrx_word' id='word_1_412' title='bbox 1095 4311 1253 4380; x_wconf 88' lang='grc' dir='ltr'><em>στρουθίον</em></span> <span class='ocrx_word' id='word_1_413' title='bbox 1270 4310 1396 4365; x_wconf 80' lang='grc' dir='ltr'><em>εσ1ιτεί1ιε</em></span> <span class='ocrx_word' id='word_1_414' title='bbox 1414 4309 1459 4362; x_wconf 85' lang='lat' dir='ltr'><em>ioh</em></span> <span class='ocrx_word' id='word_1_415' title='bbox 1480 4307 1532 4363; x_wconf 75' lang='lat' dir='ltr'><em>mit</em></span> 
     </span>
     <span class='ocr_line' id='line_1_39' title="bbox 218 4391 1531 4467; baseline 0.002 -22"><span class='ocrx_word' id='word_1_416' title='bbox 218 4391 301 4461; x_wconf 76' lang='lat' dir='ltr'><strong>Angl.</strong></span> <span class='ocrx_word' id='word_1_417' title='bbox 320 4392 375 4460; x_wconf 70' lang='lat' dir='ltr'><strong>(bei</strong></span> <span class='ocrx_word' id='word_1_418' title='bbox 392 4394 452 4452; x_wconf 80' lang='lat' dir='ltr'><strong>Del.</strong></span> <span class='ocrx_word' id='word_1_419' title='bbox 470 4396 482 4448; x_wconf 95' lang='lat' dir='ltr'>I</span> <span class='ocrx_word' id='word_1_420' title='bbox 500 4397 688 4466; x_wconf 79' lang='lat' dir='ltr'><strong>927b—928·)</strong></span> <span class='ocrx_word' id='word_1_421' title='bbox 710 4414 737 4452; x_wconf 85' lang='lat' dir='ltr'><em>u.</em></span> <span class='ocrx_word' id='word_1_422' title='bbox 755 4396 872 4461; x_wconf 69' lang='lat' dir='ltr'><strong>nomm..</strong></span> <span class='ocrx_word' id='word_1_423' title='bbox 901 4395 1065 4465; x_wconf 85' lang='grc' dir='ltr'><em>στρουθίων</em></span> <span class='ocrx_word' id='word_1_424' title='bbox 1090 4397 1220 4466; x_wconf 76' lang='lat' dir='ltr'><strong>TAusgg.</strong></span> <span class='ocrx_word' id='word_1_425' title='bbox 1244 4397 1249 4464; x_wconf 92' lang='grc' dir='ltr'>Ι</span> <span class='ocrx_word' id='word_1_426' title='bbox 1276 4395 1316 4452; x_wconf 88' lang='grc'><em>20</em></span> <span class='ocrx_word' id='word_1_427' title='bbox 1338 4399 1390 4466; x_wconf 85' lang='grc' dir='ltr'><em>τῆς</em></span> <span class='ocrx_word' id='word_1_428' title='bbox 1411 4394 1531 4467; x_wconf 87' lang='grc' dir='ltr'><em>καρδίας</em></span> 
     </span>
     <span class='ocr_line' id='line_1_40' title="bbox 219 4475 1529 4553; baseline 0.004 -24"><span class='ocrx_word' id='word_1_429' title='bbox 219 4476 343 4531; x_wconf 75' lang='lat' dir='ltr'><strong>schreibe</strong></span> <span class='ocrx_word' id='word_1_430' title='bbox 369 4478 414 4532; x_wconf 78' lang='lat' dir='ltr'><em>ich</em></span> <span class='ocrx_word' id='word_1_431' title='bbox 439 4480 491 4535; x_wconf 73' lang='lat' dir='ltr'><em>miI</em></span> <span class='ocrx_word' id='word_1_432' title='bbox 517 4479 567 4536; x_wconf 87' lang='lat' dir='ltr'><em>Ox.</em></span> <span class='ocrx_word' id='word_1_433' title='bbox 578 4481 660 4550; x_wconf 79' lang='lat' dir='ltr'><strong>Angl.</strong></span> <span class='ocrx_word' id='word_1_434' title='bbox 683 4481 738 4550; x_wconf 78' lang='lat' dir='ltr'>(bei</span> <span class='ocrx_word' id='word_1_435' title='bbox 756 4481 846 4537; x_wconf 71' lang='lat' dir='ltr'><em>nem</em></span> <span class='ocrx_word' id='word_1_436' title='bbox 869 4481 961 4550; x_wconf 72' lang='lat'><strong>928⁸),</strong></span> <span class='ocrx_word' id='word_1_437' title='bbox 984 4485 1043 4536; x_wconf 86' lang='grc' dir='ltr'><em>τῶν</em></span> <span class='ocrx_word' id='word_1_438' title='bbox 1064 4483 1191 4551; x_wconf 86' lang='grc' dir='ltr'><em>καρδιῶν</em></span> <span class='ocrx_word' id='word_1_439' title='bbox 1216 4480 1308 4536; x_wconf 81' lang='lat' dir='ltr'>&#39;I&#39;DeI</span> <span class='ocrx_word' id='word_1_440' title='bbox 1335 4483 1339 4550; x_wconf 91' lang='grc' dir='ltr'>Ι</span> <span class='ocrx_word' id='word_1_441' title='bbox 1365 4479 1404 4536; x_wconf 87' lang='grc'><em>22</em></span> <span class='ocrx_word' id='word_1_442' title='bbox 1427 4475 1529 4553; x_wconf 76' lang='grc' dir='ltr'><em>ἐαυτῷ]</em></span> 
     </span>
     <span class='ocr_line' id='line_1_41' title="bbox 219 4554 1530 4637; baseline 0.005 -23"><span class='ocrx_word' id='word_1_443' title='bbox 219 4554 371 4630; x_wconf 80' lang='grc' dir='ltr'><em>ἐπιγνώσει</em></span> <span class='ocrx_word' id='word_1_444' title='bbox 393 4562 457 4619; x_wconf 79' lang='grc' dir='ltr'><em>11ει1</em></span> <span class='ocrx_word' id='word_1_445' title='bbox 473 4566 556 4636; x_wconf 80' lang='lat' dir='ltr'><strong>Angl.</strong></span> <span class='ocrx_word' id='word_1_446' title='bbox 576 4567 611 4635; x_wconf 82' lang='lat' dir='ltr'><em>(a.</em></span> <span class='ocrx_word' id='word_1_447' title='bbox 630 4583 655 4622; x_wconf 86' lang='grc' dir='ltr'><em>ιι.</em></span> <span class='ocrx_word' id='word_1_448' title='bbox 673 4565 714 4637; x_wconf 92' lang='lat'><em>0.)</em></span> <span class='ocrx_word' id='word_1_449' title='bbox 738 4566 810 4620; x_wconf 74' lang='lat' dir='ltr'>nach</span> <span class='ocrx_word' id='word_1_450' title='bbox 833 4563 911 4622; x_wconf 85' lang='lat' dir='ltr'><strong>R6m.</strong></span> <span class='ocrx_word' id='word_1_451' title='bbox 929 4567 957 4628; x_wconf 92' lang='grc'><em>1,</em></span> <span class='ocrx_word' id='word_1_452' title='bbox 976 4565 1010 4620; x_wconf 89' lang='grc'><em>28</em></span> <span class='ocrx_word' id='word_1_453' title='bbox 1036 4565 1108 4621; x_wconf 77' lang='lat' dir='ltr'>ohne</span> <span class='ocrx_word' id='word_1_454' title='bbox 1126 4565 1221 4620; x_wconf 82' lang='lat' dir='ltr'><strong>Grund</strong></span> <span class='ocrx_word' id='word_1_455' title='bbox 1245 4565 1250 4633; x_wconf 92' lang='grc' dir='ltr'>Ι</span> <span class='ocrx_word' id='word_1_456' title='bbox 1273 4563 1312 4620; x_wconf 88' lang='grc'><strong>27</strong></span> <span class='ocrx_word' id='word_1_457' title='bbox 1341 4557 1454 4634; x_wconf 74' lang='grc' dir='ltr'><em>αὐτοὺς]</em></span> <span class='ocrx_word' id='word_1_458' title='bbox 1482 4554 1530 4620; x_wconf 83' lang='grc' dir='ltr'><em>αῦ·</em></span> 
     </span>
     <span class='ocr_line' id='line_1_42' title="bbox 218 4639 389 4710; baseline -0.006 -10"><span class='ocrx_word' id='word_1_459' title='bbox 218 4639 286 4710; x_wconf 85' lang='grc' dir='ltr'><em>τοῦς</em></span> <span class='ocrx_word' id='word_1_460' title='bbox 302 4643 389 4699; x_wconf 85' lang='lat' dir='ltr'><strong>Lond.</strong></span> 
     </span>
    </p>
   </div>
   <div class='ocr_carea' id='block_1_5' title="bbox 0 0 1884 5564">
    <p class='ocr_par' dir='ltr' id='par_1_11' title="bbox 0 0 1884 5564">
     <span class='ocr_line' id='line_1_43' title="bbox 0 0 1884 5564; baseline 0 1"><span class='ocrx_word' id='word_1_461' title='bbox 0 0 1884 5564; x_wconf 95' lang='lat' dir='ltr'><em> </em></span> 
     </span>
    </p>
   </div>
  </div>
 </body>
</html>
