3780 5538
632 514 733 569 ΚΑΤΑ
759 513 919 569 ΚΕΔΣΟΥ
941 513 1016 569 vm
1038 513 1079 566 67.
1098 513 1138 566 68.
1156 512 1197 566 69
1494 518 1555 580 285

247 677 349 800 λήσας
371 684 498 750 τοῦτον
520 685 581 798 τής
603 675 705 766 ἀρχῆς
726 683 906 764 καθίστησι
928 683 1118 759 βασιλεῖς,
1146 669 1255 745 οὐδ’
1244 668 1287 744 ἀν
1310 671 1481 761 ἀλληγορή
1504 703 1556 755 τις

246 778 288 850 τά
309 777 397 850 κατά
419 779 500 863 τοὺς
523 775 660 863 τόπους,
683 773 757 897 ἀλλ’
783 771 801 846 6
835 781 975 846 διοικῶν
997 773 1039 846 τά
1063 773 1240 864 σύμπαντα
1263 771 1344 855 θεὸς
1365 765 1498 843 οἶδενο
1480 803 1498 844 ο
1521 803 1555 843 τι

245 885 331 950 ποτε
352 897 444 949 ποιεῖ
463 877 550 948 κατὰ
573 878 636 949 τὸν
659 873 771 948 τόπον
795 881 857 964 τῆς
879 883 953 946 τῶν
974 881 1176 959 βασιλέων
1197 872 1444 955 καταστάσεως.

329 978 475 1067 λύομεν
497 969 561 1047 οὖν
584 975 629 1048 τὸ
652 974 793 1100 δόγμα·

212 1090 228 1141 5
670 1068 846 1166 ᾦέδωκε
869 1070 1031 1162 Κρόνου
1051 1093 1144 1155 παῖς
1165 1069 1468 1162 ἀγκυλομήτεω,

246 1175 344 1250 ου’δὲν
375 1175 523 1267 ἀγκύλον
551 1184 606 1248 καὶ
643 1174 782 1248 σκολιὸν
816 1173 999 1260 βούλεσθαι
1030 1169 1230 1262 πειθόμενοι
1256 1169 1342 1242 θεὸν
1372 1198 1393 1258 η
1419 1176 1556 1299 πατέρα

247 1285 340 1348 θεοῦ.
384 1274 425 1348 ού
457 1276 604 1368 λύομεν
636 1282 671 1349 δὲ
702 1274 746 1347 τό
777 1271 900 1362 δόγμα
929 1272 970 1344 τό
1002 1280 1077 1362 περὶ
1107 1277 1271 1369 προνοίας
1300 1278 1356 1341 καὶ
1385 1278 1459 1342 τῶν
1488 1274 1556 1341 ε’ίτε

248 1383 513 1467 προηγουμένως
549 1373 604 1448 ἀπ’
628 1372 732 1465 αύτής
768 1379 955 1464 γινομένων
985 1378 1051 1444 εἴτε
1079 1373 1179 1442 καὶ”
1164 1400 1200 1442 εκ
1230 1399 1339 1442 τινων
1368 1375 1555 1442 ἐπακολου-

249 1475 421 1548 θούντων.
461 1471 534 1547 ἀλλ’
558 1472 633 1548 οὐδ’
658 1471 876 1558 είκότως“
856 1479 940 1563 ημάς
969 1469 1160 1563 ἀμύνεται
1188 1470 1386 1559 βασιλεὺς,
1411 1467 1557 1556 φάσκον-

197 1594 231 1647 10
250 1605 310 1659 τας
331 1568 434 1664 μὲν”
416 1604 470 1646 οτι
493 1572 534 1646 06

867 1668 1027 1760 Κρόνου
1048 1689 1141 1754 παῖς
1164 1666 1450 1760 ἀγκυλομήτεω

250 1779 396 1845 έδωκεν
425 1773 519 1866 αύτῷ
541 1774 583 1846 τό
605 1771 798 1857 βασιλεύειν
823 1767 899 1842 όδὲ
921 1778 1094 1861 μεθιστῶν
1115 1779 1319 1858 ,βασιλεῖς
1340 1775 1405 1838 καὶ
1407 1777 1555 1839 ‘6686-

248 1881 329 1945 τῶν.
372 1881 428 1944 καὶ
459 1873 504 1945 τό
532 1871 629 1946 αύτό
656 1903 692 1963 γε
718 1867 967 1944 ποιείτωσάν
994 1899 1052 1959 μοι
1074 1896 1261 1953 απαντες
1285 1867 1325 1940 τό
1347 1875 1408 1958 μὲν
1429 1863 1555 1987 Ὁμηρι-

249 1973 313 2044 κόν
345 1973 605 2055 καταλύοντες
636 1970 760 2062 δόγμα
788 1968 829 2042 τό
857 1976 892 2040 δε
918 1980 1017 2040 θεῖον
1038 1977 1115 2058 περὶ
1145 1973 1342 2053 βασιλέως
1372 1973 1555 2089 τηροῦντες

198 2088 230 2140 15
249 2079 304 2142 καὶ
327 2070 368 2143 τὸ
391 2071 659 2156 ,τὸνβασιλέα
682 2077 819 2160 τιμάτεη
844 2065 1091 2156 φυλάττοντες·
1121 2076 1177 2138 καὶ
1203 2066 1244 2138 τό
1268 2064 1316 2150 οός
1337 2071 1374 2138 ἐν
1395 2063 1555 2138 ἀποθέσει

249 2201 285 2260 γε
308 2171 451 2259 τοιαύτη
473 2167 553 2242 σύτε
576 2167 698 2260 μόνος
726 2166 745 2242 6
771 2167 952 2254 βασιλεύς
974 2165 1347 2256 καταλειφθήσεται
1374 2161 1448 2238 οὔτ’
1471 2170 1556 2256 έρη-

248 2301 319 2360 μσς
347 2275 440 2342 ἔσται
462 2267 543 2342 ούτε
569 2269 616 2341 τὰ
645 2275 708 2341 ἐπὶ
734 2276 803 2358 γῆς
830 2273 893 2340 έπὶ
915 2287 1001 2351 τοῖς
1024 2264 1303 2355 ἀνομωτάτοις
1323 2273 1387 2338 καί
1410 2263 1555 2355 ἀγριω-

249 2369 390 2460 τάτοις
412 2369 627 2460 βαρβάροις
650 2373 750 2440 ἔσται.
794 2374 827 2439 εί
849 2367 936 2458 γάρ,
960 2363 1007 2451 τός
1030 2373 1116 2455 λέγει
1142 2374 1281 2450 Κέλσος,
1310 2365 1356 2437 τό
1380 2361 1477 2437 αύτό
1498 2394 1556 2454 μοι

249 2468 466 2560 ποιήσειαν,
494 2463 682 2551 ἅπαντες,
714 2464 875 2557 δηλονότι
905 2475 959 2537 καὶ
991 2471 1027 2539 οἱ
1058 2465 1249 2556 βάρβαροι
1281 2473 1332 2556 τῷ
1365 2462 1457 2555 λόγῳ
1493 2471 1556 2536 τού

197 2583 231 2636 20
250 2577 334 2641 θεοῦ
364 2566 616 2658 προσελθόντες
641 2567 874 2656 νομιμώτατοι
897 2569 1031 2638 ἔσονται
1052 2575 1109 2637 καὶ
1131 2563 1358 2656 ήμεροότατοι·
1386 2572 1443 2636 καὶ
1464 2571 1555 2636 πάσα

248 2675 308 2758 μὲν
323 2677 515 2759 θρησκεία
534 2664 844 2757 καταλυθήσεται
863 2663 962 2755 μόνη
978 2672 1013 2737 δὲ
1029 2663 1049 2755 6
1065 2672 1282 2756 Χριστιανῶν
1296 2661 1464 2754 κρατήσει,
1479 2659 1556 2752 ἥτις

205 2795 207 2804 ’
249 2775 304 2838 ιίαί
326 2765 426 2858 μόνη
449 2775 535 2840 ποτὲ
556 2764 724 2856 κρατήσει,
749 2773 812 2838 τού
835 2763 938 2856 λόγου
952 2762 1002 2837 ἀεὶ
1017 2773 1178 2849 πλείονας
1197 2773 1383 2854 νεμομένου
1397 2763 1514 2854 ψυχάς.

330 2873 437 2938 LXIX.
475 2870 560 2938 Είτα
592 2869 714 2938 ἑαυτοῦ
744 2865 788 2955 μή
813 2861 957 2947 ἀκούσας
984 2860 1003 2935 6
1032 2872 1173 2948 Κέλσος,
1202 2864 1244 2936 τά
1272 2861 1490 2937 ἀνακόλουθα
1517 2870 1556 2934 εί-

249 2964 378 3051 πόντος
406 2975 456 3057 τῷ
485 2973 519 3038 εί
544 2965 615 3054 γάρ
643 2963 688 3036 τό
711 2961 809 3035 αύτό
832 2989 893 3036 σοι
915 2963 1127 3054 ποιήσειαν
1150 2959 1338 3048 άπαντες,
1362 2972 1480 3053 φησίν·
1512 2959 1557 3034 ού

197 3075 319 3158 25μὲν
350 3067 396 3156 δὴ
428 3073 550 3138 τούτο
583 3062 735 3153 φήσεις,
770 3061 834 3147 ως.
867 3059 913 3134 ἀν
935 3071 1173 3146 πεισθέντες
1200 3088 1263 3135 σοι
1288 3060 1470 3153 Ῥωμαῖοι
1491 3070 1555 3133 καὶ

250 3173 332 3238 τῶν
363 3170 663 3254 νενομισμένων
697 3161 833 3245 αύτοῑς
863 3161 963 3254 πρός
994 3164 1114 3247 θεούς
1143 3191 1185 3234 τε
1216 3173 1280 3234 καί
1315 3160 1557 3252 ἀνθρώπους

249 3263 516 3355 ἀμελήσαντες
546 3261 618 3334 τόν
648 3257 943 3348 σόνἽήιστον,
977 3258 997 3350 6
1030 3259 1171 3335 ὅντινα
1201 3262 1349 3350 βούλει,
1383 3285 1555 3350 προσκα-

333 3435 394 3490 511.
414 3435 450 3490 11
472 3433 533 3502 Vgl.
553 3433 662 3496 Homer,
680 3433 742 3485 11.1
744 3434 883 3487 1205.-
909 3434 946 3489 12
966 3433 1027 3500 Vgl.
1046 3434 1114 3488 Dan.
1133 3435 1157 3500 2,
1176 3436 1268 3488 21-
1288 3433 1325 3488 16
1349 3433 1554 3498 IPetr.2,17.

248 3551 279 3559 -
299 3519 339 3574 24
360 3519 420 3588 Vgl.
439 3519 510 3573 oben
529 3519 592 3574 VIII
610 3518 651 3578 68.
670 3517 694 3571 S
714 3517 909 3572 284216.

220 3719 224 3725 .
333 3669 352 3725 8
369 3662 472 3738 τόπον]
486 3667 521 3724 τό
533 3667 601 3722 halb
613 3667 754 3722 erloschen
768 3670 792 3722 A
808 3672 811 3736 Ι
826 3671 843 3724 6
861 3663 960 3738 έδωιιέί
971 3662 1051 3723 έδοκε
1066 3672 1090 3722 A
1106 3669 1109 3734 Ι
1127 3667 1165 3723 14
1182 3665 1358 3739 βασιλέωςΑ
1369 3667 1515 3739 βασιλείας
1527 3666 1556 3719 M

251 3759 352 3824 Ausgg.
367 3757 369 3805 I
386 3755 422 3809 16
440 3760 539 3821 τιμᾶτε
555 3752 677 3807 schreibe
695 3752 739 3805 ich
757 3753 828 3807 nach
846 3754 858 3806 1
872 3753 979 3818 Ρε1ι.2,
993 3755 1032 3816 17,
1046 3757 1134 3819 τιμᾶν
1151 3751 1288 3821 MAusgg.
1301 3769 1387 3820 τιματ
1400 3751 1448 3821 [ευ]
1462 3753 1486 3804 A
1501 3752 1505 3818 Ι
1520 3745 1555 3807 τό

249 3831 295 3908 ὡς]
309 3833 342 3893 τὸ
362 3828 381 3893 6
384 3855 438 3893 σον
455 3837 521 3892 oder
533 3831 571 3902 ὡς
583 3838 706 3892 11εείιΒο.
719 3837 817 3906 (Notae
828 3857 852 3907 p.
862 3839 931 3905 409),
949 3835 1017 3893 τότε
1029 3830 1068 3902 ὡς
1086 3837 1168 3892 6ιιίε1
1179 3836 1233 3906 (bei
1245 3836 1304 3890 Del.
1316 3838 1329 3890 Ι
1347 3838 1397 3892 793
1408 3837 1488 3891 Anm.
1500 3835 1529 3906 b)
1551 3837 1556 3904 1

249 3925 288 3981 16
305 3919 405 3991 μόνος]
423 3941 473 3987 νος
490 3923 558 3976 halb
577 3922 717 3976 erloschen
735 3925 759 3976 A
781 3925 785 3990 Ι
806 3923 846 3978 24
866 3916 936 3978 αὐτό
960 3922 1015 3991 σοι]
1034 3940 1068 3977 το
1088 3939 1123 3976 σο
1142 3922 1209 3975 halb
1228 3921 1369 3976 erloschen
1387 3921 1485 3989 4126
1503 3917 1557 3988 μὲν

248 4013 272 4062 A
293 4003 332 4077 μὴ
356 4011 457 4076 Ausgg.
483 4009 487 4076 Ι
512 4007 549 4063 21
577 4005 837 4077 προσκαλέοσινται
860 4007 983 4062 schreibe
1006 4008 1062 4070 ich,
1085 4004 1348 4078 προσκαλέσασθαι
1365 4009 1402 4069 Δ;
1426 4005 1471 4060 die
1488 4003 1557 4060 Ver·

248 4093 414 4162 schreibung
431 4093 505 4147 wohl
523 4093 609 4145 durch
628 4092 676 4145 das
695 4093 917 4161 vorhergehende
936 4091 1058 4146 Verbum
1075 4087 1180 4162 βούλει,
1204 4089 1247 4144 bei
1267 4090 1329 4145 dem
1348 4090 1397 4146 der
1415 4090 1557 4144 Schreiber

249 4179 329 4233 einen
347 4177 468 4231 Infinitiv
489 4180 637 4239 vermisste,
658 4195 691 4230 zu
709 4176 849 4241 erklfirem
867 4173 1134 4248 προσκαλέσασθαι,
1154 4171 1319 4246 (σέβοιντο)
1338 4174 1402 4229 lieet
1413 4175 1472 4228 Del.
1485 4175 1557 4228 nach

250 4263 303 4317 den
325 4263 442 4317 Worten
466 4262 513 4317 des
536 4263 667 4332 Origenes
690 4263 785 4330 (unten
804 4263 829 4316 S.
849 4263 899 4318 286
917 4261 942 4316 Ζ.
962 4261 1004 4330 12)
1022 4260 1172 4330 unrichtig;
1202 4259 1296 4314 wollte
1318 4277 1384 4313 man
1401 4259 1468 4314 aber
1484 4259 1557 4312 nach

251 4366 299 4418 πρ.
318 4345 487 4420 <σέβωνται>
506 4347 661 4414 schreiben,
689 4363 718 4400 so
737 4346 935 4416 widersprache
962 4346 1011 4399 das
1038 4346 1085 4399 der
1108 4345 1235 4415 Imappen
1253 4343 1492 4398 Ausdrucksweise
1510 4343 1557 4397 des

251 4432 359 4498 Celsus,
384 4433 432 4488 der
449 4433 520 4486 auch
538 4433 587 4486 das
604 4431 727 4487 Medium
745 4449 798 4486 von
819 4429 911 4503 σέβειν
929 4433 1004 4484 sonet
1020 4429 1150 4498 nitgends
1168 4429 1334 4497 gebraucht3
1357 4431 1446 4482 semer
1467 4427 1558 4483 citiert

251 4515 380 4585 Origenes
399 4519 495 4586 (unten
511 4517 536 4570 S.
556 4517 606 4573 286
623 4517 650 4570 Z.
669 4517 711 4586 12)
729 4517 807 4571 nicht
825 4516 963 4578 wortlich‚
987 4513 1098 4568 endlich
1120 4515 1155 4567 ist
1176 4513 1205 4566 in
1227 4511 1486 4584 προσκαλέσαινται
1509 4513 1557 4567 der

250 4601 356 4670 Begriff
373 4601 420 4656 des
440 4599 576 4672 σέβεσθαι
594 4601 644 4655 mit
662 4602 889 4670 eingeschlossen.
924 4601 971 4654 Bo.
985 4597 1083 4666 (Notae
1095 4617 1120 4669 p.
1132 4600 1193 4664 409)
1211 4598 1285 4652 liest:
1303 4595 1557 4667 προσκαλέσονται

250 4682 418 4757 καταβάντα
436 4679 666 4757 ὓπερμαχεῖσθαι
685 4680 788 4752 αὐτῶν,
807 4678 846 4750 ὡς
864 4679 996 4754 οάδεμιᾶς
1013 4677 1100 4754 ἀλλης
1118 4676 1206 4752 ἀλκῆς
1224 4679 1342 4752 δεήσειν.
