3790 5526
379 503 435 564 170
913 489 1137 545 ανινεαονΣ

458 663 614 728 πέπονθε
637 651 685 745 ’δὴ
712 651 766 725 διά
789 652 924 725 τούτων
947 658 1075 734 Κέλσος
1101 657 1236 740 πρᾶγμα
1260 645 1279 722 6
1301 647 1416 722 πάντ’
1438 655 1681 722 ἐπίστασθαι

376 752 664 846 ἐπαγγελλόμενος
694 751 981 836 ίδιωτικῶτατον,
1011 758 1087 840 περὶ
1113 757 1177 822 τοῦ
1205 757 1269 822 νοῦ
1292 757 1366 822 τῶν
1386 757 1530 839 γραφῶν
1552 755 1680 842 οἰηθεὶς

376 863 483 927 πλεόν
516 861 590 925 τῶν
622 855 709 926 κατὰ
739 853 780 925 τὸ
807 850 937 943 γράμμα
964 858 1089 938 λέξεων
1110 855 1234 941 μηδένα
1257 846 1362 940 λόγον
1385 851 1470 922 εῖναι
1490 850 1682 940 βαθύτερον

377 959 414 1028 ἐν
446 961 497 1045 τῷ
528 951 623 1074 νόμῳ
655 961 710 1024 καὶ
741 971 827 1036 τοῖς
856 949 1097 1041 προφήταις·
1127 949 1189 1038 ούχ
1219 946 1313 1040 δρῶν
1344 943 1398 1021 ότι
1425 946 1489 1021 ούιι
1516 945 1559 1022 60
1585 946 1680 1022 ούτω

343 1061 567 1144 ὂπροφανῶς
593 1049 775 1174 ἀπιθάνως
800 1051 864 1123 τὸν
892 1049 1088 1139 σωματικὸν
1109 1054 1333 1140 ἐπηγγέλλετο
1356 1054 1511 1120 πλοῦτον
1534 1069 1606 1134 τοῖς
1627 1045 1681 1138 60-

377 1160 454 1237 θῶς
480 1151 643 1238 βιῶσασιν
664 1147 683 1224 6
706 1149 820 1240 λόγος,
849 1157 1074 1240 δεικνυμένων
1096 1147 1324 1221 δικαιοτάτων
1346 1144 1427 1220 έν
1405 1177 1492 1242 ακρῳ
1512 1157 1610 1242 πενίᾳ
1631 1162 1680 1238 βε-

378 1259 544 1338 βιωκέναι.
588 1257 625 1324 οί
652 1258 738 1341 γοῦν
769 1257 976 1340 προφῆται
1006 1257 1062 1322 καὶ
1089 1247 1143 1320 διά
1170 1249 1211 1321 τὸ
1238 1255 1401 1338 καθαρῶς
1422 1256 1617 1338 βεβιωκέναι
1638 1247 1679 1320 τό

377 1363 475 1424 θεῖον
502 1359 634 1442 πνεῦμα
659 1375 873 1442 χωρησαντες
899 1356 1109 1439 ,περιῆλθον
1131 1355 1167 1420 ἐν
1187 1359 1371 1438 μηλωταῖς,
1394 1354 1430 1420 έν
1453 1353 1588 1438 αἰγείοις
1611 1355 1681 1469 δέρ-

343 1475 489 1553 μασιν
512 1449 760 1540 όστερούμενοι,
784 1447 995 1538 θλιβόμενοι,
1017 1447 1353 1538 κακουχούμενοιμι
1317 1454 1353 1520 ἐν
1375 1454 1523 1586 ἐρημίαις
1544 1446 1681 1570 πλανῶ-

327 1575 360 1630 10
378 1580 477 1642 μενοι
498 1548 597 1623 καί
577 1573 669 1640 ορεσι
689 1557 745 1621 καὶ
767 1557 943 1639 σπηλαίοις
964 1556 1019 1620 καί
1042 1567 1115 1632 ταῖς
1136 1544 1235 1630 ὀπαῖς
1250 1554 1310 1638 τῆς
1325 1555 1417 1638 γῆς“·
1438 1556 1605 1635 ,“,πολλαλ
1619 1547 1680 1636 γὰρ

378 1653 432 1738 ,,αί
456 1659 592 1738 θλίψεις
614 1656 688 1721 τῶν
709 1654 870 1719 δικαίων“
891 1649 979 1720 κατά
1002 1647 1064 1720 τὸν
1085 1644 1253 1738 ύμνῳδόν.

465 1755 556 1840 εἴπερ
580 1746 657 1821 δὲ’
637 1755 768 1839 ανέγνω
788 1745 859 1820 τόν
882 1754 1082 1831 Μωῦσέως
1104 1744 1229 1834 νόμον
1251 1742 1270 1818 6
1295 1754 1430 1832 Κέλσος,
1453 1739 1580 1831 είκὸς”
1562 1775 1617 1820 οτι
1640 1749 1680 1819 τὸ

379 1857 525 1934 ,δανιεῖς
551 1854 664 1921 ἔθνεσι
690 1857 845 1931 πολλοῖς,
872 1847 912 1918 06
939 1854 973 1919 δὲ
1001 1844 1042 1918 ού
1069 1855 1197 1935 δανιῇ,“
1220 1842 1402 1936 λεγόμενον
1427 1845 1514 1936 πρὸς
1540 1845 1602 1917 τὸν
1624 1875 1681 1935 τη-

380 1956 508 2036 ροῦντα
538 1947 612 2020 τὸν
642 1945 781 2038 νόμον,
813 1945 913 2037 ῳήθη
945 1955 1106 2019 τοιοῦτον
1135 1949 1231 2030 εἶναι,
1259 1941 1340 2017 ὥστ’
1363 1951 1400 2017 έν
1426 1952 1605 2038 ἐπαγγελίᾳ
1631 1951 1680 2016 λέ-

328 2073 360 2125 15
379 2059 498 2137 γεσθαι
520 2054 572 2136 τῷ
596 2054 713 2138 δικαίῳ
731 2053 899 2118 τοσοῦτον
919 2044 1163 2136 πλουτήσειν
1185 2043 1249 2117 τόν
1264 2045 1399 2132 τυφλὸν
1412 2053 1574 2132 πλοῦτον,
1592 2039 1680 2117 ῶστε

379 2147 433 2218 διὰ
465 2145 506 2219 τὸ
536 2153 671 2237 πλῆθος
698 2155 771 2217 τῶν
796 2143 977 2236 χρημάτων
1003 2143 1044 2216 06
1069 2141 1177 2234 μόνον
1203 2141 1409 2227 Ἰουδαίοις
1435 2149 1597 2232 δανείζειν
1618 2143 1681 2216 τὸν

380 2253 509 2318 δίκαιον
535 2243 609 2318 ἀλλ’
632 2243 705 2318 066'
726 2241 820 2335 άλλῳ
849 2247 896 2315 ένὶ
924 2249 1016 2315 ἔθνει
1038 2240 1058 2334 ἢ
1080 2250 1228 2334 δευτέρῳ
1250 2239 1271 2334 ἢ
1294 2253 1401 2334 τρίτῳ
1423 2241 1510 2316 ἀλλὰ
1531 2256 1681 2326 πολλοῖς.

294 2356 362 2409 173r
379 2342 468 2416 πόσα
495 2337 558 2416 οὖν
584 2341 626 2418 άν
649 2342 668 2417 6
691 2352 817 2427 δίκαιος
838 2349 998 2432 ἐκέκτητο
1019 2341 1185 2434 χρήματα,
1211 2342 1335 2433 μισθὸν
1354 2353 1359 2429 Ι
1383 2351 1444 2434 τῆς
1470 2343 1682 2433 δικαιοσύνης

379 2441 466 2516 αύτά
487 2443 575 2516 κατά
602 2443 675 2517 τὸν
703 2441 827 2534 νόμον
854 2445 982 2528 λοβῶν,
1014 2448 1068 2514 ίνα
1092 2450 1204 2516 δανιοῖ
1223 2453 1384 2530 ,πολλοῖς
1405 2446 1576 2528 ἔθνεσιν“;
1605 2441 1681 2516 666-

328 2559 362 2611 20
380 2555 512 2616 λουθον
543 2541 575 2615 δ’
598 2549 668 2615 ἐστὶ
688 2549 743 2632 ’τῇ
773 2541 914 2630 τοιαύτη
940 2548 1061 2630 έκδοχῇ
1090 2551 1146 2614 καί
1177 2542 1218 2615 τό
1244 2541 1495 2634 ὑπολαμβάνειν
1521 2539 1577 2616 ότι
1603 2541 1682 2616 ούδέ

378 2671 464 2714 ποτε
491 2638 510 2714 6
538 2649 667 2725 δίκαιος
692 2647 889 2728 δανείζεται,
917 2647 988 2714 ε’πεὶ
1014 2647 1210 2731 γέγραπται·
1239 2645 1300 2729 ,σύ
1330 2649 1366 2716 δὲ
1394 2640 1435 2715 06
1461 2650 1586 2732 δανιῇ.“
1629 2635 1680 2732 ἆρ’

378 2735 442 2814 οὖν
466 2746 571 2831 ἔμεινε
592 2741 633 2813 τὸ
657 2744 758 2824 έθνος
780 2740 957 2824 τοσούτοις
982 2738 1117 2830 χρόνοις
1139 2747 1175 2814 έν
1198 2751 1240 2832 τῇ
1261 2743 1348 2815 κατὰ
1371 2749 1544 2815 ιλΙωῦσέα
1566 2752 1679 2814 θεοσε·

377 2851 463 2936 βείᾳ,
501 2848 690 2932 προφανῶς
724 2848 850 2925 βλέπον
887 2838 1136 2930 ψευδόμενον
1171 2837 1254 2916 ὅσον
1291 2848 1346 2915 ἐπὶ
1381 2850 1432 2933 τῳ
1467 2847 1582 2932 Κέλσῳ
1619 2839 1681 2913 τόν

380 2947 589 3030 νομοθέτην,·
614 2938 692 3012 ούδὲ
714 2939 777 3029 γὰρ
799 2937 974 3030 ίστόρηταί
994 2969 1046 3023 τις
1067 2949 1236 3014 τοσοῦτον
1255 2941 1496 3032 πλουτήσας,
1520 2939 1568 3025 ῶς
1590 2946 1681 3014 δεδα-

327 3053 360 3108 25
380 3047 526 3113 νεικέναι
553 3043 685 3126 ,ἔθνεσι
711 3051 881 3123 πολλοῖς.“
917 3036 990 3111 ἀλλ’
1013 3038 1054 3112 ού
1079 3041 1229 3115 πιθανόν
1251 3037 1364 3126 οὕτως
1387 3039 1510 3124 αύτούς
1531 3047 1680 3112 διδασκο-
1741 3121 1748 3134 ,

377 3146 498 3230 μένους
527 3137 662 3212 άκούειν
688 3146 760 3211 τοῦ
790 3135 926 3230 νόμου,
959 3137 1006 3223 ῶς
1030 3147 1156 3226 Κέλσος
1182 3137 1286 3231 ῶετο,
1313 3151 1369 3214 καὶ
1396 3149 1584 3230 προφανῶς
1610 3147 1680 3225 βλέ-

377 3268 514 3360 ποντας
529 3246 662 3328 ψευδεῖς
683 3237 775 3328 <τάς>
790 3239 878 3310 κατὰ
900 3237 973 3310 τὸν
997 3236 1120 3331 νόμον
1142 3246 1337 3332 ἐπαγγελίας
1358 3238 1582 3330 ἀγωνίζεσθαι
1603 3248 1679 3330 περὶ

378 3369 449 3410 του
471 3366 601 3428 νομου.

459 3438 518 3510 έδιν
549 3445 584 3510 δὲ
612 3438 673 3522 τὰς
700 3434 990 3528 ἀναγεγραμμένας
1017 3469 1068 3522 τις
1094 3435 1256 3530 άμαρτίας
1278 3447 1340 3512 τοῦ
1361 3446 1446 3512 λαοῦ
1468 3447 1553 3530 φέρῃ
1574 3437 1679 3528 παρά-

325 3551 359 3605 30
378 3545 493 3628 δειγμα
514 3545 577 3609 τοῦ
598 3544 934 3627 καταπεφρονηκέναι
956 3536 1079 3622 αύτούς
1101 3545 1175 3610 τοῦ
1197 3537 1333 3627 νόμου,
1356 3536 1442 3627 τάχα
1463 3538 1518 3610 διὰ
1541 3537 1582 3612 τό
1602 3569 1680 3611 κατ-

377 3644 559 3726 εγνωκέναι
586 3634 708 3719 αύτούς
735 3635 782 3719 ῶς
807 3642 1070 3726 ψευδομένου,
1100 3646 1238 3711 λεκτέον
1268 3638 1355 3728 πρὸς
1387 3635 1494 3710 αὐτόν
1521 3633 1575 3712 ὅτι
1602 3635 1679 3711 600-

461 3825 479 3881 8
498 3825 580 3879 Hebr.
599 3829 639 3889 11,
658 3825 699 3878 37.
717 3825 758 3879 38.
777 3854 809 3863 -
828 3824 867 3880 10
885 3823 957 3880 Psal.
975 3828 1016 3890 33,
1034 3827 1075 3882 20.
1094 3855 1126 3865 -
1146 3826 1184 3881 13
1202 3825 1280 3879 Dent.
1290 3829 1331 3892 15,
1348 3828 1372 3883 6.
1397 3827 1491 3890 28,12.

464 3975 482 4031 ὅ
507 3970 696 4046 ἐπηγγέλλετο
713 3975 935 4044 PMJolAusgg.‚
953 3968 1147 4046 α’πηγγέλλετο
1166 3976 1216 4030 Ηό.
1233 3994 1259 4031 υ.
1277 3976 1321 4048 Sp.
1334 3995 1379 4032 am
1396 3977 1484 4042 Ram,
1503 3971 1678 4049 α’πηγγέλεςσ

376 4065 400 4113 A
420 4065 424 4128 Ι
444 4062 462 4116 6
486 4055 684 4128 δικαιοτάτων]
708 4059 756 4113 das
777 4063 847 4114 erste
864 4061 929 4116 Jota
953 4061 1003 4114 auf
1022 4062 1121 4123 Ηυεαε,
1144 4060 1192 4114 das
1216 4061 1310 4116 zweite
1340 4062 1544 4131 naehgetragen
1566 4061 1678 4129 0118

377 4147 479 4208 δανιεῑς
496 4145 547 4199 Ηδ.
566 4147 684 4208 δανειεῖς
702 4143 809 4214 Sp.Del.
828 4147 931 4209 δανιείς
947 4147 971 4198 A
995 4146 1000 4214 Ι
1023 4148 1104 4215 δανιῆ
1121 4148 1146 4199 A
1168 4147 1263 4214 δανειῇ
1280 4145 1444 4216 PMAusgg.
1463 4149 1468 4216 Ι
1490 4148 1529 4203 15
1551 4149 1679 4202 πλοῦτον

376 4247 425 4283 nus
442 4223 532 4299 λόγον
549 4245 616 4284 corr.
634 4230 673 4282 Αι
697 4229 701 4297 Ι
727 4229 762 4284 17
784 4223 861 4285 ἄλλω
879 4231 903 4283 A
922 4223 1018 4284 ἄλλων
1035 4234 1136 4299 Ausgg.
1156 4233 1160 4298 Ι
1182 4230 1220 4286 18
1240 4223 1275 4285 ι’ὶν
1292 4241 1325 4291 <
1343 4230 1478 4302 MAusgg.
1499 4233 1504 4300 1
1525 4231 1563 4288 Ῑθ
1587 4233 1682 4286 δανιοῑ

376 4314 499 4367 schreibe
523 4313 580 4380 ich,
603 4315 695 4368 δανιεῖ
713 4317 737 4367 A
760 4315 876 4382 δανείζει
894 4313 993 4385 H0.sp.
1013 4317 1121 4385 δανείζη
1139 4315 1284 4370 MJolDel.
1307 4317 1312 4384 1
1335 4315 1374 4371 21
1399 4319 1480 4385 δανιῆ
1498 4320 1522 4370 A
1540 4318 1634 4384 δανειῇ
1652 4313 1678 4367 M

376 4403 478 4466 Ausgg.
493 4399 551 4468 123
568 4398 660 4452 hinter
677 4394 857 4468 ψευδόμενον
876 4406 908 4463 ÷
927 4391 981 4462 θῖέ,
1004 4399 1075 4454 doch
1093 4401 1263 4471 expungiert,
1281 4403 1305 4454 A
1328 4403 1332 4468 1
1357 4401 1396 4458 25
1419 4395 1489 4470 ἀλλ’]
1509 4401 1558 4454 das
1575 4404 1645 4454 ετείε
1662 4401 1679 4452 λ

376 4482 405 4534 in
423 4482 566 4535 Correctur
583 4485 606 4536 A
626 4485 630 4550 1
650 4483 688 4538 20
710 4483 869 4553 βλέποντας
886 4483 1143 4554 Me⁰rr·J01Ausgg.
1160 4483 1275 4556 βλέπων
1290 4480 1353 4552 τὰς,
1376 4487 1447 4540 doch
1471 4506 1494 4540 0
1512 4485 1598 4539 durch
1617 4485 1679 4538 Cor·

378 4569 468 4618 rectur
486 4583 534 4619 aus
553 4584 570 4621 0
588 4567 756 4636 hergestellt‚
774 4571 798 4622 A
814 4569 869 4634 127
887 4561 966 4639 (τός)
985 4569 1049 4639 fuge
1070 4569 1116 4622 ich
1138 4569 1190 4623 mit
1207 4571 1236 4622 M
1256 4587 1283 4626 u.
1302 4570 1355 4623 den
1374 4573 1475 4639 Ausgg.
1494 4569 1539 4624 ein
1553 4571 1558 4636 1
1573 4569 1611 4624 81
1632 4561 1678 4622 αύ

378 4644 453 4718 τοὺς]
474 4645 563 4706 αι’τοϋ
579 4653 721 4705 νετωαίεα
739 4652 786 4706 Βο.
805 4652 901 4720 (Notae
918 4671 944 4723 p.
961 4655 1021 4722 400)
1040 4672 1066 4710 u.
1084 4653 1144 4709 Del.
1164 4656 1186 4722 (Ι
1205 4659 1253 4713 707
1273 4659 1351 4709 Anm.
1370 4657 1401 4719 ε).
