3780 5538
621 516 715 572 ΠΕΡΙ
735 517 872 572 mlix
899 517 949 590 16,
966 519 991 572 3.
1018 517 1069 589 12,
1088 519 1111 572 1.
1130 518 1153 572 2.
1467 523 1527 586 339

224 676 378 748 πλούτου
407 677 494 768 πρὸς
526 677 589 750 τόν
619 684 678 764 ,ἐν
707 688 812 751 παντί
842 677 956 770 λόγωίί
984 684 1138 750 πλοῦτον
1166 683 1242 766 ,καί
1271 675 1382 766 πάσηίί
1411 684 1529 769 σοφίᾳ,·

198 865 199 870 ¹
224 785 276 860 τίς
301 772 335 847 δ’
359 771 401 848 άν
424 777 468 868 μή
489 775 691 868 μαινόμενος
711 777 901 866 παραβάλοι
922 775 1036 868 ῦγείαν
1058 785 1193 866 σαρκῶν
1213 784 1270 848 καὶ
1291 771 1421 848 ὀστέων
1442 774 1529 866 πρὸς

223 873 422 966 ὑγιαίνοντα
452 885 536 950 νοῦν
566 885 622 950 καὶ
651 880 844 969 ἐρρωμένην
873 877 985 967 ψυχήν
1014 883 1076 947 καὶ·
1101 883 1307 967 συμμέτρους
1337 875 1529 966 λογισμούς;

224 971 325 1048 άτινα
355 974 469 1048 πάντα
500 974 592 1069 λόγῳ
625 975 852 1068 ῥυθμιζόμενα
883 986 966 1051 θεοῦ
996 975 1115 1068 εύτελῆ
1130 985 1132 990 ’
1146 1006 1224 1048 τινα
1253 971 1391 1065 άμυχήν,
1417 982 1472 1047 καὶ
1500 979 1531 1046 εί

190 1095 205 1149 ῦ
224 1105 258 1148 τι
280 1073 406 1165 άμυχής
427 1075 635 1166 βραχύτερον
656 1087 845 1168 νομίζομεν,
867 1097 960 1150 ποιεῑ
978 1077 1021 1149 τὰ
1043 1075 1217 1166 σωματικά
1238 1073 1434 1166 παθήματα.

307 1188 335 1248 2.
379 1171 398 1247 ό
429 1181 464 1246 δὲ
494 1175 706 1267 κατανοήσας
736 1184 771 1247 τί
799 1169 922 1266 ποτήή
955 1176 996 1249 τό
1026 1175 1152 1260 κάλλος
1185 1182 1246 1266 τής
1272 1174 1415 1266 νύμφης,
1442 1165 1529 1263 ήςό

223 1282 409 1363 ,νυμφίοσί
437 1273 537 1366 λόγος
565 1271 616 1346 ῶν
640 1283 726 1349 θεοῦ
747 1280 815 1369 ἐρᾷ,
835 1287 840 1362 l
863 1283 971 1367 ψυχῆς
992 1275 1219 1366 τυγχανούσης
1240 1272 1410 1365 ἀνθούσης
1431 1271 1529 1362 ῦπερ-
1547 1287 1599 1342 226

223 1381 372 1465 ουρανίῳ
402 1381 458 1446 καὶ
491 1372 703 1466 ύπερκοσμίῳ
734 1374 863 1462 κάλλει,
896 1375 1130 1467 αἰδεσθήσεται
1158 1369 1222 1446 κάν
1248 1382 1299 1465 τῷ
1331 1371 1425 1464 αύτῷ
1453 1369 1528 1446 όνό·

222 1503 303 1563 ματι
331 1480 394 1546 τοῦ
419 1473 565 1559 κάλλους
595 1483 729 1566 τιμῆσαι
756 1474 951 1566 σωματικὸν
981 1473 1107 1560 κάλλος
1132 1471 1289 1564 γυναικός
1313 1468 1335 1564 ἢ
1360 1471 1482 1555 παιδὸς
1508 1466 1528 1563 ή

173 1587 206 1642 10
224 1569 360 1661 ἀνδρός·
389 1571 430 1644 τό
460 1573 524 1663 γάρ
553 1582 675 1663 κυρίως
706 1573 832 1658 κάλλος
867 1573 949 1664 σὰρξ
983 1571 1024 1645 οῦ
1054 1593 1169 1662 χωρεῖ,
1199 1579 1290 1645 πᾶσα
1320 1570 1530 1662 τυγχάνουσα
1613 1601 1620 1614 ·

224 1675 346 1760 αἶσχος.
369 1679 502 1758 ,,πάσα“
517 1671 580 1760 γάρ
603 1672 706 1762 ,σάρξ
732 1672 780 1757 ῶς
798 1671 954 1764 χόρτος,“
968 1680 1023 1745 καί
1039 1671 1059 1763 ή
1074 1669 1198 1759 ,,δόξα“
1213 1668 1326 1761 αῦτής,
1349 1665 1425 1762 ήτις
1439 1676 1530 1742 ἐστὶν

224 1775 452 1860 ἐμφαινομένη
475 1777 527 1861 τῶ
550 1780 719 1863 λεγομένῳ
741 1771 858 1844 κάλλει
879 1779 1050 1862 γυναικῶν
1071 1780 1127 1843 καὶ
1147 1776 1302 1858 παιδίων,
1323 1765 1424 1842 άνθει
1440 1768 1528 1842 κατὰ

224 1867 288 1940 τόν
314 1869 533 1958 προφητικὸν
554 1878 802 1962 παραβέβληται
824 1869 941 1961 λόγον,
964 1879 1119 1960 λέγοντα·
1149 1877 1260 1956 ,πᾶσα
1282 1868 1364 1958 σάρξ
1385 1867 1433 1954 ῶς
1453 1865 1529 1958 χόρ-

225 1997 298 2052 τος,
329 1977 386 2038 καὶ
415 1976 506 2041 πᾶσα
537 1967 618 2057 δόξα
648 1967 753 2061 αύτής
785 1968 833 2054 ῶς
859 1966 966 2054 άνθος
989 1968 1124 2060 χόρτου.
1166 1967 1335 2060 ἐξηράνθη
1355 1964 1374 2041 δ
1395 1965 1527 2058 χόρτος,

174 2083 207 2136 16
224 2074 279 2138 καί
306 2065 348 2138 τό
370 2063 479 2152 άνθος
500 2073 644 2155 ἐξέπεσε·
675 2068 716 2141 τό
739 2077 774 2142 δὲ
797 2071 884 2161 ῥῆμα
905 2076 969 2141 τοῦ
991 2079 1108 2156 κυρίου
1128 2075 1218 2159 μένει
1240 2074 1285 2152 είς
1305 2066 1369 2139 τόν
1391 2073 1529 2140 αίῶνα.κ

225 2165 310 2240 άλλά
339 2175 393 2239 καί
424 2165 593 2257 εύγένειαν
625 2175 677 2253 τίς
708 2171 759 2240 ἐτι
789 2177 916 2258 κυρίως
947 2163 1105 2258 όνομάσει
1134 2168 1199 2258 τήν
1228 2173 1451 2258 τετριμμένην
1478 2173 1528 2239 λέ-

224 2278 341 2356 γεσθαι
363 2268 455 2358 παρὰ
477 2263 691 2356 άνθρῶποις,
713 2266 837 2358 νοήσας
859 2263 1026 2358 εύγένειαν
1041 2269 1127 2338 υἱῶν
1141 2274 1245 2352 θεούς
1267 2275 1478 2352 ,,βασιλείαν“
1494 2271 1529 2338 δὲ

225 2373 378 2454 Χριστοῦ
393 2364 622 2453 ,,άσάλευτον“
637 2365 812 2457 θεωρήσας
833 2363 853 2439 δ
874 2373 955 2449 νοῦς
975 2373 1051 2450 πῶς
1074 2365 1114 2440 ου’
1135 2363 1385 2457 καταφρονήσει
1406 2364 1454 2450 ῶς
1475 2362 1529 2438 ού-

224 2463 321 2548 δενός
350 2462 456 2556 λόγου
486 2463 579 2554 άξίας
604 2464 713 2557 πάσης
738 2473 800 2557 τής
821 2471 876 2538 ἐπὶ
896 2473 957 2556 γῆς
978 2474 1159 2552 βασιλείας;
1188 2463 1353 2553 στρατιάν
1375 2495 1413 2538 τε
1434 2461 1527 2555 άγγέ-

171 2587 205 2642 20
223 2573 296 2635 λων
322 2571 378 2636 καί
399 2561 687 2656 άρχιστρατήγους
712 2571 749 2637 ἐν
771 2563 885 2649 αύτοῖς
907 2564 1084 2653 δυνάμεων
1105 2574 1224 2654 κυρίου
1245 2561 1468 2654 άρχαγγέλους
1490 2593 1528 2636 τε

222 2670 277 2736 καί
299 2661 448 2753 θρόνους
470 2672 525 2736 καὶ
540 2661 744 2755 κυριότητος
765 2672 820 2737 καὶ
837 2661 938 2755 άρχὰς
951 2673 1008 2737 καὶ
1023 2671 1171 2752 ἐξουσίας
1185 2662 1457 2754 ῦπερουρανίους,
1480 2661 1527 2746 ῶς

221 2783 327 2852 χωρεῖ
351 2759 370 2836 ό
399 2768 450 2836 ἔτι
476 2771 650 2856 δεδεμένος
677 2767 808 2855 σῶματι
834 2761 1056 2854 άνθραόπινος
1080 2773 1175 2850 νοῦς,
1203 2765 1290 2835 κατὰ
1317 2761 1358 2834 τό
1381 2763 1528 2834 δυνατόν

223 2870 358 2953 τρανῶς
384 2867 470 2936 ίδῶν
499 2874 555 2936 καὶ
580 2867 795 2954 κατειληφῶς
821 2863 987 2936 δύνασθαι
1012 2871 1166 2954 ἰσοτίμου
1191 2865 1283 2955 παρὰ
1308 2868 1372 2934 τοῦ
1397 2863 1528 2952 πατρίς

223 2967 362 3046 ἐκείνοις
394 2983 521 3053 τυχεῖν,
549 2971 625 3047 πῶς
656 2961 743 3053 οῦχλ,
772 2959 836 3035 κάν
866 2971 960 3049 σκιᾶς
986 2962 1227 3052 άδρανέστερος
1252 2953 1287 3052 ή,
1312 2961 1528 3033 καὶτούτων
1636 3005 1638 3010 .

171 3085 204 3138 25
222 3069 297 3134 τῶν
330 3062 421 3150 παρὰ
451 3082 523 3145 τοῖς
554 3060 715 3152 ἀνοήτοις
745 3070 1012 3154 θαυμαζομένων
1036 3061 1084 3146 ῶς
1114 3061 1365 3155 άμαυροτάτων
1392 3069 1448 3133 καὶ
1475 3061 1527 3134 ού

222 3163 320 3246 δενός
361 3159 464 3250 λόγου
505 3159 609 3248 άξίων
649 3169 815 3252 συγκρίσει
854 3169 1100 3252 καταφρονῶν,
1140 3157 1205 3234 κάν
1241 3168 1382 3234 διδῶται
1418 3168 1527 3234 ταῦτα

156 3285 207 3340 161
222 3259 346 3345 πάντα,
371 3268 376 3348 Ι
398 3257 607 3350 ῦπερόφεται
633 3257 718 3349 ὑπὲρ
739 3267 803 3332 τοῦ
826 3267 900 3334 τῶν
925 3258 1105 3352 άληθινῶν
1128 3258 1319 3352 ἀρχῶνκαὶ
1340 3268 1528 3350 θειοτέρων

223 3366 389 3447 ἐξουσιῶν
407 3360 452 3450 μή
474 3355 672 3448 άποτυχεῑν;
694 3356 833 3432 εῦκτέον
854 3369 981 3447 τοίνυν,
1005 3357 1142 3432 εύκτέον
1163 3367 1239 3451 περὶ
1262 3366 1336 3431 τῶν
1357 3389 1526 3451 προηγου-

222 3466 333 3548 μένως
368 3466 423 3529 καί
461 3455 602 3547 άληθῶς
637 3456 793 3548 μεγάλων
825 3469 881 3531 καί
912 3465 1144 3550 ἐπουρανίων,
1177 3469 1233 3532 καὶ
1266 3459 1310 3532 τά
1345 3467 1422 3550 περί
1453 3467 1527 3532 τῶν

171 3579 206 3633 30
222 3564 544 3631 ἐπακολουθουσῶν
576 3566 682 3630 σκιῶν
710 3578 783 3642 τοῖς
811 3566 1076 3651 προηγουμένοις
1105 3565 1179 3650 θεῶ
1210 3563 1444 3649 ἐπιτρεπτέον,
1475 3569 1527 3652 τῷ

310 3747 327 3802 1
348 3746 410 3816 τρι.
423 3747 435 3800 1
447 3746 511 3801 Kor.
521 3751 545 3814 1,
554 3751 579 3803 ε.
593 3777 624 3786 -
637 3749 656 3804 ο
670 3745 733 3816 Vgl.
745 3747 806 3802 Joh.
819 3750 843 3812 3,
855 3749 896 3804 ιε.
909 3779 943 3788 -
956 3747 993 3804 11
1008 3747 1070 3818 Vgl.
1083 3748 1136 3800 ses.
1148 3748 1190 3808 ιο,
1202 3749 1226 3803 ο.
1240 3776 1273 3786 -
1287 3747 1325 3802 ιο
1337 3746 1390 3802 ιε.
1399 3749 1442 3813 ιο,
1452 3749 1527 3804 6-8.

221 3859 256 3869 -
273 3831 309 3886 ιι
329 3830 400 3901 [vgl.
418 3830 480 3886 Joh.
494 3835 518 3897 1,
536 3833 567 3886 12
577 3831 595 3884 f.
614 3832 656 3901 -]
675 3831 737 3900 Vgl.
755 3831 837 3887 flebr.
855 3834 896 3898 ιε,
914 3833 955 3888 νε.
974 3863 1007 3872 -
1026 3833 1065 3888 ιο
1083 3831 1147 3900 Vgl.
1165 3831 1232 3885 εει.
1250 3832 1275 3898 ε,
1293 3833 1333 3886 13.
1352 3862 1386 3870 -
1405 3832 1446 3888 ιο
1464 3833 1528 3902 vgl.

222 3915 322 3970 νισι.
340 3917 382 3984 ει,
401 3917 442 3970 29.
473 3916 561 3970 mark.
580 3917 620 3981 13,
638 3917 679 3973 ιε.
706 3916 773 3970 Luk.
792 3919 834 3982 21,
851 3918 893 3972 26.
911 3947 944 3956 -
962 3917 1000 3974 ιι
1019 3917 1083 3986 Vgl.
1100 3915 1163 3971 Kol.
1181 3919 1205 3981 1,
1224 3918 1256 3972 16
1274 3914 1381 3986 (Ephes.
1400 3921 1424 3980 1,
1442 3917 1494 3986 21).

306 4067 342 4120 17
363 4066 512 4136 βασιλείαν
533 4063 563 4121 δέ
585 4067 715 4136 Χριστοῦ
740 4061 903 4124 οίσάλευτον
927 4066 1005 4122 Benb.
1015 4067 1075 4122 Del.
1093 4067 1116 4135 (I
1133 4067 1184 4122 226
1201 4067 1282 4121 Anm.
1300 4065 1328 4135 b)
1351 4066 1423 4120 nach
1444 4066 1527 4122 Hebr.
1547 4109 1549 4116 .

222 4151 263 4216 12,
275 4149 323 4214 ‘28;
344 4151 494 4222 βασιλείαν
511 4149 541 4206 δέ
558 4151 687 4222 Χριστοῦ
705 4150 860 4220 (βασιλέως
877 4151 948 4224 τῶν)
966 4141 1179 4225 βασιλευόντων
1196 4148 1228 4204 Ε.
1245 4149 1438 4205 Klostermann
1455 4153 1528 4206 nach

221 4233 319 4288 1¹1¹im.
338 4236 363 4297 6,
382 4237 427 4298 15;
444 4233 565 4307 βασιλέα
584 4233 614 4290 δὲ
631 4231 760 4304 Χριστὸν
776 4231 988 4307 βασιλευόντων
1008 4235 1066 4300 0¹..
1084 4235 1232 4305 βασιλείαν
1249 4230 1279 4289 δέ
1297 4235 1428 4306 Χριστοῦ
1444 4239 1527 4308 βασι·

222 4313 366 4374 λευδντων
387 4319 553 4383 Lond.Del.,
575 4319 724 4392 βασιλείαν
745 4317 775 4375 δέ
792 4320 923 4391 Χριστοῦ
939 4313 1145 4391 βασιλεύοντος
1160 4319 1243 4388 Angl.
1261 4318 1317 4388 (bei
1332 4317 1391 4373 DeL
1408 4320 1421 4373 I
1438 4320 1527 4388 919b)‚

221 4385 312 4490 βασά’
331 4419 380 4490 [so]
399 4417 428 4475 δέ
443 4425 565 4490 χριστοῦ
582 4417 826 4491 βασιλευόντωνΤ
841 4423 845 4490 Ι
861 4421 901 4477 24
918 4416 974 4477 κάν
992 4425 1074 4486 σκιᾶς
1091 4414 1300 4492 άδρανέστερος
1312 4406 1336 4490 ᾗ,
1354 4413 1527 4475 καὶτούτων

222 4503 283 4558 Del.
295 4505 317 4570 (I
329 4505 379 4560 226
392 4506 472 4558 Anm.
485 4504 517 4573 ο),
528 4508 578 4560 καί
590 4511 672 4571 σκιᾶς
683 4500 902 4578 α’δρανεστέρων
912 4501 1026 4562 τούτων
1035 4507 1175 4560 τειιιιυλοί
1186 4505 1267 4574 Angl.
1280 4505 1393 4572 (ε.α.0.)
1405 4505 1526 4574 weniger

222 4589 285 4655 ραις
308 4591 357 4643 καί
380 4591 463 4653 σκιᾶς
484 4582 696 4662 άδρανέστερος
719 4585 736 4659 ἢ
756 4591 806 4646 καί
826 4586 939 4646 τούτων
959 4589 1087 4660 TAusgg.
1112 4592 1117 4658 Ι
1140 4589 1181 4645 26
1207 4589 1298 4644 hinter
1322 4590 1467 4662 συγκρίσει
1490 4589 1526 4644 ist

223 4671 365 4728 vielleicht
381 4669 498 4728 ἐκείνων
516 4674 683 4743 anagefallen
698 4677 703 4743 l
718 4675 756 4731 28
773 4673 1000 4746 προηγουμένως
1015 4674 1038 4727 Τ
1054 4671 1398 4812 προηγουμένωχ2Δοερρ.

1299 4759 1312 4786 ε
