3772 5526
363 435 419 542 54¹
564 455 576 476 “
907 475 1131 530 οεινενονε

362 631 606 724 Πυθαγόρου
626 641 682 708 καί
704 642 778 708 τῶν
799 641 837 708 ἐν
859 632 937 726 ἡμῖν
953 632 1121 726 ἀσκητῶν.
1158 639 1279 707 ἐκεῖνοι
1293 639 1354 725 μὲν
1369 633 1431 724 γάρ
1447 633 1500 707 διά
1515 633 1579 706 τὸν
1594 642 1672 724 περί

362 741 471 826 ψυχῆς
493 741 856 826 μετενσωματουμένης
876 743 990 824 μῦθον
1010 735 1198 825 ἐμψύχων
1219 732 1450 824 ἀπέχονται·
1472 740 1528 806 καί
1549 739 1601 818 τίς

1054 877 1158 957 φίλον
1180 867 1254 940 υίόν
1276 863 1388 958 ἀείρας

532 965 650 1055 σφάξει
671 965 893 1058 ἐπευχόμενος
913 975 996 1060 μέγα
1018 967 1155 1059 νήπιθςί

327 1109 366 1188 51
392 1097 483 1191 ἡμεῖς
506 1107 541 1173 δὲ
566 1095 630 1172 κάν
656 1099 698 1173 τὸ
721 1109 860 1174 τοιοῦτο
882 1100 1099 1191 πράττωμεν,
1121 1107 1285 1191 ποιοῦμεν
1306 1095 1400 1187 αύτὸ,
1423 1103 1495 1170 ἐπεὶ
1516 1094 1670 1170 ύπωπιά-
1688 1113 1739 1170 616

361 1211 462 1288 ςομεν
491 1197 554 1286 ,τό
578 1206 696 1290 σῶμα(
726 1209 782 1273 καὶ
813 1208 1094 1292 δουλαγωγοῦμεν
1123 1209 1179 1274 καὶ
1209 1196 1401 1290 βουλόμεθα
1432 1203 1575 1285 νεκροῦν
1604 1197 1670 1282 ,τά

360 1305 442 1388 μέλη
470 1297 513 1370 τά
541 1304 595 1370 ἐπὶ
627 1305 687 1389 τῆς
714 1306 787 1390 γῆς,
809 1310 981 1390 πορνείαν,
1008 1297 1229 1388 ἀκαθαρσίαν,
1251 1296 1433 1388 ἀσέλγειαν,
1455 1294 1579 1382 πάθος,
1602 1302 1670 1370 ἐπι-

360 1406 487 1487 θυμίαν
512 1395 655 1488 κακὴνίί·
678 1405 735 1470 καὶ
756 1396 871 1471 πάντα
893 1429 929 1489 γε
950 1398 1158 1490 πράττομεν,
1181 1403 1235 1470 ίνα
1257 1398 1339 1484 ,τὰς
1361 1397 1497 1489 πράξεις
1520 1403 1584 1468 τοῦ
1606 1397 1669 1469 σαί-

359 1507 486 1584 ματος“
506 1498 774 1587 θανατώσωμεν.

310 1627 344 1681 10
442 1617 475 1682 L.
513 1607 585 1684 Ἔτι
619 1619 655 1686 δὲ
684 1622 760 1703 περί
790 1612 989 1688 Ἰουδαίων
1024 1612 1298 1706 ἀποφαινόμενος
1334 1608 1353 1684 ό
1390 1619 1518 1696 Κέλσος
1553 1622 1669 1703 φησίν·

361 1707 446 1784 ούδ>
468 1709 695 1803 εὐδοκιμεῖν
725 1714 831 1804 παρὰ
862 1723 918 1806 τῷ
945 1723 1029 1807 θεῷ
1055 1723 1120 1788 καὶ
1147 1721 1385 1804 στέργεσθαι
1406 1711 1611 1802 διαφόρως
1632 1743 1670 1784 τι

320 1899 324 1910 ·
362 1817 448 1882 τῶν
484 1807 618 1884 ἀλλων
653 1811 828 1899 τούτους
863 1815 983 1902 εἰκός,
1014 1823 1078 1888 καί
1108 1822 1334 1906 πέμπεσθαι
1364 1809 1502 1902 μόνοις
1532 1809 1670 1896 αύτοῖς

363 1915 521 1982 ἐκεῖθεν
548 1909 757 2003 ἀγγέλους,
785 1913 876 1986 οἷον
904 1913 949 2005 δή
977 1944 1067 1987 τινα
1093 1913 1282 2006 μακάρων
1307 1911 1444 2003 χώραν
1465 1919 1669 2002 λαχοῦσιν·

278 2004 516 2112 1331όρωμεν
538 2011 609 2102 γὰρ
632 2009 779 2096 αύτούς
800 2021 864 2084 καὶ
886 2013 961 2105 τὴν
981 2015 1114 2104 χώραν
1133 2023 1137 2102 I
1156 2023 1282 2086 τίνων
1305 2009 1506 2102 ἠξίωνται.
1542 2016 1670 2101 έλέγξο·

313 2128 345 2181 15
362 2137 423 2198 μεν
458 2113 521 2182 ούν
556 2120 613 2183 καὶ
643 2119 764 2198 τοῦτο,
796 2119 953 2202 λέγοντες
985 2109 1039 2186 ὅτι
1074 2111 1116 2184 τὸ
1153 2110 1456 2202 εὐδοκιμηκέναι
1497 2109 1539 2184 τό
1568 2114 1670 2195 ἔθνος

362 2215 467 2281 τοῦτο
489 2209 594 2300 παρὰ
617 2219 698 2302 θεῷ
722 2219 885 2302 δηλοῦται
905 2221 961 2284 καὶ
983 2218 1019 2285 ἐκ
1040 2219 1104 2284 τοῦ
1127 2215 1201 2286 τὸν
1223 2218 1278 2285 έπί
1298 2217 1381 2283 πᾶσι
1402 2210 1506 2284 θεὸν
1524 2217 1580 2282 καί
1601 2207 1669 2283 ύπὸ

362 2317 437 2381 τῶν
458 2305 653 2399 ἀλλοτρίων
672 2317 733 2401 τῆς
755 2307 917 2401 ἡμετέρας
937 2317 1085 2394 πίστεως
1098 2308 1260 2402 Ἑβραίων
1272 2321 1449 2383 καλεῖσθαι
1471 2308 1577 2382 θεόν.
1613 2316 1669 2382 καὶ

363 2405 411 2490 σός
438 2404 753 2499 εύδοκιμούντές
783 2439 819 2498 γε
850 2403 932 2482 ὅσον
961 2407 1025 2482 ούκ
1052 2417 1343 2501 ἐγκατελείποντο,
1369 2419 1481 2482 καίτοι
1503 2438 1539 2498 γε
1560 2405 1668 2499 όλίγοι

362 2507 588 2596 τυγχάνοντες
614 2509 678 2582 τόν
699 2507 858 2599 ἀριθμόν,
888 2514 1060 2583 διετέλουν
1087 2510 1337 2602 φρουρούμενοι
1362 2505 1430 2582 ύπύ
1456 2517 1552 2593 θείας
1573 2507 1669 2582 δυνά-

310 2623 345 2679 20
361 2634 457 2694 μεως,
482 2601 530 2691 ιός
551 2617 618 2698 μηδ
623 2605 632 2632 ’
647 2615 702 2682 ἐπὶ
724 2607 942 2698 Ἀλεξάνδρου
963 2617 1028 2682 τοῦ
1047 2607 1245 2694 Μακεδόνος
1266 2620 1393 2681 παθεῖν
1413 2639 1447 2681 τι
1468 2605 1592 2692 αύτούς
1612 2605 1668 2681 ύιέ

362 2701 479 2792 αύτού,
510 2714 623 2780 καίτοι
652 2736 689 2797 γε
717 2707 762 2798 μὴ
793 2715 1029 2799 βουληθέντας
1060 2711 1114 2782 διά
1147 2739 1241 2793 τινας
1267 2707 1440 2798 συνθήκας
1465 2715 1520 2780 καί
1549 2703 1669 2798 ὅρκους

361 2803 609 2896 ἀναλαμβάνειν
632 2801 722 2880 όιιλα
743 2806 830 2878 κατὰ
853 2815 918 2880 τού
940 2817 1089 2898 Δαρείου.
1131 2806 1212 2882 τότε
1234 2815 1314 2896 φασί
1336 2816 1393 2880 καὶ
1414 2809 1479 2881 τόν
1500 2805 1669 2880 Ἰουδαίων

361 2903 511 2994 ἀρχιερέα
545 2905 689 2978 ἐνδύντα
726 2905 790 2996 τὴν
822 2908 996 2998 ἱερατικὴν
1025 2907 1152 2998 στολὴν
1180 2914 1476 2998 προοκεκυνῆσθαι
1505 2905 1574 2982 ύπό
1605 2914 1668 2980 τού

359 3002 584 3095 Ἀλεξάνδρου,
607 3007 800 3096 φάσκοντος
823 3000 941 3094 ιύφθαι
964 3006 1060 3098 αύτῷ
1080 3007 1194 3099 τούτῳ
1214 3014 1265 3098 τῷ
1286 3006 1429 3099 σχήματι
1446 3015 1467 3096 †
1485 3009 1669 3098 ἑωρακέναι

309 3117 342 3172 25
360 3103 447 3190 τινά,
463 3103 753 3198 ἐπαγγελλόμενον
776 3103 872 3198 αύτῷ
894 3107 1001 3194 ,κατὰ
1017 3107 1098 3191 τούς
1113 3101 1262 3190 ύπνουςΗ
1282 3106 1463 3195 ύποτάξειν
1482 3107 1546 3198 τὴν
1560 3103 1670 3180 Ἀσίαν

361 3197 453 3294 όλην.
496 3201 588 3296 ἡμεῖς
618 3199 682 3278 ούν
712 3211 745 3278 οί
776 3213 976 3297 Χριστιανοί
1005 3236 1115 3298 φαμεν
1142 3208 1183 3280 τὸ
1209 3215 1270 3297 μὲν
1301 3205 1534 3296 εύδοκιμεῑν
1563 3207 1669 3297 παρὰ

361 3310 417 3394 τῴ
446 3311 529 3395 θεῷ
559 3315 625 3377 καὶ
655 3313 896 3396 στέργεσθαι
923 3304 1130 3396 διαφόρως
1152 3337 1190 3378 τι
1213 3313 1296 3380 τῶν
1317 3303 1455 3379 ἄλλων
1477 3303 1568 3380 πάνυ
1589 3311 1669 3378 ἐκεί-

360 3432 433 3486 νοις
455 3413 704 3494 συμβεβηκέναι,
728 3405 857 3496 ταύτην
885 3412 920 3476 δὲ
942 3405 1006 3496 τὴν
1027 3412 1224 3496 οἰκονομίαν
1245 3413 1504 3496 μεταβεβηκέναι
1526 3415 1582 3478 καὶ
1604 3405 1670 3496 τὴν

358 3503 455 3592 χάριν
476 3500 531 3592 ἐφ’
553 3501 651 3595 ἡμᾶς,
673 3504 947 3598 μεταστήσαντος
975 3505 1040 3594 τὴν
1061 3510 1099 3576 έν
1120 3503 1328 3589 Ἰουδαίοις
1349 3504 1489 3596 δύναμιν
1511 3511 1567 3578 ἐπὶ
1589 3506 1669 3588 τούς

445 3740 463 3797 Β
486 3740 549 3811 VgI.
571 3742 755 3815 Empedocleo
776 3743 822 3798 bei
848 3743 989 3806 Plutarch,
1015 3743 1055 3798 De
1081 3745 1216 3815 nuperinI.
1241 3744 1305 3815 Cap.
1329 3744 1393 3798 XIII
1419 3762 1445 3814 p.
1469 3743 1600 3798 171011.
1623 3743 1669 3797 bei

359 3823 455 3879 Sextus
473 3825 585 3899 Empir„
602 3829 672 3882 Adv.
684 3829 816 3884 matham.
835 3827 874 3882 IX
892 3829 941 3884 127
960 3827 1012 3896 (Fr.
1026 3828 1092 3900 phil.
1105 3846 1145 3898 gr.
1158 3829 1200 3884 ed.
1212 3828 1344 3895 Μιιὶίυσίι,
1363 3830 1375 3882 Ι
1388 3847 1413 3900 p.
1426 3829 1459 3884 13
1477 3828 1510 3883 V.
1522 3829 1582 3883 442.
1598 3829 1668 3896 443).

359 3939 392 3948 -
410 3912 427 3966 5
445 3910 508 3981 Vgl.
526 3913 539 3966 I
557 3913 620 3968 Kor.
638 3915 662 3980 9,
680 3914 721 3968 27.
739 3945 773 3954 -
789 3913 807 3968 δ
825 3913 888 3982 Vgl.
907 3913 969 3968 Καί.
987 3915 1012 3978 3,
1030 3915 1054 3968 5.
1073 3942 1106 3951 -
1125 3913 1143 3970 8
1161 3913 1225 3982 Vgl.
1243 3914 1320 3968 RIIm.
1338 3913 1418 3977 8,13.
1436 3945 1469 3953 -
1487 3913 1528 3969 20
1548 3913 1609 3984 vgl.
1622 3913 1668 3967 Io·

359 3995 465 4066 sephus,
484 3997 650 4066 Antiquitat.
668 3997 730 4052 Jud.
749 3998 788 4052 XI
805 3997 829 4064 8,
845 4001 913 4054 3-5
932 3997 1095 4067 (317-339).

446 4206 462 4260 1
486 4199 547 4276 τόν]
574 4169 635 4261 τύῦν
652 4206 699 4276 [so]
718 4208 754 4259 Δί
778 4207 782 4273 Ι
805 4207 890 4261 λκαί
906 4207 948 4270 τίς
965 4203 1089 4259 schreibe
1106 4204 1164 4268 ioh,
1186 4223 1233 4259 um
1256 4205 1301 4260 die
1320 4207 1557 4276 Satzverbindung
1573 4207 1668 4262 herzu·

361 4290 469 4356 είείίευς
488 4291 539 4346 καί
555 4309 598 4355 τις
615 4293 746 4360 AAusgg.
771 4294 775 4358 Ι
799 4291 817 4346 4
843 4285 953 4360 σφάξει]
974 4286 1074 4360 σφάζει
1092 4289 1249 4361 Εωρεδοοί.
1269 4291 1275 4359 Ι
1296 4291 1363 4347 141.
1386 4309 1432 4346 am
1450 4292 1530 4346 Rand
1548 4285 1590 4359 ζι’
1607 4295 1644 4346 A²
1664 4293 1667 4360 I

362 4375 400 4429 14
422 4379 508 4430 τϊνιυν
525 4377 569 4443 ΑΙ
586 4375 625 4430 18
644 4365 718 4431 ὅσον
736 4371 797 4446 οὐκ]
819 4370 871 4432 οὐκ
889 4377 1026 4431 vermutet
1044 4374 1126 4429 Guiot
1148 4375 1203 4444 (boi
1221 4375 1281 4431 Del.
1294 4377 1369 4432 1616
1382 4377 1462 4432 Anm.
1475 4376 1503 4446 b)
1521 4377 1668 4447 unrichtig‚

362 4459 416 4527 ng.
435 4457 506 4513 oben
523 4459 562 4514 IV
579 4461 626 4528 32,
644 4462 656 4516 I
674 4463 725 4517 303
742 4461 769 4516 Ζ.
787 4459 821 4516 12
843 4462 848 4528 Ι
873 4460 910 4517 21
935 4453 980 4516 διά
997 4458 1085 4527 τινας]
1109 4453 1144 4514 δι’
1161 4449 1260 4526 ἀτινας
1276 4464 1302 4516 Α
1325 4463 1329 4529 1
1354 4461 1394 4518 24
1416 4449 1516 4531 ὦφθαι
1532 4462 1563 4516 in
1580 4463 1607 4516 M
1625 4479 1669 4517 ex-

362 4541 501 4612 pungiert,
524 4561 578 4598 von
600 4545 653 4600 Ησ.
670 4562 696 4600 u.
714 4544 758 4615 Sp.
776 4544 1011 4615 eIngeklammert,
1029 4560 1084 4598 von
1096 4542 1156 4600 Del.
1173 4544 1275 4614 getilgt
1293 4548 1298 4614 1
1317 4541 1485 4616 ἑωρακέναι]
1505 4546 1669 4602 vermutlioh

363 4627 550 4683 versehrieben
568 4628 612 4682 fiIr
630 4625 709 4700 ίερέα
727 4630 793 4683 oder
809 4629 854 4684 ein
873 4629 1014 4684 fihnliches
1033 4627 1172 4684 Substant.
