3780 5532
348 429 407 492 234
886 424 1110 480 ΩΡΙΓΕΝΟΥΣ

348 590 458 674 φαμὲν
490 586 574 656 εἶναι
603 582 768 677 ἀλη<θές.>
812 595 921 660 ταῦτα
951 587 992 678 δὴ
1019 591 1197 675 προειπῶν
1223 594 1316 661 δοκεῖ
1340 584 1516 660 ἀκόλουθα
1538 591 1649 680 ἑαυτῷ

348 689 456 772 λέγειν
486 683 528 755 τὰ
559 681 658 756 οῦδὲν
689 681 774 758 ὄντα
804 688 891 776 πρὸς
920 685 1013 778 ἡμᾶς.
1055 684 1134 778 ἡμῖν
1165 695 1226 779 μὲν
1256 687 1318 778 γάρ
1345 686 1385 759 τὸ
1405 694 1409 775 ί
1428 685 1651 778 προκείμενόν
1669 705 1718 758 754

346 787 439 854 ἐστιν
469 781 530 854 οῦκ
561 788 595 870 ἐξ
624 782 823 871 ῦποθέσεῶς
853 816 931 860 τινα
965 795 1093 876 σέβειν
1126 786 1225 859 θεόν
1252 785 1338 860 ἀλλὰ
1366 785 1430 859 τόν
1460 794 1559 859 τοῦδε
1589 794 1651 859 τοῦ

346 879 477 964 παντὸς
506 890 562 952 καὶ
592 879 699 956 ἀλλον
732 884 937 959 οὑτινοσοῦν
968 886 1013 978 μὴ
1044 894 1210 978 αἰσθητοῦ
1239 891 1322 976 μηδὲ
1352 892 1570 976 δεικνυμένου
1595 893 1650 974 δη-

313 995 329 1048 5
346 977 520 1070 μιουρχόν·
542 987 689 1056 ε’ίσσνται
711 992 746 1056 δὲ
768 990 800 1057 οἱ
819 982 949 1077 ,ἀλλην
970 983 1074 1060 ὁδόνίί
1088 995 1144 1060 καὶ
1158 982 1264 1072 ,ἀλλα
1278 992 1444 1059 κέλευθά(
1458 994 1651 1074 βαδίζοντες

347 1088 402 1150 καὶ
433 1088 561 1154 τοῦτον
589 1091 650 1173 μὲν
679 1081 881 1174 ἀρνούμενοι
910 1092 1090 1159 καινοειδεῑ
1113 1092 1150 1158 δὲ
1175 1083 1411 1176 ἀναπλάσματι
1431 1094 1487 1157 καὶ
1509 1081 1650 1176 ὀνόματι

347 1175 455 1267 μόνον
484 1189 583 1254 θεοῦ
614 1184 753 1267 ἑαυτούς
779 1184 827 1268 ῶς
852 1193 979 1275 μείζονι
1006 1195 1069 1258 τοῦ
1090 1190 1292 1276 δημιουργοῦ
1313 1183 1570 1271 έπιδεδωκότες,
1595 1193 1649 1257 καὶ

349 1283 378 1349 εἴ
407 1308 460 1362 τις
490 1276 542 1369 ἀρ’
565 1285 635 1353 ἐστὶ
663 1287 774 1373 λέγων
799 1283 1066 1374 ἰσχυρότερον
1091 1287 1195 1357 εῖναι
1221 1283 1295 1357 τόν
1317 1283 1405 1356 υἱόν
1425 1293 1490 1356 καὶ
1511 1284 1650 1374 κύριον

347 1385 441 1462 ,τοῦ
462 1389 714 1468 κρατοῦντος
736 1393 860 1456 θεοῦ.“

297 1500 331 1555 10
430 1473 693 1572 ἀποδεδώκαμεν
723 1489 758 1554 δὲ
789 1483 853 1556 τόν
883 1481 1091 1572 φαινόμενον
1121 1481 1199 1574 ἡμῖν
1229 1480 1334 1574 λόγον
1365 1491 1411 1568 είς
1437 1482 1478 1556 τό
1505 1482 1553 1573 μὴ
1581 1490 1650 1555 δεῖν

347 1582 458 1662 ,δυσὶ
488 1588 643 1668 κυρίοις
673 1584 908 1668 δουλεύειν,“
932 1579 991 1657 ότε
1017 1591 1072 1654 καὶ
1098 1582 1352 1675 παρεστήσαμεν
1378 1590 1539 1674 μηδεμίαν
1560 1580 1650 1655 στά-

348 1700 411 1747 σιν
438 1687 517 1768 περὶ
547 1679 611 1752 τόν
631 1678 758 1772 Ἰησοῦν
788 1691 844 1755 καὶ
874 1682 1012 1772 κύριον
1038 1680 1304 1755 ἀποδείκνυσθαι
1331 1682 1498 1754 δύνασθαι
1520 1686 1557 1753 ἐν
1579 1701 1650 1764 τοῖς

349 1771 573 1868 ὁμολογοῦσιν
598 1776 925 1873 ύπεραναβεβηκέναι
952 1791 1014 1872 μὲν
1039 1781 1155 1856 πάντα
1180 1781 1322 1872 κύριον
1351 1779 1446 1874 μόνῳ
1470 1789 1506 1854 δὲ
1527 1790 1649 1872 κυρίῳ
1671 1783 1678 1801 ’

348 1876 555 1949 δουλεύειν
578 1889 635 1972 τῷ
657 1885 729 1973 υἱῷ
753 1889 825 1954 τοῦ
847 1889 946 1954 θεοῦ
968 1880 1061 1974 λόγῳ
1084 1891 1190 1955 θεοῦ.

297 2015 331 2068 15
430 1998 531 2068 XVII.
573 1997 670 2069 Μετὰ
705 2005 813 2069 ταῦτα
848 2005 883 2070 δὲ
916 1995 935 2071 ό
964 2007 1090 2083 Κέλσος
1124 2007 1227 2089 φησὶν
1257 1995 1342 2090 ἡμᾶς
1370 1997 1527 2089 βωμούς
1554 2004 1559 2082 ί
1585 2004 1718 2072 11111755

348 2086 554 2184 ἀγάλματα
583 2104 647 2169 καὶ
680 2100 779 2182 νεῶς
805 2096 1017 2188 ἱδρύεσθαι
1039 2098 1215 2190 φεύγειν,
1243 2104 1315 2169 ἐπεὶ
1337 2097 1381 2169 τὸ
1404 2097 1550 2170 πιστόν
1572 2093 1650 2188 ἡμίν

348 2189 527 2279 ἀφανοῦς
564 2203 628 2266 καί
661 2194 895 2288 ἀπορρήτου
928 2207 1144 2282 κοινωνίας
1178 2203 1285 2270 οἴεται
1320 2200 1422 2269 εἶναι
1457 2196 1650 2287 σύνθημα·

264 2309 332 2363 195¹r
349 2289 409 2380 ούχ
432 2289 525 2382 ὁρῶν
547 2288 602 2367 ότι
628 2304 752 2386 βωμοὶ
779 2305 840 2386 μέν
862 2303 945 2370 εἰσιν
969 2293 1070 2387 ἦμενΙ
1092 2296 1132 2369 τὸ
1156 2295 1299 2370 ἑκάστου
1319 2305 1393 2370 τῶν
1415 2303 1557 2369 δικαίων
1578 2293 1650 2386 ἡγε-

347 2391 502 2479 μονικόν,
533 2391 591 2480 ἀφ’
619 2386 660 2466 οῦ
694 2392 925 2484 ἀναπέμπεται
956 2395 1098 2487 ἀληθοῦς
1127 2404 1182 2469 καὶ
1213 2405 1348 2487 νοητῶς
1370 2394 1479 2486 εῦῶδη
1511 2393 1650 2486 ,θυμιά-

297 2509 331 2562 20
347 2503 467 2578 ματα,“
502 2503 723 2582 ,,προσευχαὶ“
758 2493 825 2567 ἀπὸ
862 2495 1080 2587 συνειδήσεως
1108 2504 1269 2586 καθαρᾶς.
1316 2495 1368 2567 διδ
1399 2503 1528 2585 λέγεται
1558 2494 1650 2584 παρὰ

349 2599 399 2680 τῷ
414 2587 552 2679 Ἰωάννῃ
575 2598 611 2664 ἐν
634 2602 676 2683 τῇ
692 2590 930 2683 Ἀποκαλύψει·
952 2597 1016 2682 ,τὰ
1038 2602 1074 2668 δὲ
1095 2595 1291 2685 θυμιάματά
1314 2602 1397 2667 εἰσιν
1418 2600 1451 2667 αί
1472 2604 1652 2685 προσευχαὶ

350 2698 423 2762 τῶν
453 2687 582 2779 ἀχίων“
603 2702 658 2764 καὶ
688 2695 779 2784 παρὰ
802 2703 852 2786 τῷ
874 2694 1035 2786 ύμνῳδῶ·
1066 2695 1266 2787 ,γενηθήτω
1289 2692 1310 2785 ἦ
1331 2693 1497 2785 προσενχή
1518 2723 1584 2783 μου
1604 2692 1652 2778 ῶς

348 2797 498 2879 θυμίαμα
520 2789 670 2864 ένῶπιόν
692 2807 781 2866 σου.“

431 2888 637 2982 ἀγάλματα
659 2899 694 2964 δὲ
716 2902 771 2965 καὶ
793 2901 969 2984 πρέποντα
991 2902 1065 2986 θεῶ
1081 2893 1293 2986 ἀναθήματα,
1316 2891 1376 2984 ούχ
1390 2892 1458 2966 ῦπό
1473 2893 1652 2978 βαναύσων

298 3006 330 3060 25
349 2999 515 3079 τεχνιτῶν
554 3001 843 3084 κατεσκευασμένα
882 2991 955 3066 ἀλλ’
985 2994 1053 3068 ύπὸ
1088 2992 1193 3086 λόγου
1231 3001 1316 3066 θεοῦ
1351 2992 1562 3084 τρανσύμενα
1596 3000 1651 3064 καὶ

348 3091 566 3180 μορφούμενα
592 3097 628 3164 ἐν
655 3089 746 3182 ἡμῖν,
778 3097 811 3166 αἱ
837 3091 967 3181 ἀρεταὶ,
993 3093 1165 3186 μιμήματα
1187 3091 1411 3182 τυγχάνουσαι
1433 3099 1496 3164 τοῦ
1517 3121 1651 3181 πρωτο-

350 3188 456 3262 τόκου
481 3189 612 3282 ,,πάσης
633 3201 806 3278 κτίσεως,“
830 3199 867 3265 ἐν
889 3187 917 3282 ᾧ
941 3199 1013 3266 ἐστι
1040 3193 1248 3284 δικαιοσύνης
1274 3201 1329 3264 καὶ
1352 3191 1575 3282 σωφροσύνης
1595 3199 1651 3263 καὶ

350 3287 504 3380 ἀνδρείας
533 3300 590 3363 καὶ
620 3302 742 3381 σοφίας
769 3301 823 3364 καὶ
850 3290 1015 3379 εύσεβελας
1041 3303 1097 3365 καὶ
1123 3301 1197 3364 τῶν
1224 3301 1357 3366 λοιπῶν
1383 3289 1519 3380 ἀρετῶν
1546 3320 1651 3382 παρα-

434 3479 453 3534 5
476 3479 539 3549 Vgl.
557 3480 670 3544 Homer,
688 3480 738 3536 Od.
756 3482 795 3536 IX
813 3483 871 3536 261.
898 3511 931 3520 -
955 3483 991 3540 11
1015 3481 1078 3550 Vgl.
1096 3480 1194 3536 Matth.
1212 3483 1236 3550 6,
1254 3483 1295 3535 24.
1322 3481 1389 3534 Luk.
1408 3479 1448 3544 16,
1467 3481 1507 3535 13.
1529 3509 1563 3519 -
1589 3479 1651 3549 VgI.

349 3562 421 3617 oben
433 3563 499 3618 VIII
514 3567 589 3620 3-5.
608 3595 642 3604 -
661 3565 699 3620 10
719 3564 780 3634 Vgl.
798 3568 886 3637 Apok.
898 3567 960 3620 Joh.
978 3569 1007 3634 5,
1025 3568 1042 3623 8
1059 3567 1141 3636 (ΡεεΙ.
1160 3567 1217 3632 140,
1235 3567 1269 3635 2).
1289 3596 1320 3606 -
1338 3565 1377 3622 21
1395 3563 1484 3635 Apok.
1506 3563 1567 3618 Joh.
1585 3569 1609 3630 5,
1627 3565 1652 3620 8.

350 3677 382 3686 -
401 3647 441 3704 22
463 3649 535 3704 Peel.
554 3652 611 3718 140,
629 3649 653 3704 2.
671 3681 704 3691 -
723 3651 760 3706 27
782 3651 844 3721 Vgl.
862 3651 923 3706 Kol.
942 3655 965 3716 1,
986 3654 1026 3707 15.
1259 3663 1265 3673 ’

433 3818 450 3872 1
473 3811 627 3888 ἀλη<θές.>]
650 3817 701 3884 θές
723 3819 806 3894 1111111,
829 3819 900 3873 doeh
918 3820 987 3890 Spur
1004 3819 1052 3873 dee
1070 3819 1154 3873 Acuta
1172 3819 1243 3872 noch
1261 3817 1394 3884 erhelten,
1412 3817 1461 3886 ΑΙ
1485 3819 1503 3874 2
1531 3809 1612 3888 ἡμᾶς]
1633 3823 1652 3872 ᾶ

350 3903 588 3971 ausgebrochenA
604 3906 608 3972 Ι
626 3904 662 3960 11
681 3897 752 3974 μὴδὲ
762 3904 832 3971 μίαν
843 3908 869 3959 Α
882 3906 887 3974 1
904 3903 941 3960 12
960 3897 1012 3959 τόν
1023 3898 1138 3974 Ἰησοῦν]
1151 3923 1167 3958 τ
1179 3891 1207 3960 ίῦ
1219 3903 1276 3973 [so],
1289 3902 1442 3957 euffallend
1454 3919 1560 3972 groseer
1571 3903 1653 3957 freier

320 4051 322 4060 ‹
350 3986 438 4040 Reum
455 4005 505 4042 vor
522 4006 547 4041 11.
566 3989 657 4043 hinter
674 4007 698 4048 τ,
716 3988 783 4043 eber
800 3988 881 4043 keine
899 3988 993 4052 Resur,
1006 3991 1036 4042 'A
1051 3991 1056 4058 Ι
1081 3990 1120 4045 14
1143 4005 1191 4043 vor
1208 3984 1286 4062 λόγῳ
1303 3992 1338 4056 4
1355 3989 1405 4042 καλ
1422 3987 1491 4056 Del,
1509 3987 1579 4041 doeh
1597 3987 1652 4057 vgl.

350 4091 373 4127 z.
391 4071 422 4124 B.
441 4075 526 4127 unten
543 4074 607 4128 VIII
627 4077 659 4128 75
676 4074 758 4128 Mitte
773 4078 777 4142 Ι
792 4076 865 4129 θεοῦ
883 4073 985 4142 (hinter
1002 4068 1090 4148 λόγῳ)
1108 4083 1142 4133 <
1159 4075 1282 4142 Αιιεςς.Ι
1304 4074 1340 4130 16
1363 4067 1512 4141 ἱδρύεσθαι
1529 4072 1653 4127 schreibe

349 4156 394 4210 ieh
416 4156 468 4211 mit
493 4158 575 4213 Guieh
601 4157 656 4226 (bei
673 4159 733 4214 Del.
751 4159 763 4211 I
782 4161 832 4214 754
851 4161 931 4212 Α11111.
950 4157 991 4222 b),
1010 4159 1066 4227 τρὶ.
1088 4163 1173 4213 11111511
1191 4157 1256 4212 VIII
1274 4160 1320 4221 19,
1347 4159 1372 4212 S.
1391 4159 1442 4212 236
1463 4157 1489 4210 Ζ.
1508 4159 1547 4219 15,
1566 4174 1593 4212 u.
1611 4157 1653 4220 20,

348 4241 375 4294 S.
393 4241 444 4296 238
461 4241 487 4296 Z.
505 4244 533 4306 6;
565 4238 697 4313 ἱδρῦσθαι
715 4246 850 4312 AAuegg.
870 4245 875 4312 Ι
900 4242 941 4298 20
958 4259 1008 4296 vor
1024 4245 1185 4314 προσευχαὶ
1203 4251 1236 4308 ÷
1254 4239 1284 4297 αλ
1300 4242 1380 4310 111111
1400 4239 1512 4311 λέγεται
1529 4241 1653 4296 schreibe
1743 4247 1747 4256 '

349 4327 394 4381 ich
411 4327 462 4380 11111
479 4329 527 4382 Βο.
546 4327 644 4396 (Notae
660 4346 688 4398 p.
700 4329 770 4398 405),
788 4325 864 4397 λέγει
882 4328 1015 4406 AAuegg3
1030 4328 1035 4394 Ι
1050 4327 1088 4382 21
1107 4324 1139 4382 έν
1155 4331 1190 4398 τῇ
1208 4321 1398 4397 Ἀποκαλῦψει
1415 4327 1560 4395 IIAuegg,
1578 4336 1611 4386 <
1629 4328 1654 4380 Α

349 4429 387 4482 im
404 4428 485 4492 Text,
508 4429 579 4483 doeh
598 4445 643 4483 em
661 4429 742 4483 Rand
762 4445 816 4484 von
833 4429 854 4482 I.
872 4427 906 4482 Η.
929 4413 1014 4482 -ίνη
1034 4421 1131 4484 άποκᾶ
1149 4429 1211 4499 [15],
1234 4430 1294 4484 eine
1311 4428 1468 4494 Rendnote,
1491 4427 1537 4482 die
1553 4427 1582 4480 in
1601 4427 1653 4482 den

349 4513 418 4567 Text
435 4514 576 4583 eingesngt
594 4514 704 4568 werden
721 4531 794 4568 muse
812 4514 877 4583 (ng.
895 4531 917 4570 1.
930 4514 960 4566 Β.
979 4511 1121 4583 Origenes,
1139 4513 1295 4568 Philokelie
1311 4513 1376 4584 Gap.
1395 4511 1420 4566 11
1440 4516 1466 4578 1,
1484 4531 1510 4582 p.
1528 4515 1570 4579 37,
1588 4513 1652 4580 2eq.

350 4597 392 4650 ed.
410 4595 497 4666 10011),
516 4615 596 4652 wenn
613 4601 652 4652 εἰσ
670 4599 740 4652 auch
757 4597 786 4650 in
804 4597 826 4651 P
845 4599 886 4652 ele
904 4597 1027 4652 Rubrum
1046 4616 1090 4652 am
1108 4597 1189 4652 Rand
1207 4598 1349 4654 erecheint,
