3772 5526
610 504 710 558 ποτε
735 504 892 559 mazer
916 503 939 561 v
959 505 1001 560 οε.
1018 506 1060 560 ει.
1078 505 1119 560 25.
1477 511 1517 572 25

293 671 408 736 XXIV.
437 657 545 752 ‘'Autag
575 662 608 736 δ’
631 662 785 749 εἰπόντες
818 659 871 737 ότι
898 663 997 738 οὐδέν
1022 667 1067 756 μῆ
1088 671 1222 753 πρέπον
1244 665 1355 754 ἑαυτῷ
1378 660 1397 737 ό
1420 665 1517 748 θεὸς

208 766 417 854 βούλεται,
448 763 663 855 ἀναιρετικὸν
694 763 861 855 τυγχάνον
883 772 947 836 τοῦ
969 767 1054 838 εἶναι
1084 762 1191 837 αὐτὸν
1221 765 1334 850 θεὸν,
1366 763 1518 855 φήσομεν

210 860 280 950 ότι,
309 864 368 938 έάν
397 896 431 938 τι
464 864 565 938 κατὰ
595 865 669 954 τὴν
703 870 925 956 μοχθηρίαν
955 867 1078 937 ἑαυτοῦ
1107 859 1294 953 ἀνθρωπος
1322 863 1516 954 βδελυρόν

208 963 418 1054 βούληται,
450 971 554 1037 τοῦτο
591 963 636 1038 οὐ
672 961 882 1054 δυνήσεται
918 959 937 1034 ό
971 961 1074 1048 θεός.
1122 958 1217 1036 οότω
1253 971 1288 1035 δὲ
1324 960 1386 1035 οάκ
1419 969 1516 1054 έσμὲν

174 1061 396 1151 ὅφιλόνεικοι
421 1063 507 1154 πρὸς
538 1065 580 1137 τὰ
612 1062 680 1136 ἀπὸ
711 1070 842 1135 Κέλσου
872 1060 1046 1154 λεγόμενα,
1078 1060 1164 1136 ἀλλὰ
1197 1061 1400 1152 φιλαλήθως
1430 1060 1516 1134 αὐτὰ

208 1162 422 1252 ἐξετάζοντες
456 1162 672 1254 συμφῆσομεν
712 1158 767 1236 ότι
807 1160 869 1234 οόκ
909 1165 980 1234 ἔστι
1020 1170 1089 1252 τῆς
1133 1169 1387 1252 πλημμελοῦς
1430 1158 1516 1251 ὀρέ-

208 1276 306 1349 ξεως
343 1262 436 1336 οάδὲ
477 1271 546 1354 τῆς
585 1269 893 1352 πεπλανημένης
929 1259 1122 1351 ἀκοσμίας
1157 1258 1260 1340 ἀλλὰ
1288 1267 1359 1351 τῆς
1390 1256 1516 1350 όρθῆς

207 1371 271 1433 καὶ
298 1353 464 1447 δικαίας
485 1363 640 1451 φύσεως
668 1358 688 1435 ό
714 1361 822 1448 θεὸς,
845 1355 904 1434 άτε
926 1359 1146 1451 ἀρχηγέτης
1177 1358 1353 1449 τυγχάνων
1383 1359 1516 1442 παντὸς

207 1469 334 1532 καλοῦ·
373 1470 427 1532 καὶ
465 1459 550 1534 ἀλλο
592 1457 647 1533 ότι
687 1469 814 1551 ψυχῆς
856 1462 1025 1533 αἰώνιον
1059 1460 1204 1550 βιοτὴν
1240 1459 1408 1532 δύναται
1444 1488 1515 1530 πα-

157 1579 190 1632 10
209 1579 367 1650 ρασχειν
403 1557 648 1651 ὁμολογοῦμεν,
685 1568 740 1632 καὶ
778 1557 818 1632 οὕ
847 1559 955 1648 μόνον
989 1559 1156 1631 δύναται
1179 1557 1266 1631 ἀλλὰ
1306 1567 1361 1630 καί
1396 1567 1515 1648 παρέ-

207 1689 274 1748 χει.
327 1657 425 1731 οόδὲν
465 1666 500 1731 δέ
538 1659 683 1747 μάλιστα
727 1659 781 1731 διὰ
826 1658 869 1730 τά
904 1666 1129 1749 προειρημένα
1173 1670 1272 1729 λυπεῖ
1314 1655 1398 1749 ἡμᾶς
1438 1656 1516 1731 οὐδὲ

125 1779 192 1833 128v
209 1759 250 1830 τὸ
291 1756 358 1831 ἀπὸ
398 1755 611 1846 Ἡρακλείτου
646 1757 840 1848 λεγόμενον,
879 1751 962 1848 ὅπερ
999 1766 1126 1841 Κέλσος
1155 1764 1379 1848 παρείληφεν,
1418 1766 1422 1844 Ι
1460 1753 1515 1831 ότι

208 1864 370 1944 ,,νε’κυε’ς
419 1863 481 1929 είσι
515 1865 697 1946 κοπρίων
732 1854 1060 1946 ἐκβλητότεροιίί·
1095 1865 1206 1928 καίτοι
1251 1885 1287 1946 γε
1334 1863 1423 1929 είποι
1463 1886 1515 1940 τις

209 1951 251 2027 ἀν
277 1961 333 2026 καὶ
360 1963 436 2044 περὶ
472 1955 599 2027 τούτου
635 1949 690 2028 ότι
726 1955 768 2027 τὰ
804 1963 865 2045 μὲν
894 1953 1042 2044 κόπρια
1071 1953 1243 2045 έκβλητά
1274 1962 1375 2040 ἐστιν,
1413 1961 1445 2027 οί
1481 1953 1513 2026 δ’

158 2073 190 2126 15
209 2061 243 2142 ἐξ
271 2052 461 2143 ἀνθρώπου
490 2061 627 2137 νέκυες
657 2054 711 2126 διὰ
742 2054 806 2144 τῆν
828 2053 1049 2144 ένοικῆσασαν
1070 2053 1192 2144 ψυχὴν,
1214 2061 1270 2124 καὶ
1291 2052 1434 2143 μάλιστα
1456 2054 1515 2126 ἐὰν

208 2146 229 2243 ῆ
259 2151 467 2242 ἀστειοτέρα,
504 2150 565 2224 οάκ
601 2159 796 2244 έκβλητοί.
831 2153 919 2226 κατὰ
954 2153 1017 2242 γὰρ
1053 2153 1134 2237 τούς
1170 2149 1406 2240 ἀστειοτέρους
1442 2161 1516 2224 τῶν

207 2250 323 2342 νόμων
358 2253 442 2342 μετὰ
478 2259 539 2344 τῆς
570 2252 789 2344 ἐνδεχομένης
817 2253 865 2338 σός
899 2252 985 2341 πρός
1021 2252 1065 2324 τὰ
1100 2258 1242 2324 τοιαῦτα
1278 2258 1374 2342 τιμῆς
1405 2259 1515 2342 ταφῆς

207 2349 395 2438 ἀξιοῦνται·
435 2355 489 2423 ίνα
519 2351 564 2441 μῆ
595 2349 779 2442 όβρίςωμεν
806 2361 848 2442 τῆ
879 2349 1016 2442 δυνάμει
1047 2350 1113 2441 τῆν
1141 2349 1363 2440 ένοικῆσασυν
1393 2351 1513 2441 ψυχὴν,

207 2448 503 2540 ἀπορριπτοῦντες
528 2453 612 2541 μετὰ
639 2452 680 2522 τὸ
708 2457 857 2535 ἐξελθεῖν
884 2458 1015 2541 ἐκείνην
1043 2450 1085 2522 τό
1112 2459 1208 2540 σῶμα
1229 2449 1277 2534 ως
1297 2457 1353 2520 καὶ
1375 2452 1418 2522 τὰ
1440 2457 1515 2522 τῶν

156 2559 346 2640 θοκτηνῶν
376 2550 524 2638 σώματα.
566 2549 611 2641 μὴ
642 2558 850 2636 βουλέσθω
881 2544 946 2623 οὖν
975 2547 994 2623 ό
1024 2549 1121 2634 θεός
1152 2547 1393 2639 παραλόγως
1420 2550 1513 2622 αίαό-

206 2679 295 2722 νιον
325 2647 530 2739 ἀποφῆναι
563 2649 646 2740 μῆτε
673 2653 737 2724 τὸν
763 2657 828 2724 τοῦ
854 2659 991 2738 ,,σίτου“
1018 2646 1187 2736 ,,κόκκον“
1214 2645 1287 2722 ἀλλ’
1310 2645 1331 2738 ἢ
1358 2645 1423 2739 ἀρα
1450 2651 1514 2722 τόν

206 2755 240 2835 ἐξ
269 2746 377 2820 αὐτοῦ
409 2747 543 2838 στάχυν,
573 2757 656 2840 μηδὲ
691 2751 732 2824 τό
763 2748 984 2841 σπειρόμενον
1017 2754 1075 2836 „bv
1106 2755 1245 2842 φθορῆί(
1267 2746 1354 2822 ἀλλά
1382 2748 1423 2822 τό
1455 2744 1513 2822 ἀπ>

207 2846 313 2921 αὐτοῦ
343 2849 557 2938 ἐγειρόμενον
584 2855 644 2934 ,,έν
671 2847 875 2942 ἀφθαρσίμ.“
917 2847 1004 2922 ἀλλὰ
1030 2858 1086 2922 καὶ
1108 2845 1127 2921 ό
1149 2857 1233 2920 τῶν
1255 2848 1424 2921 πάντων
1447 2846 1512 2921 λό-

205 2977 275 3036 γος
304 2953 388 3020 ἐστὶ
416 2948 504 3020 κατὰ
529 2959 533 3034 Ι
557 2956 619 3038 μὲν
642 2955 773 3020 Κέλσον
800 2945 921 3031 αὐτὸς
943 2943 963 3020 ό
984 2949 1096 3032 θεὸς,
1122 2949 1210 3020 κατὰ
1233 2955 1269 3020 δὲ
1291 2946 1376 3040 ἡμᾶς
1399 2945 1418 3021 ό
1440 2949 1512 3031 υίὸς
1529 2961 1579 3016 596

153 3062 187 3117 25
205 3045 327 3119 αὐτοῦ·
357 3054 434 3136 περὶ
463 3040 504 3118 οὗ
535 3055 808 3136 φιλοσοφοῦντες
837 3054 976 3137 λέγομεν
1001 3044 1056 3120 τό·
1085 3051 1144 3132 »ἐν
1173 3044 1257 3137 ἀρχῇ
1286 3039 1329 3138 ῆν
1358 3044 1511 3137 ὁλόγος,

204 3154 259 3217 καὶ
282 3144 301 3218 ὁ
323 3142 425 3236 λόγος
444 3137 489 3235 ῆν
510 3148 598 3236 πρὸς
620 3147 796 3232 τὸνθεόν,
818 3155 875 3217 καὶ
896 3149 978 3229 θεὸς
999 3139 1041 3235 ῆν
1064 3142 1082 3218 ό
1106 3145 1235 3236 λόγος.“
1261 3144 1348 3218 ἀλλὰ
1362 3153 1418 3217 καὶ
1432 3141 1512 3218 καθ’

205 3243 290 3336 ἡμᾶς
311 3244 429 3318 οὐδὲν
451 3245 536 3329 οἷός
559 3275 600 3317 τε
621 3244 853 3335 παράλογον
875 3241 967 3318 οὐδὲ
988 3243 1076 3334 παρ’
1100 3247 1247 3320 ἑαυτὸν
1269 3243 1513 3334 ἐργάσασθαί

204 3350 296 3418 ἐστιν
319 3341 337 3416 ὁ
360 3345 461 3429 θεός.

286 3466 386 3533 XXV.
418 3457 555 3551 Ἴδωμεν
583 3467 619 3533 δὲ
648 3468 704 3532 καὶ
728 3461 793 3552 τὴν
819 3461 894 3550 ἑξῆς
919 3467 983 3532 τοῦ
1008 3467 1137 3532 Κέλσου
1163 3467 1262 3548 λέξιν,
1286 3455 1400 3545 οὕτως
1422 3465 1513 3550 έχου-
1531 3474 1579 3528 Ph.
1593 3475 1697 3540 177‚24

291 3648 329 3703 13
348 3647 410 3718 vgl.
428 3648 499 3704 oben
516 3648 541 3702 V
560 3651 600 3712 14,
618 3648 643 3703 S.
663 3651 694 3704 15
712 3649 739 3703 Z.
751 3649 792 3704 20.
809 3678 843 3688 -
861 3649 899 3704 21
921 3649 981 3718 Vgl.
1000 3650 1012 3701 1
1031 3648 1094 3703 Kor.
1113 3651 1154 3713 15,
1172 3650 1213 3704 37.
1232 3679 1265 3688 —
1283 3647 1322 3704 22
1341 3647 1404 3717 vgl.
1423 3647 1511 3702 IKor.

208 3734 245 3794 15,
262 3733 303 3786 42.
321 3763 355 3772 -
373 3733 413 3789 24
431 3733 493 3803 Vgl.
511 3736 597 3788 unten
614 3733 653 3787 VI
671 3737 702 3788 71
720 3733 808 3788 Mitte.
826 3763 859 3772 -
877 3733 996 3790 25101.
1015 3736 1039 3798 1,
1058 3737 1081 3788 1.

290 3900 310 3954 4
332 3903 419 3956 τοῦτο
443 3896 489 3966 οά,
513 3901 583 3956 doch
603 3894 638 3957 οὐ
659 3899 850 3970 nachtrflglich
868 3899 1077 3968 eingeschoben,
1096 3903 1144 3962 A¹;
1172 3893 1251 3955 τοῦτ’
1270 3894 1305 3954 οὐ
1321 3897 1485 3967 PMAusgg.
1506 3900 1509 3966 Ι

206 3983 223 4038 S
243 3983 333 4038 hinter
351 3977 367 4038 δ
386 3979 456 4050 θεὸς
472 3985 509 4040 ist
527 3985 690 4040 vermutlioh
709 3979 864 4056 ἀρχηγέτης
882 3984 1061 4053 ausgefallen,
1081 3985 1135 4053 vgl.
1154 3984 1226 4038 oben
1239 3983 1263 4036 V
1276 3987 1317 4048 14,
1329 3982 1355 4037 S.
1369 3985 1401 4038 15
1413 3982 1439 4036 Z.
1453 3983 1485 4037 19
1505 3981 1509 4048 Ι

205 4066 224 4121 θ
248 4059 320 4123 ἀλλο
345 4059 391 4124 ότι
413 4069 536 4124 schreibe
554 4070 608 4138 ich,
625 4063 698 4124 ἀλλά
716 4075 746 4125 τἰ·
761 4070 838 4139 (iiber
857 4061 929 4124 ἀλλό
948 4070 997 4123 das
1015 4069 1130 4124 Zeichen
1147 4075 1175 4123 ¹<
1192 4086 1218 4122 u.
1237 4085 1282 4121 am
1300 4066 1379 4121 Rand
1397 4060 1438 4134 ζτ’
1456 4081 1511 4119 von

204 4152 237 4205 ΙΙ.
249 4149 293 4220 Η.)
311 4155 343 4218 A,
357 4153 466 4224 H5.Sp.‚
484 4145 529 4210 δτι
547 4153 633 4209 ΡΙ)ε1.
649 4156 653 4222 Ι
668 4153 768 4224 ψυχῆς]
787 4157 864 4222 ψυχῇ
882 4158 1022 4209 vermuten
1035 4155 1083 4208 Bo.
1096 4153 1194 4222 (Notae
1205 4169 1232 4222 p.
1243 4151 1303 4219 389)
1316 4167 1342 4205 u.
1352 4148 1412 4204 Del.
1425 4149 1448 4218 (Ι
1460 4151 1511 4206 595

203 4239 283 4292 Anm.
294 4237 322 4306 b)
340 4239 412 4292 ohne
431 4239 524 4293 Gmnd
539 4241 544 4306 Ι
559 4241 597 4295 11
616 4233 697 4294 οάδεν
711 4237 758 4308 [uo]
771 4242 795 4292 A
810 4242 814 4306 Ι
832 4238 870 4295 15
888 4234 1081 4308 ένοικησασαν
1093 4237 1141 4308 [so]
1154 4239 1177 4290 A
1193 4239 1197 4304 Ι
1214 4236 1252 4292 18
1265 4229 1410 4301 ἀξιοῦνται
1422 4233 1509 4288 ΡΒεΙ.

205 4313 335 4387 ἀξιοῦται
353 4323 434 4378 Alio.
445 4323 488 4394 Sp.
513 4325 517 4391 Ι
542 4325 584 4379 2⁰
609 4318 658 4394 μὴ]
686 4323 805 4378 δοτθίιετ
826 4323 875 4377 das
898 4323 1013 4378 Zeichen
1029 4329 1057 4377 θ.
1073 4341 1100 4376 u.
1118 4339 1163 4376 am
1181 4321 1260 4375 Rand
1278 4316 1318 4388 ζτ’
1334 4337 1389 4375 von
1406 4321 1427 4373 1.
1445 4319 1512 4373 oder

204 4407 237 4461 ΙΙ.
255 4406 289 4461 H.
307 4409 353 4478 ΔΙ
373 4408 411 4464 21
436 4401 453 4478 ἢ
471 4426 520 4462 aus
538 4407 565 4464 εἰ
581 4426 647 4463 corr.
666 4411 690 4462 Α
706 4410 709 4476 Ι
725 4408 762 4463 21
783 4402 964 4480 παράλογον]
984 4403 1064 4476 παρὰ
1083 4402 1174 4475 λόγον
1192 4407 1328 4460 τετωυίεί
1345 4405 1393 4459 Βο.
1413 4403 1511 4473 (Notae

204 4509 229 4561 p.
247 4493 308 4560 389)
324 4494 327 4560 Ι
344 4487 409 4548 οάδὲ
426 4493 549 4548 schreibe
566 4493 619 4558 ich,
638 4492 693 4561 vgl.
711 4491 781 4546 oben
803 4491 824 4543 V
844 4495 884 4555 14,
901 4493 926 4546 S.
946 4495 978 4547 15
990 4493 1017 4547 Z.
1029 4493 1074 4556 24,
1094 4483 1160 4548 οὔτε
1178 4492 1308 4559 AAusgg.
1325 4491 1329 4558 Ι
1345 4490 1382 4546 2⁰
1394 4481 1512 4558 Ἷδοιμεν

204 4575 246 4630 bis
263 4576 289 4632 S,
307 4579 340 4632 29
358 4578 384 4633 Z.
404 4581 437 4634 12
459 4571 648 4648 ἀτοπώτερον
659 4601 693 4621 =
704 4575 869 4640 Philokalia,
889 4576 954 4647 Gap.
971 4577 1047 4630 XXII
1066 4579 1133 4630 1-4
1155 4577 1190 4646 (p.
1204 4577 1262 4642 177,
1274 4576 1401 4639 24—180,
1413 4576 1445 4629 31
1468 4574 1510 4629 ed.

204 4660 283 4729 Rob.)
300 4663 304 4728 Ι
319 4658 438 4730 εἴδωμεν
455 4662 543 4718 Patfl.
