3780 5538
668 481 763 538 μανι
783 483 919 540 πνπιιε
942 483 1035 560 ιτ,ε.
1052 485 1077 538 4.
1095 485 1119 538 ε.
1479 483 1538 546 329

241 672 314 734 ρων
344 646 479 734 ῥυσθεὶς
512 651 654 735 θηρίων.
698 646 785 738 πρὸς
817 646 954 731 τούτοις
984 677 1003 720 ο
993 642 1262 730 ’,πεπεισμένος
1290 649 1392 712 ποίου
1415 637 1539 730 κήτους

241 743 347 828 τῦπος
375 743 416 816 τὸ
442 743 692 830 καταπεπτωκὸς
717 745 780 818 τὸν
801 742 915 819 Ἰωνᾶν
936 745 1105 837 έτῦγχανε,
1127 750 1183 816 καὶ
1204 743 1407 826 καταλαβὼν
1428 733 1504 810 454⁰
1486 769 1540 811 οτι

240 849 370 916 ἐκείνου
394 851 458 916 τοῦ
482 842 550 916 ῦπὸ
577 852 640 916 τοῦ
665 842 739 932 Ιώβ
763 852 948 936 εἰρημένου·
979 842 1226 934 υκαταράσαιτο
1257 839 1365 930 αῦτήν
1393 835 1411 911 ὁ
1437 869 1539 912 κατα-

239 945 390 1034 ρώμενος
410 944 476 1034 τήν
498 940 624 1035 ἡμέραν
646 941 828 1035 έκείνην,“
809 973 828 1016 ο
850 951 985 1036 μέλλων
1007 943 1048 1016 τὸ
1068 949 1206 1036 μέγα
1164 971 1269 1033 κητος
1282 941 1539 1030 χειρώσασθαι,

204 1055 220 1108 5
238 1041 298 1116 ίαν
323 1072 410 1116 ποτε
432 1051 570 1135 γένηται
592 1042 647 1118 διά
669 1075 746 1118 τινα
768 1043 929 1118 ἀπειθίαν
951 1050 1009 1131 ,έν
1031 1053 1074 1134 τῇ
1096 1050 1158 1116 τοῦ
1179 1040 1303 1133 κήτους
1324 1047 1464 1132 κοιλίρ,“
1486 1068 1538 1131 με·

239 1151 378 1216 τανοῶν
400 1141 565 1232 εῦξάσθω,
587 1141 746 1218 κάκεῖθεν
767 1145 981 1234 ἐξελεύσεται·
1004 1142 1154 1232 ε’ξελθοῦν
1170 1172 1206 1214 τε
1222 1147 1389 1230 ἐπιμένων
1404 1147 1455 1230 τῷ
1470 1148 1539 1210 πεί-

238 1253 361 1316 θεσθαι
388 1261 461 1328 τοῖς
486 1243 717 1335 προστάγμασι
744 1251 807 1317 τοῦ
827 1251 912 1317 θεοῦ
920 1241 1112 1364 ,δυνήσεται
1133 1241 1219 1314 κατὰ
1241 1241 1306 1331 τήν
1326 1235 1539 1329 χρηστότητα

240 1349 303 1414 τοῦ
323 1342 536 1433 πνεῦματοςΙ
556 1342 796 1434 προφητεύσας
816 1351 871 1416 καὶ
894 1351 957 1416 νῦν
978 1348 1171 1426 Νινευίταις
1193 1339 1437 1430 ἀπολλυμένοις
1458 1335 1540 1429 πρό·
1558 1361 1609 1418 219

239 1465 339 1528 φασις
366 1439 481 1528 αῦτοίς
502 1449 659 1532 γενέσθαι
680 1452 858 1534 σωτηρίας,
880 1444 925 1566 μή
947 1441 1251 1532 δυσαρεστοῦμενος
1272 1448 1315 1529 τῇ
1335 1435 1539 1530 χρηστότητι

187 1552 220 1606 10
238 1548 301 1612 τοῦ
326 1550 411 1614 θεοῦ
435 1549 519 1632 μηδὲ
545 1551 659 1634 ζητῶν
685 1548 852 1633 ἐπιμένειν
878 1540 984 1616 αῦτῦν
1011 1541 1097 1630 πρὸς
1122 1541 1203 1624 τοῦς
1224 1547 1474 1631 μετανοοῦντας
1495 1546 1539 1627 τῇ

236 1637 414 1733 άποτομίᾳ.

320 1755 346 1812 5.
388 1735 471 1830 ὅπερ
504 1747 539 1812 δὲ
566 1748 724 1831 μέγιστον
754 1747 975 1830 πεποιηκέναι
1005 1747 1135 1832 λέγεται
1160 1740 1323 1830 Σαμουὴλ
1353 1739 1406 1811 διὰ
1435 1762 1537 1826 προσ-

238 1846 347 1929 ευχῆς,
375 1847 480 1912 τοῦτο
506 1847 742 1930 πνευματικῶς
769 1837 917 1912 δυνατόν
938 1845 1029 1914 ἐστιν
1052 1843 1195 1914 ἕκαστον
1216 1847 1290 1911 τῶν
1311 1837 1538 1926 ἀνακειμένων

238 1945 381 2028 γνησίως
407 1947 459 2031 τῷ
486 1948 559 2029 θεῷ
585 1947 640 2012 καὶ
667 1947 729 2012 νῦν
750 1945 924 2026 ἐπιτελεῖν,
952 1936 1047 2028 ἄξιον
1074 1947 1136 2013 τοῦ
1157 1938 1383 2012 έπακοῦεσθαι
1404 1965 1536 2028 γεγενη-

186 2057 218 2110 15
238 2045 348 2124 μένον.
391 2045 576 2129 γέγραπται
602 2037 677 2130 γάρ·
706 2047 783 2124 ,καί
810 2068 847 2128 γε
874 2047 936 2113 νῦν
962 2045 1064 2130 στῆτε
1091 2045 1161 2128 (καὶ
1188 2043 1290 2125 ἴδετε)
1318 2036 1359 2110 τὸ
1386 2039 1474 2127 ῥήμα
1496 2035 1537 2108 τῦ

242 2144 326 2226 μέγα
347 2145 463 2222 τοῦτο,
490 2133 509 2210 ῦ
533 2134 552 2210 ὁ
573 2137 688 2227 κῦριος
708 2158 800 2211 ποιεί
818 2137 893 2212 κατ’
916 2135 1117 2229 ὀφθαλμοὺς
1137 2136 1242 2228 ῦμῶν.
1285 2134 1357 2226 οῦχὶ
1378 2135 1537 2228 θερισμὸς

236 2243 348 2325 πυροῦ
374 2235 533 2328 σήμερονς
558 2241 795 2328 έπικαλέσομαι
820 2239 950 2328 κύριον,
976 2245 1032 2308 καί
1059 2238 1159 2310 δώσει
1185 2236 1302 2325 φωνὰς
1328 2246 1383 2310 καὶ
1404 2233 1537 2309 ῦετόν“·

236 2337 309 2408 είτα
340 2334 412 2426 μετ’
438 2333 547 2427 ὀλίγα·
580 2345 656 2424 ,καὶ
687 2341 944 2423 έπεκαλέσατο,“
972 2346 1052 2427 φησὶ
1086 2336 1269 2428 ,Σαμουὴλ
1299 2337 1385 2426 πρὸς
1409 2336 1536 2426 κύριον,

234 2442 291 2506 καί
313 2439 418 2508 ἔδωκε
439 2435 553 2524 κύριος
575 2437 694 2524 φωνάς
714 2447 770 2510 καὶ
791 2435 894 2510 ῦετόν
916 2442 953 2510 έν
974 2444 1017 2526 τῇ
1043 2433 1146 2528 ήμίρᾳ
1168 2441 1306 2524 ίκείνη.“
1348 2444 1454 2508 παντί
1475 2435 1537 2525 γάρ

184 2551 218 2608 20
234 2531 319 2624 άγίῳ
346 2541 401 2606 καὶ
428 2542 480 2626 τῷ
507 2531 610 2627 Ἰησσῦ
636 2544 782 2626 γνησίως
808 2535 1041 2627 μαθητεῦοντι
1067 2533 1134 2608 ῦπῦ
1161 2543 1225 2608 τοῦ
1249 2544 1367 2626 κυρίου
1391 2543 1535 2624 λέγεται·

235 2632 402 2725 ,ἐπάρατε
428 2635 509 2719 τοῦς
537 2632 738 2726 όφθαλμοῦς
762 2634 858 2722 ῦμῶν
883 2643 938 2708 καὶ
965 2634 1136 2708 θεάσασθε
1163 2635 1224 2718 τὰς
1249 2636 1361 2725 χώρας
1387 2630 1442 2710 ῦτι
1464 2648 1535 2708 λευ-

233 2742 290 2806 καί
311 2741 371 2806 είσι
393 2733 479 2824 πρὸς
500 2736 662 2825 θερισμὸν
684 2732 757 2826 ήδη.
794 2733 812 2808 ῦ
835 2743 983 2825 θερίζων
1004 2734 1129 2826 μισθὸν
1152 2732 1317 2825 λαμβάνει
1332 2742 1387 2807 καὶ
1402 2733 1535 2824 συνάγει

233 2832 367 2923 καρπὸν
394 2839 439 2919 είς
466 2834 558 2925 ζωήν
584 2837 757 2908 αίοίνιον.“
798 2840 834 2908 έν
862 2844 912 2927 τῷ
939 2841 1047 2926 καιρῷ
1074 2834 1115 2924 δή
1142 2833 1256 2924 τούτῳ
1284 2842 1347 2906 τοῦ
1373 2841 1535 2924 θερισμοῦ

233 2940 336 3022 ,μέγα
358 2935 466 3024 ῥήμα“
488 2930 528 3018 „43
550 2934 666 3023 κῦρισς
686 2953 779 3006 ποιεί
797 2931 873 3006 κατ’
895 2931 1114 3024 ὀφθαλμοῦςΗ
1138 2942 1211 3006 τῶν
1232 2930 1431 3006 άκουάντων
1453 2934 1534 3017 τοῦς

181 3047 215 3102 25
233 3030 427 3122 προφήτας·
460 3037 744 3124 ἐπικαλεσαμένου
776 3033 838 3122 γάρ
869 3040 932 3106 τοῦ
960 3039 1208 3124 κεκοσμημένον
1238 3041 1289 3125 τῷ
1321 3028 1404 3123 άγίῳ
1435 3031 1533 3104 πνεῦ-

165 3145 216 3199 121
234 3159 314 3219 ματι
343 3131 449 3220 ,πρὸς
476 3133 539 3204 τὸν
565 3133 713 3222 κῦριον,“
736 3138 874 3204 δίδωσιν
901 3127 920 3204 ῦ
946 3132 1028 3216 θεὸς
1051 3145 1055 3216 Ι
1081 3129 1271 3221 οῦρανόθεν
1296 3131 1437 3219 ,φωνὰς
1458 3141 1533 3203 καὶίί

232 3227 296 3303 τῦν
316 3239 504 3318 ποτίζουτα
530 3231 595 3321 τήν
616 3232 727 3322 ψυχήν
748 3228 901 3318 ,,ῦετὸν,“
930 3237 985 3303 ἵνα
1006 3227 1025 3304 ά
1047 3229 1218 3322 πρότερον
1241 3238 1277 3304 έν
1299 3239 1341 3321 τῇ
1362 3239 1461 3325 κακίᾳ
1483 3227 1534 3304 ιῦν

234 3337 373 3419 φοβηθῇ
404 3328 536 3419 σφόδρα
566 3330 630 3404 τάν
661 3331 783 3422 κύριον
807 3339 862 3403 καί
889 3331 952 3405 τὸν
977 3327 1150 3422 ῦπηρέτην
1176 3337 1236 3422 τῆς
1262 3329 1446 3422 εὐεργεσίας
1472 3339 1534 3404 τοῦ

316 3543 332 3598 l
356 3541 418 3612 Vgl.
443 3543 558 3606 ίοαα2,
578 3547 591 3597 1
615 3543 671 3597 und
693 3543 835 3612 Origenes,
859 3547 890 3598 In
912 3545 975 3599 Lev.
999 3545 1071 3599 hom.
1091 3543 1155 3597 VIII
1178 3544 1194 3596 3
1219 3543 1295 3610 (tom.
1313 3543 1351 3596 III
1373 3559 1398 3612 p.
1416 3544 1468 3600 316
1489 3542 1530 3598 ed.

230 3625 353 3694 Lomm.).
372 3659 403 3666 -
423 3628 442 3684 6
460 3629 533 3682 Hiob
550 3633 574 3690 3,
592 3629 616 3683 8.
634 3658 668 3669 -
686 3629 704 3685 6
725 3629 787 3696 VgI.
804 3630 875 3683 Jona
890 3631 914 3692 2,
934 3631 984 3685 1ff.
1005 3661 1034 3670 -
1054 3631 1073 3685 6
1092 3629 1154 3698 vgl.
1168 3628 1239 3682 Iona
1250 3629 1273 3692 3,
1286 3629 1360 3682 2-4.
1380 3657 1410 3668 -
1431 3628 1446 3683 4
1467 3627 1531 3696 ng.

231 3709 392 3777 (121622.
421 3743 454 3752 -
479 3715 499 3770 6
521 3713 583 3782 vgl.
602 3713 682 3783 [Iona
697 3717 722 3778 4,
741 3714 774 3784 2.]
799 3713 877 3770 Βθια.
895 3717 935 3778 11,
953 3715 994 3770 22.
1021 3745 1053 3754 -
1081 3713 1120 3770 15
1146 3712 1354 3774 18441416.
1374 3715 1413 3766 17.
1437 3741 1469 3752 -
1492 3711 1530 3768 18

230 3794 437 3860 1616111218.
457 3828 489 3836 -
508 3797 545 3853 21
566 3799 626 3852 Iob.
644 3801 669 3862 4,
687 3799 727 3853 35.
746 3801 787 3854 36.
804 3827 837 3838 —
856 3798 897 3854 24
915 3798 979 3866 Vgl.
997 3799 1009 3852 I
1027 3797 1098 3852 Sam.
1118 3800 1157 3864 12,
1177 3799 1216 3852 16.
1236 3800 1276 3852 17.

313 3970 331 4025 2
348 3969 378 4026 44
396 3971 519 4026 schreibe
537 3971 590 4034 ich.
609 3991 639 4028 τε
662 3972 800 4042 TAnngg..
819 3973 900 4042 Angl.
919 3973 973 4042 (bei
991 3973 1050 4027 Del.
1069 3974 1081 4026 I
1100 3971 1182 4041 91611)
1199 3971 1258 4027 will
1276 3991 1306 4028 τε
1324 3973 1389 4026 σείει
1407 3973 1455 4026 ἀει
1473 3989 1531 4026 vor·

229 4055 404 4124 ausgehende
421 4057 470 4112 καί
488 4057 575 4125 tilgen
600 4061 603 4124 Ι
627 4057 760 4113 8-44111
777 4057 857 4112 Rand
876 4064 913 4128 σῇ
930 4075 983 4113 von
1001 4061 1021 4114 I.
1034 4059 1066 4112 Η.
1085 4059 1107 4112 'I
1127 4059 1131 4126 Ι
1155 4058 1173 4114 6
1197 4051 1346 4113 ἀπείθειαν
1363 4057 1447 4112 Lond.
1466 4059 1471 4118 I
1492 4055 1532 4112 16

229 4132 304 4209 πρὸς
328 4134 396 4205 τοῦς
420 4145 635 4208 μετανοοῦντας
655 4146 689 4212 τῇ
708 4137 744 4213 τί.)
767 4149 801 4214 τῇ
823 4138 899 4214 πρὸς
916 4137 983 4208 τοῦς
999 4147 1214 4210 μετανοοῦντας
1235 4137 1260 4196 σί.
1279 4142 1359 4211 Angl.
1379 4143 1413 4209 (ε.
1426 4159 1450 4196 ε..
1463 4141 1504 4212 0.)
1526 4143 1529 4210 Ῑ

231 4223 268 4278 15
292 4223 356 4292 (καί
374 4219 459 4294 Iam>
478 4225 529 4280 miI
546 4225 571 4279 d.
590 4227 690 4298 Au'sgg.
704 4246 753 4282 aus
766 4227 792 4281 d.
804 4229 876 4282 Lxx
888 4227 1048 4297 eingefflgtl
1065 4228 1103 4284 16
1121 4225 1205 4297 μέγα]
1223 4221 1294 4294 μετά
1308 4227 1331 4280 Τ
1345 4228 1349 4294 1
1364 4226 1450 4296 ποιεί]
1468 4243 1531 4282 ποι-

229 4303 291 4377 ήσει
309 4309 371 4364 ίὶεεί
383 4310 464 4380 AngI
477 4311 545 4378 (κε.
559 4311 599 4380 Ο.)
618 4309 764 4380 unriohIIg,
783 4311 838 4381 ng.
855 4316 939 4367 ναίετε
958 4311 984 4366 Ζ.
996 4314 1030 4366 24
1046 4313 1050 4380 Ι
1066 4313 1105 4370 18
1130 4305 1205 4380 πρὸς
1230 4307 1331 4380 κύριον
1348 4311 1427 4365 ΤΟτ.
1438 4311 1531 4380 Lond„

226 4385 396 4464 τῦνκῦριον
413 4395 495 4464 AngI.
513 4395 548 4463 (a.
565 4413 589 4452 a.
607 4395 648 4464 0.)
665 4396 781 4452 naohd.
801 4397 881 4460 Lxx,
901 4397 970 4450 doch
993 4388 1530 4466 vgl.untenz.26;24504041)41.128

230 4470 428 4550 θήτοῦτῳδί]
444 4474 551 4535 τοῦτον
567 4478 636 4549 (τοῦ.
654 4483 857 4550 πνευματικοῦ)
875 4481 938 4536 lieet
954 4483 1036 4551 Angl.
1054 4482 1109 4552 (bei
1129 4481 1188 4536 Del.
1205 4483 1315 4544 19174)
1332 4483 1403 4536 ohne
1416 4481 1528 4550 (θεοῦ)

229 4561 269 4618 26
294 4562 522 4634 κεκοσμημένον]
544 4563 758 4633 κεκολλημὲνσυ
779 4564 841 4620 liest
862 4568 940 4621 Bent.
958 4567 1012 4636 (bei
1029 4566 1088 4621 Del.
1107 4569 1187 4622 1219
1204 4569 1284 4620 Anm.
1303 4566 1330 4634 (1)
1348 4567 1418 4622 nach
1437 4569 1448 4620 I
1468 4567 1529 4621 IIor

229 4653 252 4711 6,
272 4651 303 4701 17
319 4653 323 4710 Ι
339 4647 378 4704 26
396 4644 471 4720 πρὸς
487 4649 553 4718 tilgt
570 4649 651 4718 Angl.
670 4651 704 4718 (ε.
717 4667 741 4703 α.
754 4649 803 4717 0.).
821 4652 876 4721 vgl.
894 4651 964 4706 oben
982 4652 1008 4705 Ζ.
1028 4653 1067 4707 18.
