3780 5532
383 507 441 568 174
916 504 1083 560 mmo
1088 507 1138 560 ΥΣ

381 659 630 752 δυναμούμενος
651 661 707 734 υπ’
723 660 839 736 αὐτῶν
859 674 915 738 καὶ
936 666 1198 757 κραταιοῦμενος
1220 665 1334 756 ἀνῄρει
1354 673 1425 740 πᾶν
1444 666 1506 752 ,τὸ
1523 665 1680 757 φρόνημα

380 767 441 850 τῆς
471 763 629 849 σαρκὸς,“
660 761 842 853 λεγόμενον
874 763 1114 886 ,ἁμαρτωλοὺς
1146 773 1215 857 γῆς
1218 778 1236 804 “
1264 775 1319 839 καὶ
1350 764 1582 855 έξωλόθρευεν
1611 765 1678 839 άπὸ

380 865 504 984 τίγςέν
485 870 575 950 ντῖγ
602 871 690 952 ψυχῇ
717 865 839 936 ἑαυτοῦ
866 863 1021 952 ,πόλεως
1046 874 1162 954 κυρίου
1186 865 1317 950 πάντας
1339 867 1419 950 τοῦς
1441 872 1680 957 ἐργαζομένους

380 961 446 1051 τὴν
469 957 634 1051 6voplav“
656 964 833 1053 λογιομοῦς
854 971 908 1035 καὶ
931 963 973 1037 τά
995 966 1100 1056 ἐχθρά
1123 973 1166 1054 τῇ
1187 963 1330 1086 άληθείμ
1352 963 1578 1056 ἐνθυμήματα.

345 1079 361 1132 5
462 1055 577 1145 οῦτως
599 1067 634 1132 δε
654 1059 753 1133 κάλ’
733 1071 930 1154 αναιροῦσιν
951 1072 983 1137 οὶ
1007 1073 1128 1138 δίκαιοι
1149 1073 1262 1138 πᾶσαν
1283 1066 1347 1186 τίγν
1374 1074 1456 1137 τῶν
1476 1075 1678 1156 πολεμίων

378 1167 433 1232 καὶ
456 1158 525 1234 άπὸ
546 1167 662 1244 κακίας
684 1167 720 1249 έρ
701 1167 902 1251 ρχομένων,
907 1171 1093 1254 ζωγρίανίί
1115 1163 1162 1249 τάς
1184 1170 1265 1256 μηδὲ
1287 1163 1412 1255 νήπιον
1432 1172 1487 1236 καὶ
1506 1161 1582 1252 άρτι
1597 1162 1678 1237 ῦπο·

380 1257 551 1349 φυόμενον
579 1262 693 1333 κακὸν
714 1271 985 1335 καταλείπεσθαι.
1028 1261 1119 1355 ἡμεῖς
1146 1259 1258 1346 οὕτως
1284 1261 1450 1354 ἀκούομεν
1474 1272 1529 1335 καὶ
1551 1269 1615 1336 τοῦ
1642 1269 1679 1335 έν

379 1361 555 1450 ἑκατοστῷ
585 1367 641 1430 καὶ
671 1369 864 1453 τριακοστῷ
893 1370 948 1434 καὶ
980 1366 1068 1454 ἕκτῳ
1097 1366 1267 1453 ψαλμῷ
1249 1370 1366 1454 ρητοῦ
1393 1357 1506 1447 οὕτως
1529 1367 1678 1452 ἔχοντος·

379 1457 554 1550 ,θυγάτηρ
578 1458 830 1544 Βαβυλῶνος“
809 1490 830 1551 η
852 1471 1083 1585 τμλαίπωρος,
1110 1461 1287 1554 μακάριος,
1311 1459 1347 1547 ὃς
1368 1459 1604 1534 άνταποδοάσει
1627 1485 1678 1534 σοι

327 1575 361 1630 10
379 1561 421 1631 τὸ
453 1555 674 1648 ἀνταπόδομά
704 1582 778 1644 σου,
811 1556 830 1633 6
862 1558 1103 1647 άνταπέδωκας
1133 1559 1223 1653 ἡμῖν·
1257 1560 1429 1652 μακάριος,
1458 1557 1495 1644 ῦς
1519 1560 1678 1652 κρατήσει

378 1667 433 1729 καὶ
459 1662 590 1746 έδαφιεῑ
613 1657 656 1730 τὰ
680 1656 786 1749 νήπιά
812 1684 873 1732 σου
899 1661 985 1751 πρός
1011 1661 1076 1752 τὴν
1097 1669 1255 1752 πέτραν.“
1297 1660 1443 1751 ,,υήπια“
1464 1660 1527 1750 γὰρ
1550 1669 1678 1748 ,Βαβυ-

378 1766 524 1842 λαῦνος,“
554 1758 817 1850 ἓρμηνευομένιγς
850 1761 1051 1850 συγχύσεως,
1083 1766 1115 1833 ολ
1146 1759 1221 1849 ἄρτι
1250 1757 1482 1848 ῦποφυόμενοι
1514 1769 1569 1831 καὶ
1599 1757 1677 1832 άνα·

378 1864 556 1940 τέλλοντος
581 1863 618 1929 έν
645 1867 688 1946 τῇ
714 1865 803 1947 ψυχῇ
831 1865 915 1931 εἰσιν
941 1867 1131 1951 ουγχυτικολ
1153 1867 1303 1949 λογισμοὶ
1326 1864 1358 1932 οἱ
1379 1857 1446 1932 άπὸ
1469 1869 1596 1943 κακίας·
1627 1851 1678 1930 ο1ν

378 1953 566 2046 ὁκρατῶν,
594 1956 642 2041 ως
667 1966 723 2028 καὶ
751 1967 802 2050 τῷ
830 1967 956 2051 στερεῷ
978 1969 1034 2032 καὶ
1057 1957 1186 2050 εῦτόνῳ
1209 1967 1273 2030 τοῦ
1294 1957 1397 2049 λόγου
1417 1966 1601 2050 προσρῆξαι
1622 1956 1678 2030 αῦ-

327 2073 359 2128 15
378 2065 451 2130 τοῦν
474 2057 535 2141 τὰς
557 2057 720 2144 κεφαλάς,
743 2063 919 2146 έδαφίςει,
922 2058 975 2142 ,τά
994 2057 1120 2149 νήπιιέ(
1142 2067 1231 2150 τῆς,
1233 2067 1472 2145 ,Βαβυλῶνος“
1486 2057 1592 2145 ,πρὸς
1614 2058 1678 2148 τὴν

377 2163 528 2247 πέτρανῇ
531 2153 736 2246 (γινόμενος
758 2156 811 2228 6ιά
834 2165 938 2229 τοῦτο
965 2158 1176 2248 ,μακάριοςΗ
1219 2155 1368 2248 ἡβηδὸν
1390 2150 1453 2230 οῦν
1475 2158 1518 2230 τά
1540 2164 1601 2247 τῆς
1621 2186 1677 2228 κα-

377 2265 450 2340 κίας
479 2262 543 2328 καὶ
576 2263 766 2376 παγγενεὶ
797 2265 973 2328 κτείνειν
1007 2264 1171 2329 κελευέτω
1200 2253 1219 2329 ό
1251 2256 1359 2342 θεὸς,
1391 2253 1490 2328 οῦδὲν
1520 2261 1678 2328 ἐναντίον

378 2353 546 2426 διδάσκων
580 2356 631 2438 οἷς
659 2351 803 2443 Ἰησοῦς
837 2354 1048 2446 κατήγγειλε,
1079 2365 1133 2428 καὶ
1170 2362 1212 2428 έν
1247 2352 1477 2444 ὀφθαλμοῖς
1509 2364 1590 2428 τῶν
1620 2361 1677 2440 ,ἐν

377 2462 540 2544 κρυπτῷίί
554 2450 755 2526 Ἰουδαίων
776 2463 917 2525 ποιείτω
940 2452 959 2526 ὁ
981 2454 1077 2540 θεὸς
1098 2456 1162 2546 τὴν
1184 2464 1266 2527 τῶν
1287 2462 1494 2543 πολεμίων
1515 2460 1570 2526 καὶ
1592 2453 1677 2526 πάν-

326 2567 361 2622 26
378 2581 451 2625 των
477 2561 551 2624 τῶν
576 2549 644 2624 άπὸ
670 2562 787 2636 κακίας
813 2550 989 2640 άναίρεσιν.
1031 2561 1086 2626 καὶ
1114 2551 1274 2626 τοιοῦτόν
1296 2581 1329 2642 γε
1352 2557 1441 2624 ἔστω
1464 2552 1505 2624 τὸ
1527 2553 1608 2637 τοῦς
1628 2555 1676 2643 μὴ

376 2659 647 2742 πειθομένους
669 2649 776 2743 νόμῳ
799 2659 854 2723 καὶ
872 2650 963 2742 λόγῳ
979 2660 1091 2738 θεοῦ,
1110 2647 1344 2742 ὁμοιωθέντος
1360 2669 1447 2735 τοῖς
1468 2661 1676 2741 πολεμίοις

376 2757 432 2822 καὶ
455 2758 672 2836 ποιωθέντας
693 2749 761 2824 άπὸ
784 2759 844 2842 τῆς
865 2759 992 2837 κακίας,
1013 2750 1153 2842 πάσχειν
1175 2759 1291 2836 ταῦτα,
1313 2745 1399 2839 άπερ
1421 2746 1517 2836 ἄξιον
1537 2749 1675 2839 πάσχειν

376 2850 457 2934 τοῦς
479 2846 696 2934 άποστάντας
717 2848 832 2940 λόγων
851 2859 956 2924 θεοῦ.

458 2956 571 3022 XXIII.
608 2957 710 3041 Σαφῆ
736 2958 797 3040 μὲν
822 2943 886 3022 οῦν
906 2957 962 3022 καὶ
984 2956 1021 3023 ἐκ
1043 2949 1187 3035 τούτων,
1209 2957 1284 3033 πῶς
1304 2947 1450 3040 Ἰησοῦς
1472 2943 1490 3020 6
1513 2957 1674 3036 ,Ναζω-

325 3062 512 3140 25ραῑος“
541 3047 764 3140 ἄνθρωπος
798 3047 860 3122 οῦκ
894 3047 1209 3140 άντινομοθετεῑ
1237 3067 1309 3132 τοῖς
1338 3057 1414 3138 περὶ
1440 3047 1594 3120 πλούτου
1620 3056 1674 3120 καὶ

376 3159 449 3222 τῶν
483 3155 708 3240 ἐξισταμένων
746 3153 929 3241 εἰρημένοις
971 3156 1046 3239 περὶ
1091 3155 1154 3223 τοῦ
1188 3148 1352 3222 δύσκολον
1392 3149 1477 3218 εἶναι
1512 3147 1677 3220 πλούσιον

291 3257 578 3341 1741είοέρχεσθαι
609 3255 654 3334 εἰς
687 3248 751 3339 τὴν
779 3258 851 3322 τοῦ
876 3258 974 3322 θεοῦ
999 3257 1182 3334 βασιλείαν·
1200 3257 1205 3332 Ι
1225 3252 1290 3319 εἴτε
1320 3243 1485 3318 πλούσιόν
1515 3276 1568 3330 τις
1597 3257 1676 3337 λαμ-

375 3348 468 3435 βάνει
503 3346 735 3438 άπλοῦστερον
769 3349 833 3422 τὸν
867 3347 935 3422 ῦπό
970 3347 1124 3422 πλούτου
1156 3346 1415 3437 περισπώμενον
1448 3355 1504 3418 καὶ
1534 3345 1582 3431 ιῦς
1608 3345 1675 3420 ῦπὸ

376 3447 528 3541 άκάνθης
554 3448 660 3522 αὐτοῦ
686 3446 950 3539 ἐμποδιζόμενον
978 3457 1091 3538 φέρειν
1113 3447 1193 3532 τοῦς
1221 3455 1284 3518 τοῦ
1311 3443 1415 3535 λόγου
1434 3447 1586 3535 καρποὺς
1607 3452 1675 3518 εἴτε

325 3558 431 3622 3οκα1
457 3550 583 3622 τὸνέν
564 3567 682 3633 ντοῑς
710 3553 844 3636 ψευδέσι
866 3545 1004 3638 δόγμασι
1029 3554 1301 3630 πλουτοῦντα,
1332 3553 1410 3634 περὶ
1431 3536 1533 3618 οῦέν
1554 3554 1676 3634 Παροι·

374 3658 463 3740 μίαις
485 3656 683 3740 γέγραπται·
705 3654 887 3736 ,κρείσσων
908 3647 1046 3738 πτωχὸς
1065 3641 1229 3736 δίκαιοςῆ
1248 3644 1408 3729 πλούσιος
1425 3644 1601 3735 ψεῦστης.“

460 3830 477 3885 l
501 3828 564 3898 Vgl.
583 3827 660 3883 Rom.
677 3828 702 3894 8,
722 3830 744 3882 7.
775 3827 847 3882 Pnal.
865 3827 923 3894 100,
940 3829 964 3882 8.
987 3857 1020 3868 -
1040 3829 1059 3884 6
1081 3827 1144 3897 vgl.
1162 3827 1241 3882 θεοί.
1259 3829 1284 3890 2,
1301 3827 1335 3881 34
1356 3825 1445 3895 (Num.
1465 3826 1506 3888 21,
1527 3826 1579 3894 35).
1601 3855 1635 3867 -
1656 3827 1675 3882 9

375 3913 446 3967 Ρεολ.
465 3915 523 3978 136,
540 3915 565 3968 8.
583 3915 607 3969 9.
626 3945 659 3954 -
678 3913 716 3969 12
735 3912 798 3982 vgl.
817 3911 992 3966 Onomastica
1008 3928 1093 3978 sacra,
1111 3911 1152 3968 ed.
1170 3910 1200 3965 P.
1219 3913 1253 3967 de
1269 3912 1401 3982 Lagarde,
1419 3913 1477 3970 114,
1495 3911 1536 3964 91.
1559 3911 1616 3976 181,
1635 3913 1676 3966 65.

375 4000 432 4063 188,
451 4001 492 4054 57.
516 3999 574 4066 201,
592 3999 633 4054 52.
657 3994 1675 4066 23091991.-1898131612,29.-24931.11ε111ι.2,23υ.

374 4084 474 4138 andere
491 4083 601 4139 Stellea
630 4113 664 4123 -
690 4083 729 4138 26
754 4081 817 4151 vgl.
835 4081 935 4136 Matth.
953 4083 997 4146 19,
1017 4082 1057 4136 23.
1081 4082 1169 4135 Μοτίι.
1187 4084 1233 4149 10,
1250 4083 1291 4136 25.
1315 4080 1382 4136 Luk.
1401 4080 1446 4144 18,
1464 4081 1497 4134 25
1523 4079 1580 4134 und
1606 4080 1676 4134 oben

374 4167 411 4222 VI
425 4169 465 4234 16,
482 4167 506 4224 8.
523 4168 557 4224 86
575 4167 601 4223 Z.
614 4169 647 4223 13
657 4167 675 4220 f.
694 4197 724 4206 -
744 4166 784 4222 28
803 4164 865 4234 Vgl.
883 4165 983 4220 Matth.
1001 4167 1041 4232 13,
1059 4166 1100 4220 22.
1124 4164 1313 4228 Μοτ1ι.4,18.
1332 4167 1373 4221 19.
1397 4165 1465 4220 Luk.
1483 4165 1507 4228 8,
1526 4165 1566 4219 14.
1585 4193 1618 4204 -
1636 4165 1673 4220 81

373 4253 436 4322 vgl.
454 4253 533 4310 Prov.
550 4252 592 4317 28,
609 4253 633 4308 6.

458 4404 476 4460 ὅ
500 4393 632 4468 οῦτοιςΔ
652 4392 728 4458 οῦτοι
746 4401 881 4469 MAusgg.
901 4400 905 4468 Ι
924 4401 939 4455 7
961 4394 1040 4470 ἢμεῖς
1057 4411 1090 4462 <
1108 4399 1195 4456 PDel.
1214 4401 1219 4470 Ι
1238 4401 1256 4456 8
1277 4396 1427 4474 ἑκατοστῷ
1444 4401 1494 4455 καλ
1511 4402 1675 4472 τριακοστῷ

371 4499 420 4552 κοιλ
438 4492 519 4570 ἕκτῳ]
540 4478 607 4568 06?
627 4497 650 4551 Α
666 4497 671 4564 Ι
692 4495 729 4552 12
749 4491 983 4566 ἑρμηνευομένης]
1006 4495 1121 4566 Spiritus
1142 4512 1220 4566 asper
1235 4495 1265 4548 in
1284 4494 1426 4548 Correctur
1443 4493 1540 4561 1113
1562 4489 1635 4547 εἰσιν
1652 4494 1675 4546 Α

373 4581 427 4638 εἰσι
445 4582 579 4650 MAusgg.
600 4583 604 4650 1
625 4580 664 4637 14
685 4583 867 4652 προσρρῆξαι
886 4581 912 4634 Δ
928 4581 985 4650 130
1006 4574 1068 4651 τὸν]
1086 4573 1120 4636 τὸ
1139 4579 1271 4648 11111161
1294 4579 1439 4650 κρείσσων
1456 4580 1482 4633 Α
1498 4577 1637 4647 κρείττων
1653 4577 1675 4630 Ρ

371 4667 431 4722 Del.
449 4675 585 4738 κρεῖσσον
604 4665 738 4736 111168ρ.
