3790 5526
627 450 727 506 ΚΑΤΑ
750 449 909 504 umor
931 450 973 508 vl
997 450 1038 506 78.
1056 451 1098 507 79.
1115 451 1156 506 80.
1482 453 1539 512 151

237 615 421 705 κεχώρηκε,
447 619 607 704 μετέσχον
627 619 682 684 καὶ
704 618 768 684 τοῦ
787 619 969 702 χρίσματος
990 608 1104 684 αύτοῦ.
1146 606 1277 698 διόπερ,
1299 615 1371 681 έπεὶ
1393 605 1541 698 Χριστὸς

238 711 411 804 ,,κεφαλῆ“
433 717 504 786 ἔστι
523 719 607 804 ,τῆς
628 715 838 802 ἰκκλησίας,“
861 706 908 794 ῶς
930 713 1015 782 εἰναι
1037 714 1073 782 ἔν
1097 717 1208 801 σῶμα
1229 707 1379 798 Χριστὸν
1399 715 1455 780 καί
1478 705 1542 797 τῆν

238 819 426 904 ἐκκλησίαν,
449 811 490 885 τὸ
512 811 640 903 ,μύρον
662 815 717 883 ἐπὶ
737 816 908 900 κεφαλῆς“
929 817 1155 902 καταβέβηκεν
1176 815 1253 896 ,ἰπὶ
1274 807 1338 881 τὸν
1358 807 1541 898 πῶγωνα,“

238 913 281 986 τά
311 913 458 1004 σύμβολα
484 919 547 985 τοῦ
569 916 699 984 τελείου
720 907 842 999 ἀνδρὸς
863 907 1044 1001 ,,Ἀαρῶν,“
1065 915 1122 984 καὶ
1144 913 1273 999 ἔφθασε
1293 914 1542 995 ,,καταβαῑνον“

205 1028 221 1082 5
239 1019 344 1086 τοῦτο
367 1012 408 1085 τὸ
430 1010 576 1102 ,,μύρον“
598 1015 674 1097 ,ἐπὶ
696 1009 760 1100 τῆν
782 1007 855 1081 ῶαν
877 1017 941 1082 τοῦ
962 1009 1147 1100 ἐνδύματος
1168 1005 1303 1082 αῦτοῦ.“

322 1120 377 1184 καί
400 1119 509 1184 ταῦτα
530 1117 568 1183 δέ
586 1138 643 1198 μοι
666 1115 818 1182 λέλεκται
838 1108 926 1200 πρὸς
948 1108 1011 1184 τὸν
1033 1103 1178 1197 ἄσεμνον
1200 1115 1265 1182 τοῦ
1289 1115 1418 1180 Κέλσου
1438 1101 1542 1194 λόγον

241 1209 411 1296 εἰπόντος·
441 1218 535 1283 δέον
564 1208 694 1282 πολλὰ
724 1204 873 1299 ὁμοίως
901 1215 1142 1300 διαφυσῆσαι
1170 1209 1330 1297 στύματα
1356 1202 1542 1278 καὶκατὰ

240 1318 371 1384 πᾶσαν
398 1307 634 1383 ἀποστεῖλαι
661 1308 733 1399 τῆν
754 1315 1002 1400 οἰκουμένην.
1046 1306 1065 1382 ῦ
1091 1315 1162 1400 μὲν
1184 1299 1247 1381 οῦν
1268 1303 1461 1398 κωμῳδὸς
1483 1333 1543 1394 γε·

240 1417 483 1483 λωτοποιῶν
504 1408 568 1482 τὸν
587 1416 655 1480 Δία
676 1409 889 1499 κοιμῶμενον
910 1414 1077 1499 πεποίηκέ
1096 1414 1211 1480 τεκαὶ
1233 1402 1543 1495 διῦπνιζόμενον

190 1521 223 1576 10
240 1517 294 1584 καὶ
323 1516 534 1598 πέμποντα
563 1506 650 1598 πρὸς
671 1508 752 1592 τοῦς
770 1502 944 1597 Ἕλίληνας
972 1505 1044 1578 τὸν
1064 1503 1213 1598 Ἑρμῆν·
1243 1502 1262 1579 ῦ
1289 1513 1324 1578 δὲ
1351 1502 1460 1594 λόγος,
1487 1499 1544 1574 ἀῦ-
1563 1518 1613 1574 693

240 1639 329 1682 πνον
351 1606 571 1698 ἐπιστάμενος
594 1607 694 1694 φύσιν
716 1607 781 1698 τῆν
811 1615 883 1680 τοῦ
913 1615 1026 1692 θεοῦ,
1058 1613 1242 1679 διδασκέτω
1268 1603 1353 1700 ἡμᾶς
1380 1599 1435 1679 ὅτι
1456 1601 1543 1676 κατά

240 1709 379 1798 καιρούς
405 1713 576 1797 οἰκονομεῖ
600 1706 643 1779 τά
667 1714 731 1778 τοῦ
752 1704 880 1796 κόσμου
900 1704 1080 1797 πράγματα
1102 1702 1121 1779 ῦ
1143 1705 1251 1792 θεὸς,
1275 1704 1323 1790 ῶς
1345 1703 1483 1778 ἀπαιτεῖ
1501 1702 1543 1776 τὸ

241 1803 393 1897 εῦλογον.
427 1803 468 1878 οῦ
489 1804 688 1896 θαυμαστὸν
709 1810 745 1878 δὲ
767 1811 795 1878 εἰ
817 1805 871 1878 διά
894 1805 935 1878 τὸ
957 1803 1100 1896 μεγάλας
1123 1808 1284 1879 εἶναικαὶ
1306 1803 1544 1895 δυσδιηγῆτους

242 1908 303 1992 τὰς
341 1914 465 1996 κρίσεις
501 1911 572 1978 τοῦ
608 1912 706 1976 θεοῦ
741 1909 775 1976 αἱ
805 1899 1043 1990 ,,ἀπαίδευτοι“
1073 1913 1274 1978 πλανῶνται
1306 1911 1459 1994 ,,φυχαὶ,“
1489 1910 1544 1974 καὶ

192 2017 223 2072 15
243 2013 371 2091 Κέλσος
400 2006 461 2077 σῦν
491 2002 616 2088 αύταῑς.
659 1999 758 2076 οῦδὲν
784 1995 847 2076 οῦν
876 2001 1177 2094 καταγέλαστόν
1203 2010 1296 2077 ἐστιν
1321 2011 1358 2077 ἰν
1384 2011 1435 2095 τῷ
1456 2000 1544 2076 Ἰου-

242 2112 385 2190 δαίοις,
416 2102 495 2192 παρ’
522 2104 572 2186 οἷς
599 2099 775 2193 γεγόνασιν
809 2107 841 2174 οί
871 2110 1060 2194 προφῆται,
1090 2111 1324 2194 πεπέμφθαι
1355 2103 1426 2176 τὸν
1456 2103 1545 2175 υἱὸν

242 2211 313 2276 τοῦ
334 2211 447 2276 θεοῦ·
478 2199 519 2275 ἔν’
535 2207 666 2276 έκεῑθεν
687 2198 872 2292 ἀρξάμενος
893 2209 1094 2292 σωματικῶς
1115 2201 1252 2294 δυνάμει
1270 2212 1327 2276 καί
1347 2201 1545 2292 πνεύματι

242 2301 403 2392 ἀνατείλῃ
429 2311 473 2392 τῆ
498 2308 617 2393 μηκέτι
642 2307 827 2391 βουλομένη
853 2299 965 2393 ἐρήμῳ
996 2310 1094 2374 θεοῦ
1126 2301 1302 2394 τυγχάνειν
1333 2307 1544 2394 οἰκουμένη

241 2427 370 2494 ψυχῶν.

191 2519 226 2575 20
324 2507 445 2574 Lm
479 2497 570 2591 Ἑξῆς
600 2507 636 2572 δὲ
662 2497 797 2584 τούτοις
826 2501 1062 2573 ἰνθεῶτατα
1092 2505 1131 2588 έξ
1160 2497 1280 2592 ἀρχῆς
1311 2504 1403 2589 ἔδοξε
1425 2508 1545 2590 Κέλσῳ

244 2609 352 2693 λέγειν
378 2607 476 2692 ἔθνη
499 2607 740 2684 Χαλδαίους,
772 2595 830 2687 ἀφ’
852 2589 951 2691 ῶνῆ
977 2597 1153 2691 ἀπατηλὸς
1176 2608 1431 2690 γενεθλιαλογία
1456 2605 1545 2673 νενέ-

242 2729 345 2793 μηται
366 2700 446 2784 τοῦς
468 2697 684 2790 ἀνθρώπους.
727 2694 890 2772 ἀλλὰκαὶ
913 2697 1070 2788 Μάγους
1097 2719 1169 2785 τοῖς
1196 2699 1470 2784 ἰνθεωτάτοις
1491 2727 1547 2771 κα-

243 2798 407 2873 τατάττει
430 2805 589 2873 ἔθνεσιν
611 2795 629 2871 ὁ
653 2804 795 2884 Κέλσος,
818 2795 877 2888 ἀφ’
900 2791 952 2870 ῶν
973 2795 994 2888 ῆ
1014 2801 1219 2890 παρῶνυμος
1242 2807 1304 2873 τοῦ
1325 2803 1470 2885 ἔθνους
1491 2797 1547 2872 αύ-
1618 2817 1622 2827 ’

245 2909 318 2973 τῶν
347 2906 465 2992 μαγεία
495 2907 550 2972 καί
581 2917 653 2983 τοῖς
684 2908 817 2982 λοιποῖς
847 2902 1008 2971 ἔθνεσιν
1039 2905 1094 2972 ἰπὶ
1125 2907 1298 2994 διαφθορᾷ
1328 2908 1383 2973 καί
1410 2897 1546 2991 ὀλέθρῳ

193 3015 227 3071 25
245 3009 319 3073 τῶν
342 3007 530 3091 χρωμένων
556 2997 642 3088 αῦτῆ
671 2996 897 3089 ἐπιδεδήμηκε.
939 3007 995 3070 καὶ
1017 3000 1233 3090 Αἰγύπτιοι
1254 3007 1315 3091 μὲν
1337 3005 1374 3072 ἰν
1394 3008 1455 3092 μὲν
1476 3019 1548 3084 τοῖς

244 3097 409 3190 ἀνωτέρω
431 3107 487 3171 καλ
509 3098 599 3188 παρά
622 3106 673 3190 τῷ
690 3105 809 3188 Κέλσῳ
832 3102 1084 3185 ἐπλανῶντο,
1108 3097 1156 3184 ῶς
1177 3100 1317 3189 σεμνούς
1337 3107 1398 3188 μὲν
1416 3103 1549 3188 ἔχοντες

243 3197 443 3289 περιβόλους
472 3206 546 3271 τῶν
579 3203 813 3287 νομιζομένων
843 3202 946 3288 ίερῶν
976 3200 1075 3272 ἔνδον
1101 3205 1136 3271 δὲ
1163 3196 1262 3272 οῦδὲν
1286 3195 1361 3271 ἀλλ’
1383 3193 1403 3288 ῆ
1429 3197 1549 3288 πιθῆ-

243 3329 338 3383 κους
368 3293 389 3389 ῆ
419 3303 710 3387 κροκοδείλους
739 3289 761 3385 ῆ
790 3295 885 3385 αίγας
914 3293 934 3386 ἢ
967 3295 1108 3382 ἀσπίδας
1134 3295 1156 3390 ῆ
1182 3329 1216 3372 τι
1243 3307 1317 3372 τῶν
1344 3297 1456 3389 ζῴων·
1485 3305 1549 3370 νῦν

245 3405 281 3471 δὲ
311 3402 404 3486 ἔδοξε
426 3405 544 3488 Κέλσῳ
571 3396 835 3470 ένθεῶτατον
865 3399 970 3470 εἰπεῖν
996 3405 1051 3470 καί
1077 3398 1121 3472 τό
1148 3403 1385 3488 Αἰγυπτίων
1416 3402 1548 3483 ἔθνος,

193 3511 228 3566 30
244 3505 300 3570 καί
322 3496 584 3582 ένθεῶτατον
610 3500 650 3583 ἐξ
674 3491 791 3586 ἀρχῆς,
814 3493 900 3585 τάχα
921 3501 992 3569 ἐπεὶ
1012 3493 1218 3582 Ἰουδαίοις
1243 3501 1283 3584 ἐξ
1309 3494 1427 3588 ἀρχῆς
1447 3520 1550 3588 προσ·

245 3595 506 3687 πεπολεμήκασι.
548 3603 605 3668 καὶ
625 3602 771 3685 Πέρσαι
797 3601 832 3666 δὲ
859 3599 892 3667 οί
915 3595 975 3682 τάς
996 3603 1142 3688 μητέρας
1163 3603 1349 3688 γαμοῦντες
1370 3605 1425 3670 καὶ
1447 3609 1550 3688 θυγα-

247 3695 344 3787 τράσι
374 3694 569 3787 μιγνύμενοι
597 3698 742 3768 ἔνθεον
772 3697 892 3778 ἔθνος
921 3699 1005 3768 εἰναι
1036 3704 1088 3788 τῷ
1118 3704 1237 3788 Κέλσῳ
1265 3703 1437 3783 δοκοῦσιν,
1465 3693 1551 3769 ἀλλὰ

161 3808 228 3864 199ν
245 3804 300 3868 καί
321 3793 447 3882 Ἰνδοὶ,
470 3787 521 3866 ῶν
540 3823 636 3880 τινας
658 3799 695 3866 ἐν
717 3812 789 3878 τοῖς
818 3803 823 3880 Ι
848 3803 1104 3886 προειρημένοις
1131 3801 1220 3887 ἔλεγε
1245 3805 1302 3869 καὶ
1323 3793 1550 3886 ἀνθρωπείων

247 3903 423 3986 γεγεῦσθαι
444 3902 588 3985 σαρκῶν.
615 3900 719 3985 μηδὲν
741 3899 777 3965 δὲ
799 3893 934 3966 τούτων
952 3892 1163 3982 Ἰουδαίους
1184 3894 1328 3989 μάλιστα
1351 3895 1431 3979 τοῦς
1445 3893 1551 3968 πάλαι

331 4064 615 4136 2vgl.1(01.1,18.
637 4093 672 4104 -
693 4064 712 4120 θ
734 4063 1010 4134 Vgl.1²sal.132‚2.
1029 4098 1061 4108 -
1081 4069 1119 4124 19
1142 4067 1204 4137 Vgl.
1226 4065 1397 4121 Weish.sal.
1416 4069 1456 4128 17,
1476 4071 1499 4121 1.
1518 4095 1550 4105 —

247 4149 367 4290 ξῦδέίςέ
386 4151 463 4289 03ῗὲ
475 4150 646 4289 ΙὲΙᾶλλαβ.
674 4179 707 4188 -
733 4149 769 4206 31
794 4149 856 4220 vgl.
875 4151 947 4206 oben
965 4153 989 4207 V
1008 4153 1049 4218 27,
1067 4153 1093 4208 S.
1112 4153 1144 4208 27
1163 4153 1189 4208 Z.
1207 4153 1248 4208 28.
1277 4181 1310 4192 —
1336 4151 1376 4208 88
1399 4151 1461 4221 vgl.
1479 4150 1551 4204 oben

324 4275 331 4303 ,
369 4275 375 4289 .
465 4274 471 4288 .
536 4275 542 4288 .

330 4368 348 4423 θ
372 4371 467 4440 μῦρον
484 4369 614 4438 PAusgg.
639 4369 643 4436 Ι
667 4363 714 4422 έπί
731 4368 862 4441 ΑΗδ.θρ.
881 4365 940 4428 ἀπὸ
958 4373 1006 4428 Βο.
1025 4373 1123 4440 (Notae
1140 4391 1167 4443 p.
1185 4373 1246 4442 399)
1262 4372 1323 4428 Del.
1348 4373 1353 4440 l
1375 4373 1392 4427 5
1414 4373 1509 4443 μῦρον
1527 4369 1550 4422 V

245 4457 347 4524 Ausgg.
362 4455 366 4522 1
387 4445 447 4509 ιῦαν
459 4453 480 4508 Ρ
493 4440 554 4510 ύαν
566 4455 696 4522 AAusgg.
713 4455 717 4522 Ι
733 4445 942 4522 ένδύοματοςλ
956 4458 961 4526 Ι
976 4459 995 4514 9
1008 4476 1039 4514 τε
1051 4458 1187 4528 MAusgg.
1199 4477 1225 4513 τι
1237 4461 1262 4512 Δ
1277 4458 1281 4526 ί
1298 4457 1336 4514 18
1348 4451 1510 4528 βουλομένη
1522 4453 1551 4508 Μ
1628 4523 1630 4530 y

245 4543 347 4608 Ausgg.
370 4536 537 4607 βουλομένω
555 4537 604 4606 ΑΙ
624 4537 661 4592 21
685 4539 912 4610 γενεθλιαλογία]
936 4560 967 4598 νε
989 4559 1043 4597 von
1065 4545 1186 4614 sputerer
1206 4541 1240 4596 H.
1263 4541 1315 4596 mit
1336 4540 1454 4595 hellerer
1470 4539 1551 4594 Tinbe

246 4622 388 4692 eingeffigt
404 4627 430 4677 A
444 4625 448 4690 1
464 4622 503 4678 39
520 4617 600 4676 Ἰνδοί
617 4619 667 4675 Hb.
685 4637 730 4674 am
748 4620 834 4690 θεοῦ,
853 4623 897 4694 Sp.
904 4626 962 4681 Del.
981 4626 1019 4680 im
1036 4627 1117 4694 Text3
1140 4625 1224 4684 ἰνίῶν
1241 4625 1321 4681 AB&
1339 4625 1377 4678 im
1394 4625 1471 4680 Text.
