3758 5564
374 461 434 526 398
915 455 1139 512 αεινπυονε

375 621 469 700 εῑπω,
495 623 636 706 χωρίον,
665 610 780 701 οῦτως
801 611 971 705 εὔχεσθαι,
999 617 1086 708 πρὸς
1112 625 1164 707 τῷ
1191 625 1370 742 καθολικῷ
1393 625 1454 710 τῆς
1475 627 1552 708 περὶ
1574 615 1679 692 αῦτοῦ

375 713 556 805 ἐξετάσεως
582 719 836 789 ἐπισκοποῦντα
862 723 890 788 εί
917 723 955 790 ἐν
976 725 1067 808 τῷδε
1089 748 1140 808 τῳ
1163 715 1273 810 τόπῳ,
1296 747 1325 806 ῳ
1349 714 1491 808 εῦχεται,
1514 715 1555 791 οῦ
1575 746 1678 807 παρα-

374 812 559 907 νενόμηταί
587 843 675 888 ποτε
704 825 761 887 καί
791 815 883 906 παρὰ
913 815 977 890 τόν
1003 813 1114 939 όρθόν
1141 815 1245 906 λόγον
1266 825 1462 942 πεποίηται·
1491 817 1652 890 οἱονεί
1617 845 1679 908 γαρ

376 913 417 990 οῦ
442 912 549 1006 μόνον
577 913 700 988 ἐαυτὸν
726 911 812 988 άλλὰ
839 925 894 987 καί
916 915 980 988 τόν
1002 915 1113 990 τόπον
1135 924 1197 1008 τῆς
1217 915 1360 1000 ίόίας’
1324 923 1421 1007 ευχῆς
1443 925 1604 990 τοιοῦτον
1624 947 1680 990 πε-

342 1023 526 1106 δποίηκεν,
553 1012 602 1100 οῦς
628 1035 747 1107 φυγεῖν
767 1021 900 1088 ἐκεῖθεν
922 1016 986 1107 τὴν
1008 1015 1196 1107 ἐπισκοπὴν
1217 1023 1281 1090 τοῦ
1302 1023 1394 1088 θεοῦ.
1436 1021 1680 1090 ἐπισκοποῦντι

376 1121 414 1188 δέ
441 1145 498 1208 μοι
529 1119 585 1188 ἐπὶ
613 1126 732 1188 πλεῖον
762 1122 817 1188 καί
843 1124 921 1206 περὶ
946 1115 1074 1190 τούτου
1098 1122 1162 1188 τοῦ
1190 1111 1303 1188 τόπου
1328 1121 1466 1188 λεκτέον
1492 1113 1595 1204 δόξαν
1620 1122 1681 1206 μὲν

376 1211 419 1288 άν
449 1243 484 1286 τι
516 1215 602 1286 εἶναι
632 1215 716 1306 βορῦ
731 1307 733 1310 ⁴
747 1213 833 1304 τάχα
863 1219 899 1286 δὲ
925 1221 979 1305 τῷ
1005 1221 1173 1306 ἐπιμελῶς
1200 1212 1284 1288 αῦτό
1311 1221 1525 1302 βασανίζοντι
1547 1213 1609 1287 οῦκ
1631 1213 1680 1288 εῦ·

376 1310 651 1405 καταφρόνητον.
693 1319 730 1387 ἐν
757 1314 819 1406 γάρ
846 1323 898 1406 τῷ
926 1311 1024 1405 τόπῳ
1052 1321 1114 1403 τῆς
1135 1312 1208 1403 <οῦ>
1232 1312 1431 1402 παρανόμου
1451 1323 1573 1406 μίξεως
1593 1312 1680 1388 ἀλλὰ

376 1411 444 1486 ῦπό
473 1419 538 1486 τοῦ
567 1409 800 1488 άποστολικοῦ
829 1411 934 1504 λόγου
965 1414 1073 1500 ,κατὰ
1105 1414 1303 1504 συγγνώμην
1329 1413 1370 1486 οῦ
1396 1411 1470 1486 κατ’
1497 1414 1681 1506 ἐπιταγὴν(

327 1521 361 1578 10
377 1519 669 1604 συγκεχωρημένης
704 1519 902 1600 ἐξεταστέον
938 1518 965 1586 εί
992 1508 1087 1587 όσιόν
1113 1518 1183 1585 ἐστι
1209 1522 1264 1584 καί
1290 1515 1446 1603 καθαρόν
1468 1512 1681 1604 ἐντυγχάνειν

377 1619 429 1704 τῷ
457 1619 546 1702 θεῷ·
576 1617 605 1682 εί
630 1611 693 1703 γάρ
724 1611 917 1702 σχολάσαι,
919 1621 973 1703 ,τῇ
999 1621 1187 1702 προσευχῇ(
1213 1609 1254 1687 όν
1280 1610 1414 1702 τρόπον
1438 1612 1502 1702 χρὴ
1524 1611 1585 1702 οῦχ
1606 1611 1681 1685 οίόυ

377 1741 416 1785 τε
445 1685 546 1796 ἐστίν,
575 1713 634 1783 ἐὰν
664 1712 747 1804 μὴ,
750 1719 798 1798 ,ἐκ
827 1714 1014 1804 συμφώνου
1042 1713 1130 1803 πρὸς
1157 1714 1299 1801 καιρόν“
1326 1711 1441 1803 τούτῳ
1477 1741 1530 1796 τις
1559 1711 1681 1786 ἑαυτὸν

377 1817 494 1902 ἐπιδῷ,
517 1809 603 1901 τάχα
623 1820 678 1884 καί
699 1821 776 1902 περὶ
797 1818 861 1884 τοῦ
883 1809 1002 1898 τόπου,
1025 1813 1085 1886 ἐὰν
1106 1817 1246 1902 ἐγχωρῇ,
1269 1783 1475 1951 θεωρητέον.

461 1941 488 2000 5.
525 1931 590 2016 ἔχει
617 1933 654 1999 δέ
679 1957 713 1999 τι
739 1931 871 2018 ἐπίχαρι
892 1935 940 2012 είς
962 1926 1131 2018 οόφέλειαν
1154 1926 1261 2012 τόπος
1283 1924 1388 2051 εῦχῆς,
1412 1927 1453 2000 τὸ
1473 1933 1600 2017 χωρίον
1621 1933 1681 2016 τῆς

327 2039 361 2094 15
378 2031 432 2099 ἐπί
463 2022 504 2100 τό
535 2023 620 2099 αῦτὸ
650 2035 725 2099 τῶν
753 2025 988 2100 πιστευόντων
1018 2025 1308 2112 συνελεύσεως,“
1280 2057 1328 2110 ως
1354 2025 1457 2112 εἰκός,
1479 2035 1535 2098 καί
1555 2024 1681 2118 άγγελι-

378 2134 451 2198 κῶν
469 2133 474 2214 Ι
494 2123 670 2216 δυνάμεων
698 2130 935 2217 ἐφισταμένων
957 2147 1030 2212 τοὶς
1051 2125 1254 2218 άθροίσμασι
1276 2135 1350 2199 τῶν
1371 2123 1607 2200 πιστευόντων
1626 2133 1681 2198 καί
1701 2137 1755 2193 269

379 2223 485 2299 αῦτσῦ
511 2232 575 2298 τοῦ
600 2232 717 2314 κυρίου
741 2234 797 2298 καί
824 2233 980 2317 σωτῆρος
1007 2223 1105 2318 ἡμῶν
1125 2223 1297 2315 δυνάμεως
1318 2224 1382 2316 ἤδη
1406 2233 1441 2298 δέ
1462 2234 1516 2298 καί
1538 2223 1682 2317 πνευμό-

379 2354 453 2398 των
480 2321 597 2414 άγίων,
620 2327 712 2414 οίμαι
740 2330 776 2396 δέ
798 2320 854 2398 ότι
879 2335 935 2397 καί
961 2333 1290 2417 προκεκοιμημένων,
1312 2331 1414 2414 σαφές
1436 2331 1472 2398 δὲ
1495 2320 1548 2397 ῦτι
1568 2333 1624 2397 καί
1645 2331 1682 2398 ἐν

378 2431 431 2515 τῷ
453 2432 516 2515 βίῳ
538 2421 740 2512 περιόντων,
769 2428 797 2495 εί
817 2433 873 2496 καί
894 2426 936 2498 τό
959 2435 1035 2510 πῶς
1057 2423 1119 2498 οῦκ
1141 2423 1270 2515 εῦχερές
1292 2429 1404 2498 εἰπεῖν.
1446 2433 1503 2497 καί
1524 2434 1601 2516 περὶ
1621 2432 1682 2516 μέν

328 2537 362 2594 20
380 2520 533 2615 άγγέλων
561 2518 674 2609 οῦτως
699 2530 943 2614 ἐπιλογιστέον·
969 2531 999 2596 εί
1025 2537 1250 2616 ,παρεμβαλεί
1269 2522 1409 2615 ἄγγελος
1429 2533 1547 2613 κυρίου
1567 2525 1680 2615 κῦκλῳ

380 2631 453 2696 τῶν
480 2631 704 2712 φοβουμένων
731 2620 839 2696 αὐτὸν
859 2631 914 2696 καὶ
937 2623 1072 2714 ῥύσεται
1094 2623 1248 2711 αῦτοῦς,“
1270 2633 1325 2697 καὶ
1347 2623 1506 2716 ἀληθεύει
1527 2620 1546 2696 6
1567 2619 1684 2709 Ἰακώβ

379 2719 421 2796 οῦ
445 2731 522 2813 περὶ
549 2723 670 2795 ἑαυτοῦ
694 2719 803 2814 μόνον
829 2719 915 2796 ἄλλά
942 2732 998 2795 καί
1024 2731 1100 2814 περί
1121 2721 1266 2797 πάντων
1288 2733 1362 2798 τῶν
1382 2722 1609 2814 ἀνακειμένων
1630 2731 1680 2815 τῷ

378 2828 452 2914 θεῷ
481 2828 533 2914 τῷ
560 2829 707 2894 συνιέντι
729 2829 891 2911 λέγων’,
894 2818 913 2895 6
936 2819 1076 2913 ἄγγελος
1098 2819 1117 2896 6
1140 2821 1302 2914 ῥυόμενός
1323 2854 1363 2915 με
1385 2829 1422 2896 ἐκ
1443 2823 1587 2897 πάντων
1610 2831 1682 2896 τῶν

378 2929 516 3008 κακῶνῇ
519 2919 647 3006 είκός
679 2928 764 3008 ἐστι,
800 2919 976 2995 πλειόνων
1013 2921 1297 3014 συνεληλυθότων
1329 2932 1473 3014 γνησίως
1503 2930 1549 3008 είς
1578 2920 1682 3012 δόξαν

327 3033 361 3091 25
380 3028 539 3113 Χριστοῦ,
571 3031 797 3112 παρεμβαλεῖν
828 3020 892 3094 τόν
923 3021 1067 3094 ἑκάστου
1096 3019 1239 3146 ἄγγελον
1270 3023 1333 3096 τὸν
1362 3023 1518 3122 ,κῦκλῳ“
1540 3021 1683 3096 ἑκάστου

378 3127 473 3208 ,τῶν
495 3127 742 3210 φοβουμένων“
763 3121 846 3211 μετὰ
874 3119 1003 3194 τοῦτου
1023 3128 1087 3194 τοῦ
1111 3119 1285 3213 ἀνδρὸς,
1272 3119 1313 3196 όν
1335 3111 1496 3214 φρουρεῖν
1516 3130 1572 3194 καί
1594 3127 1681 3195 οίκσ-

379 3239 495 3312 νομειν
529 3229 766 3294 πεπίστευται·
801 3213 883 3292 ὥστ’
914 3223 999 3294 είναι
1034 3227 1088 3294 ἐπί
1121 3229 1196 3293 τῶν
1227 3218 1333 3312 άγίων
1364 3229 1682 3312 συναθροιζομένων

379 3325 501 3411 διπλῆν
511 3325 716 3443 ἐκκλησίαν,
744 3319 808 3411 τὴν
832 3325 893 3442 μὲν
919 3317 1120 3412 ἀνθρώπων
1146 3322 1211 3412 τὴν
1236 3326 1272 3394 δέ
1298 3318 1459 3411 άγγέλων.
1499 3328 1555 3393 καί
1577 3325 1605 3393 εἰ
1625 3317 1681 3411 μό

380 3447 442 3494 νου
463 3425 527 3492 τοῦ
547 3416 707 3510 Τωβὴτι
687 3450 706 3493 ο
721 3413 868 3510 Ῥαφαήλ
891 3444 995 3511 φησιν
1016 3427 1063 3504 είς
1086 3417 1340 3512 ,,μνημόσυνον“
1358 3418 1596 3511 άνενηνσχέναι
1617 3419 1682 3510 τὴν

463 3656 482 3714 ε
505 3655 568 3724 vgl.
586 3655 598 3708 1
617 3655 679 3710 nor.
700 3659 723 3724 7,
742 3657 869 3714 2-1-
889 3657 927 3714 11
945 3656 1008 3727 τρι.
1026 3657 1038 3712 1
1057 3656 1119 3712 nor.
1137 3644 1160 3721 1,·
1178 3659 1202 3713 ε.
1219 3687 1253 3696 -
1270 3657 1310 3714 1ο
1327 3657 1399 3714 Ρειι.
1411 3657 1490 3726 3111
1508 3687 1541 3698 -
1558 3658 1598 3715 ει
1616 3657 1681 3712 εει

377 3741 419 3808 48,
439 3742 479 3796 16.
497 3770 530 3780 -
549 3739 589 3796 28
607 3738 670 3812 Vgl.
689 3739 761 3794 Peel.
780 3741 821 3804 33,
839 3741 863 3798 8
882 3771 915 3782 -
932 3742 970 3798 27
995 3741 1058 3812 vgl.
1076 3741 1214 3811 Origenes,
1233 3743 1265 3796 In
1283 3742 1347 3797 Luc.
1365 3743 1439 3800 hom.
1457 3742 1547 3797 XXIII
1563 3744 1639 3811 (tom.
1657 3742 1681 3795 V

378 3842 404 3897 p.
423 3826 472 3881 177
490 3824 532 3879 ed.
550 3825 672 3894 Lem).
690 3855 724 3864 -
741 3823 780 3881 29
798 3825 861 3894 Vgl.
878 3824 945 3882 Tob.
965 3827 1004 3890 12,
1024 3827 1063 3880 12.
1082 3827 1115 3896 [3.
1134 3829 1174 3882 16.
1194 3826 1243 3896 11]

464 4024 483 4080 8
505 4029 555 4092 τῆς
572 4017 637 4092 (οῦ)
655 4019 830 4096 παρανόμου
852 4024 975 4080 schreibe
991 4025 1037 4080 Ich
1055 4026 1102 4080 dee
1119 4025 1266 4095 folgenden
1284 4018 1358 4080 ἀλλὰ
1377 4043 1485 4096 wegnn,
1502 4032 1553 4096 τῆς
1571 4019 1681 4098 ἐπαρα-

379 4105 472 4178 νόμου
487 4109 563 4164 leeen
575 4109 653 4164 Bent.
665 4126 691 4166 u.
704 4109 763 4164 Del.
775 4111 796 4178 (I
808 4110 859 4164 268
871 4113 950 4164 Δ11111
963 4110 1001 4179 f);
1020 4102 1070 4180 (οῦ
1086 4103 1192 4178 μόνον)
1210 4113 1261 4179 τῆς
1277 4102 1451 4180 παρανόμου
1462 4111 1544 4180 Angl.
1556 4111 1611 4180 (bei
1623 4109 1681 4165 Del.

379 4193 497 4262 19292),
515 4194 582 4248 eber
599 4194 644 4250 die
660 4193 809 4263 folgenden
822 4193 928 4248 Worte:
946 4193 974 4251 εί
990 4186 1075 4250 όσιόν
1092 4191 1153 4250 ἐστι
1170 4196 1220 4250 καί
1236 4187 1371 4266 καθαρόν
1388 4195 1424 4262 (Ζ.
1438 4197 1480 4263 10)
1501 4195 1603 4264 neigen,
1620 4195 1682 4250 due

379 4280 508 4350 Origenes
525 4278 570 4333 die
586 4273 760 4348 παράνομος
776 4281 850 4347 μῖξις
866 4278 925 4333 hIer
941 4279 1019 4334 nieht
1036 4279 1161 4334 erwuhnt
1177 4277 1268 4333 haben
1287 4279 1362 4332 11111111
1382 4282 1386 4346 1
1406 4272 1479 4334 α’λλὰ
1491 4289 1524 4339 <
1540 4277 1657 4334 0011101.
1676 4281 1679 4348 ί

378 4367 469 4422 hinter
485 4357 560 4420 ἄλλά
571 4363 678 4431 -ί-(καί
694 4364 757 4432 τῆς)
775 4363 856 4432 Angl.
868 4366 904 4432 (ο,
915 4381 939 4418 ε..
950 4363 991 4432 0.)
1007 4367 1011 4433 Ι
1028 4363 1066 4419 12
1084 4360 1128 4428 τίς
1146 4362 1195 4417 001
1204 4362 1289 4418 Lond
1305 4365 1309 4432 Ι
1326 4363 1364 4420 18
1383 4357 1480 4435 ἁγίων]
1494 4363 1581 4433 (των)
1594 4357 1683 4434 ἁγίων

277 4520 281 4526 ¹
378 4450 442 4506 lieet
459 4451 537 4506 Bent„
556 4447 610 4518 (bei
628 4447 688 4502 Del.
706 4450 718 4502 Ι
736 4449 787 4504 269
803 4449 922 4518 ἐπεάν)
937 4449 995 4516 198
1013 4439 1136 4518 ἄγγελον
1153 4442 1213 4517 τόν]
1234 4441 1358 4518 ἄγγελον
1374 4448 1452 4503 Bon&
1470 4449 1525 4518 (bei
1536 4449 1596 4504 Del
1608 4449 1682 4506 1269

378 4541 459 4594 Anm.
477 4536 516 4602 ο),
534 4527 709 4604 ἄγγελον
675 4555 711 4591 xv
735 4535 858 4588 vernnnte
875 4532 920 4586 ioh
937 4533 1009 4588 nenh
1027 4531 1101 4587 Penl.
1119 4533 1161 4595 33,
1177 4533 1207 4594 8,
1226 4531 1281 4601 vgl.
1300 4535 1387 4586 nnten
1405 4533 1430 4588 8.
1443 4533 1494 4589 399
1511 4533 1679 4601 11151111

379 4611 440 4678 ῦστ
441 4612 583 4672 ΤἸιου(1.
601 4607 679 4673 ωστε
697 4615 746 4672 Ox.
757 4617 815 4673 Del.
