3758 5564
568 500 660 554 ΠΕΡΙ
679 500 814 555 ΕΥΧΗΣ
836 500 887 574 29,
904 504 927 557 5.
946 501 970 556 6.
989 502 1012 554 7.
1029 501 1054 556 8.
1071 501 1095 554 9.
1114 500 1154 555 10.
1449 502 1509 566 385

208 687 311 752 ματα·
339 668 462 734 πολλοὶ
492 667 528 732 δέ
557 669 611 732 καί
642 661 695 734 διὰ
727 661 768 734 τὸ
800 661 934 752 φεύγειν
964 661 1028 752 τήν
1055 659 1203 749 άδοξίαν,
1234 655 1510 747 ἐπαισχυνόμενοι

208 759 250 832 τὸ
274 767 424 848 Χριστοῦ
455 757 599 850 εῦγενῶς
626 757 736 851 ὄνομα
758 767 884 850 φέρειν,
908 766 954 846 είς
985 760 1144 851 αἰσχύνην
1172 759 1312 831 αίοόνιον
1338 785 1509 830 καταπεπ-

210 861 366 933 τοόκασιν.

294 972 320 1033 8.
356 955 431 1033 ἀλλ’
454 964 560 1032 οίεταί
582 991 634 1044 τις
656 957 889 1033 άναπαόεσθαι
908 968 912 1047 Ι
933 957 980 1043 σός
1001 959 1046 1050 μή
1066 955 1314 1049 πειραζόμενος,
1339 951 1397 1030 ὅτε
1419 951 1509 1030 δεδό-
1527 968 1578 1025 259

174 1079 191 1132 5
209 1071 328 1146 ξασται
348 1059 440 1147 παρά
463 1080 536 1144 τοῖς
556 1057 768 1148 α’νθροόποις·
790 1069 846 1131 καί
867 1067 942 1142 πῶς
965 1058 1005 1132 οῦ
1023 1057 1174 1148 χαλεπὸν
1196 1056 1237 1129 τὸ
1252 1053 1431 1146 ,ἀπέχουσι
1446 1053 1509 1128 τόν

207 1159 354 1246 μισθόν(
370 1154 438 1232 άπδ
455 1167 550 1244 ,τῶν
571 1156 802 1249 άνθραίπων,“
816 1155 1112 1250 ἀπαγγελλόμενον
1127 1178 1200 1242 τοις
1215 1163 1447 1246 ἐπαιρομένοις
1463 1151 1510 1238 ιδς

208 1255 261 1330 ἐπ’
279 1254 400 1348 άγαθῷ
424 1267 467 1348 τή
488 1257 580 1349 παρὰ
602 1277 675 1342 τοῖς
696 1267 837 1342 πολλοῖς
858 1255 955 1346 δόξη·
976 1264 1051 1342 πῶς
1072 1255 1103 1330 δ’
1126 1256 1186 1330 οῦκ
1207 1253 1453 1346 ἐπιπληκτικδν
1468 1256 1510 1327 τό

209 1364 306 1442 ,πῶς
335 1356 481 1430 δύνασθε
510 1355 602 1447 ῦμείς
631 1363 818 1442 πιστεῦσαι,
850 1353 953 1444 δόξαν
984 1354 1061 1444 παρ’
1083 1354 1245 1448 άλλήλων
1275 1352 1511 1443 λαμβάνοντες,

208 1464 264 1529 καὶ
286 1456 351 1547 τήν
372 1453 475 1543 δόξαν
494 1457 559 1547 τήν
580 1457 671 1546 παρὰ
700 1463 764 1529 τοῦ
785 1453 894 1544 μόνου
914 1463 1000 1528 θεοῦ
1023 1453 1064 1528 οῦ
1086 1467 1249 1547 ζητεῖτε,·“
1271 1461 1326 1526 καί
1348 1461 1382 1525 τί
1403 1483 1443 1544 με
1464 1460 1515 1526 δεῖ

160 1572 197 1630 10Δ
209 1563 407 1645 καταλέγειν
429 1555 472 1627 τά
494 1562 569 1627 τῶν
591 1561 823 1647 νομιζομένων
844 1553 994 1644 εὐγενῶν
1020 1561 1057 1628 ἐν
1082 1555 1294 1648 ὑπερηφανίᾳ
1319 1559 1512 1641 πταίσματα

208 1661 361 1727 καὶτῶν
388 1661 579 1745 λεγομένων
606 1661 778 1746 δυσγενῶν
808 1654 862 1727 διά
893 1655 934 1727 τὸ
965 1651 1192 1746 άνεπίστημον
1222 1654 1285 1745 τήν
1314 1653 1400 1744 πρὸς
1429 1653 1511 1736 τοῦς

208 1751 380 1843 ὑπερέχειν
403 1760 640 1843 νομιζομένους
654 1751 856 1826 δπόπτωσιν
870 1754 1102 1845 θωπευτικήν,
1118 1753 1307 1843 άφιστᾶοαν
1325 1759 1410 1827 θεοῦ
1430 1752 1510 1836 τοῦς

210 1859 350 1944 γνησίαν
370 1859 432 1944 μέν
454 1862 571 1942 φιλίαν
586 1852 648 1926 οῦκ
668 1859 809 1945 ἔχοντας
828 1855 870 1928 τὸ
893 1859 928 1924 δὲ
949 1852 1132 1927 κάλλιστον
1154 1860 1228 1926 τῶν
1243 1859 1280 1925 ἐν
1301 1849 1510 1942 άνθροίποις,

210 1952 275 2044 τὴν
296 1950 439 2044 άγάπην,
460 1952 764 2044 ῦποκρινομένους;

159 2071 192 2125 15
292 2065 320 2126 9.
354 2059 421 2136 πᾶς
448 2061 566 2125 τοίνυν
587 2049 627 2137 ,ό
649 2061 751 2139 βίος,“
773 2056 892 2137 καθοῦς
913 2061 1119 2144 προείρηται,
1142 2058 1205 2125 τοῦ
1225 2047 1438 2140 ,άνθροόπου
1457 2054 1513 2123 ἐπὶ

208 2158 269 2242 τῆς
291 2157 370 2242 γήςίί
397 2157 508 2238 ,,ἐστι“
522 2151 798 2244 ,,πειρατήριον“·
829 2153 945 2243 διόπερ
969 2150 1143 2244 εῦχσόμιθα
1174 2153 1372 2242 ῥυσθήναι
1398 2178 1512 2238 πειρα-

210 2260 338 2343 τηρίου,
360 2248 422 2324 οῦκ
444 2255 481 2322 ἐν
508 2261 559 2344 τῷ
586 2252 631 2343 μή
662 2250 878 2342 πειράζεσθαι
908 2259 1028 2340 (τοῦτο
1058 2251 1121 2342 γάρ
1153 2247 1339 2341 άμήχανον,
1368 2247 1514 2339 μάλιστα

209 2369 282 2434 τοῖς
308 2356 383 2436 ,ἐπὶ
413 2357 506 2441 γήςίί)
537 2349 623 2423 άλλδι
655 2357 692 2423 ἐν
721 2359 772 2442 τῷ
802 2352 847 2444 μή
878 2348 1049 2443 ἡττᾶσθαι
1078 2355 1345 2442 πειραζομένους.
1388 2351 1451 2423 τὸν
1478 2357 1514 2422 δέ

211 2447 410 2542 ἡττώμενον
431 2455 469 2523 ἐν
491 2459 542 2543 τῷ
564 2449 782 2542 πειράζεσθαι
805 2457 1006 2542 είσέρχεσθαι
1031 2454 1126 2538 ,,είς“
1153 2450 1217 2524 τὸν
1238 2451 1514 2538 ,,πειρασμὸν,“

159 2565 193 2622 20
211 2546 408 2640 ἐνεχόμενον
434 2569 507 2636 τοῖς
533 2550 682 2634 δικτύοις
708 2548 824 2636 αῦτοῦ,
851 2549 1095 2641 ὑπολαμβάνω·
1121 2554 1167 2636 είς
1198 2545 1282 2639 άπερ
1314 2557 1432 2622 δίκτυα
1457 2550 1512 2622 διά

211 2649 292 2733 τοῦς
317 2657 669 2740 προκατειλημμένους
700 2655 737 2721 ἐν
767 2647 882 2736 αῦτοτς
914 2652 1080 2723 είσελθών
1107 2646 1126 2722 δ
1156 2648 1280 2740 σωτὴρ,
1311 2647 1513 2734 ,ἐκκόπτων

212 2747 266 2820 διά
289 2755 362 2820 τῶν
385 2748 554 2821 δικτύων(
575 2750 663 2821 κατὰ
686 2749 728 2823 τὸ
751 2754 788 2822 ἐν
808 2755 860 2840 τῷ
878 2745 1028 2840 Ἆισματι
1050 2756 1125 2822 τῶν
1147 2745 1308 2842 ᾀσμάτων
1329 2753 1512 2839 εἰρημένον,

210 2844 472 2938 ,,άποκρίνεται“
503 2865 576 2931 τοῖς
605 2855 951 2939 προκατειλημμένοις
983 2844 1039 2920 ὑπ’
1066 2845 1182 2920 αὐτῶν
1217 2853 1272 2918 καί
1303 2853 1514 2920 είσελθοῦσιν

211 2951 307 3032 ,,είς“
323 2947 386 3020 τόν
400 2947 757 3036 ,,πειρασμὸν,“,,καὶ
772 2955 879 3036 λέγεέί
894 2939 970 3019 οὖσι
990 2946 1102 3038 νύμφη
1119 2945 1236 3020 αότοῦ·
1255 2943 1414 3034 ,,άνάστα,
1434 2949 1515 3017 ἐλθὲ

161 3043 232 3136 εῡή
253 3054 398 3136 πλησίον
419 3075 493 3138 μου,
515 3045 601 3138 καλή
623 3075 698 3136 μου,
720 3045 899 3137 περιστερά
919 3057 1012 3135 μου.“
1046 3045 1234 3138 προσθήσω
1257 3052 1293 3119 δέ
1315 3049 1360 3130 είς
1382 3046 1423 3118 τὸ
1444 3073 1515 3118 πει-

142 3217 144 3224 ,
212 3152 380 3236 ρασθήναι
401 3145 516 3219 πάντα
536 3146 657 3238 καιρὸν
678 3155 900 3238 πειρασμοῦ
922 3149 1005 3218 εἶναι
1021 3165 1093 3229 τοῖς
1107 3144 1309 3236 ἀνθρώποις
1323 3151 1379 3217 καὶ
1393 3149 1515 3217 ταῦτα·

143 3261 194 3320 321
211 3240 289 3316 οῦδὲ
316 3249 321 3334 1
349 3240 368 3316 δ
395 3246 458 3318 τὸν
480 3243 586 3337 νόμον
608 3254 671 3319 τοῦ
694 3254 779 3320 θεοῦ
801 3254 953 3337 μελετῶν
978 3243 1122 3337 ,ἡμέρας
1147 3253 1202 3316 καί
1229 3243 1373 3329 νυκτδςίί
1398 3251 1453 3316 καὶ
1481 3241 1515 3318 ά-

211 3352 306 3418 σκῶν
331 3353 550 3435 κατορθῶσαι
577 3347 618 3420 τὸ
648 3353 833 3438 εἰρημένον·
862 3342 991 3436 ,στόμα
1018 3351 1150 3418 δικαίου
1174 3342 1346 3437 μελετήσει
1372 3352 1515 3432 σοφίαν“

212 3450 277 3516 τοῦ
297 3443 513 3534 πειράζεσθαι
533 3443 757 3536 άπήλλακται.

161 3567 195 3623 30
298 3558 344 3617 10.
381 3539 453 3618 ὅσοι
476 3553 561 3636 γοῦν
582 3544 864 3637 παρεκδεξάμενοι
893 3550 930 3618 ἐν
960 3553 1012 3636 τῷ
1043 3539 1296 3616 ἀνατεθεικέναι
1322 3541 1445 3628 αῦτοῦς
1471 3552 1514 3633 τῇ

212 3641 357 3730 ἐξετάσει
378 3653 452 3716 τῶν
473 3653 580 3716 θείων
601 3653 745 3736 γραφῶν
769 3645 813 3718 τά
834 3650 871 3718 ἐν
892 3642 989 3736 νόμῳ
1004 3651 1058 3717 καί
1073 3641 1267 3735 προφήτας
1282 3639 1515 3734 ἀπηγγελμένα

213 3737 329 3826 άθέοις
353 3751 409 3815 καί
431 3741 559 3834 άσεβέσι
587 3743 748 3835 δόγμασιν
774 3745 914 3830 ἑαυτοὺς
935 3741 1193 3818 ἀνατεθείκασιν
1215 3738 1268 3834 <ή>
1291 3737 1437 3833 ήλιθίοις
1457 3750 1512 3815 καί

298 3963 314 4018 1
332 3963 395 4033 Vgl.
412 3965 483 4019 Phil.
501 3967 525 4028 3,
545 3967 584 4021 19.
603 3996 636 4006 -
654 3966 673 4022 θ
691 3966 872 4036 vg1.Matth.
891 3968 915 4028 6.
932 3969 957 4022 2.
979 3996 1013 4008 -
1035 3965 1133 4022 sJoh.
1151 3967 1175 4030 5,
1193 3967 1235 4019 44.
1253 3994 1286 4003 -
1305 3963 1342 4020 15
1363 3963 1423 4034 Vgl.
1443 3964 1515 4020 Hiob

214 4047 237 4114 7,
256 4049 279 4102 1.
303 4078 334 4088 -
359 4049 398 4104 12
415 4065 441 4102 u.
458 4049 497 4105 24
519 4050 583 4119 Vgl.
601 4051 699 4106 Matth.
717 4052 741 4114 6.
761 4053 800 4106 13.
825 4051 891 4105 Luk.
911 4054 953 4113 11,
970 4056 994 4108 4.
1012 4081 1046 4092 -
1068 4051 1107 4107 21
1126 4049 1188 4119 Vgl.
1207 4048 1304 4103 Hohel.
1323 4049 1351 4112 2,
1370 4051 1394 4106 9.
1420 4079 1452 4090 -
1475 4049 1516 4106 211

214 4129 276 4202 Vgl.
293 4131 391 4188 Hohel.
409 4134 434 4198 2,
452 4137 492 4191 10.
510 4165 544 4174 -
566 4133 607 4191 24
628 4135 726 4192 Hohel.
744 4135 768 4200 2,
787 4137 828 4191 10.
845 4165 879 4176 -
896 4135 934 4192 22
955 4135 1017 4206 Vgl.
1036 4136 1107 4190 Paul.
1126 4137 1150 4201 1,
1167 4135 1191 4190 2.
1210 4164 1242 4173 -
1260 4133 1300 4191 28
1318 4134 1397 4189 Prov.
1416 4136 1457 4202 10,
1474 4137 1516 4191 31.

299 4334 336 4392 11
356 4327 553 4403 ἀνεπιστῆμον
569 4335 708 4406 ΤΔιιεςς,
727 4335 798 4390 doch
816 4333 871 4406 vgl.
890 4335 920 4388 R.
934 4337 1060 4391 Kuhners
1077 4337 1197 4390 Gramm.
1216 4334 1241 4388 d.
1258 4351 1297 4404 gr.
1310 4333 1376 4404 Spr„
1393 4334 1449 4390 her.
1462 4351 1516 4389 von

213 4417 255 4472 Fr.
273 4419 352 4472 ΒΙεεε
370 4419 382 4472 Ι
400 4421 416 4487 θ
435 4419 484 4474 134
501 4419 547 4473 Nr.
565 4421 604 4475 δε
627 4429 631 4490 Ι
657 4420 696 4477 111
719 4413 847 4490 ἔχοντας]
871 4411 985 4490 ἔχοντες
1006 4419 1055 4475 Ox.
1080 4423 1084 4489 Ι
1109 4419 1148 4476 14
1170 4411 1417 4490 ὑποκρινομένους
1433 4421 1515 4490 Angl.

214 4501 483 4568 (beiD01.1927⁸)
514 4503 573 4559 Del.
600 4496 827 4576 όποκρινομένοι
856 4503 960 4558 ΤΨεε
992 4497 1216 4573 ἐπιοκρινόμενοι
1245 4503 1293 4557 01.
1318 4505 1322 4570 Ι
1347 4501 1387 4558 80
1413 4495 1517 4568 αῦτοδς

214 4585 298 4640 Lond.
318 4581 420 4652 αὖτοὺς
437 4587 588 4644 T01.1>01.
609 4591 614 4658 1
634 4590 671 4645 31
691 4589 788 4658 θείων]
811 4591 901 4644 θειιῦν
917 4589 1047 4659 TAusgg.
1066 4589 1071 4658 1
1095 4587 1134 4644 112
1158 4579 1203 4657 <ἣ>
1221 4587 1286 4656 fuge
1303 4586 1349 4640 ich
1366 4587 1417 4643 mit
1434 4589 1515 4658 Angl.

214 4671 247 4739 (ε.
262 4686 287 4723 ε.
300 4669 349 4738 0.),
366 4672 445 4728 Bent.
463 4690 488 4728 u.
508 4672 567 4728 Del.
586 4675 676 4744 (1259
695 4675 774 4728 Αυω.
793 4675 816 4743 ο)
835 4673 887 4728 ain.

264 4753 381 4809 Origenes
394 4755 425 4801 11.
1284 4757 1317 4811 25
