3772 5526
381 525 421 587 36
924 515 1146 604 ῼΡΙΓΕΝΟΥΣ

382 686 419 752 έν
442 681 493 762 οίς
514 684 626 766 ,,ξένοι
649 686 721 750 τῶν
744 684 941 766 διαθηκῶν(
963 676 1198 768 ἐτυγχάνομεν,
1222 677 1450 767 λαμβάνοντες
1478 676 1611 770 νόμον,
1634 679 1687 769 ἐφ’

382 772 410 870 ᾧ
437 777 576 869 χάριτας
602 773 848 866 ὁμολογοῦντες
874 783 926 866 τῷ
953 773 1037 867 ἡμᾶς
1063 780 1238 868 ῥυσαμένῳ
1265 775 1334 850 άπὸ
1357 785 1418 868 τῆς
1439 777 1571 867 πλάνης
1594 787 1686 870 λέγο-

380 903 453 968 μεν·
482 877 551 964 1,τάς
576 885 683 967 ψευδῆ
709 875 896 966 ἐκτήσαντο
923 881 956 948 οί
981 885 1124 967 πατέρες
1145 874 1242 967 ἡμῶν
1264 883 1399 966 εἴδωλα,
1427 885 1483 950 καὶ
1510 876 1571 952 ούκ
1594 884 1687 952 ἔστιν

379 985 417 1051 έν
444 978 560 1062 αύτοῐς
585 976 755 1064 ύετίζων.“
801 971 820 1048 δ
849 975 1101 1066 χοροστάτης
1128 969 1192 1049 σύν
1221 973 1317 1067 ἡμῶν
1347 985 1412 1049 καί
1444 976 1685 1064 διδάσκαλος

345 1095 383 1168 5!
412 1077 480 1151 άπὸ
503 1075 705 1150 Ἰουδαίων
731 1077 885 1162 ἐξελθὼν
912 1070 998 1165 ὅλην
1025 1084 1158 1167 νέμεται
1184 1085 1235 1168 τῷ
1262 1074 1354 1166 λόγῳ
1382 1084 1443 1166 τῆς
1470 1083 1684 1162 διδασκαλίας
1701 1097 1751 1152 603

379 1182 500 1251 ἑαυτοῦ
521 1178 586 1267 τὴν
607 1182 817 1265 οἰκουμένην.
858 1180 914 1247 καί
941 1183 1049 1248 ταῦτα
1070 1183 1131 1266 μὲν
1153 1173 1385 1266 προλαβόντες
1406 1187 1548 1260 πολλοῖς
1569 1183 1682 1266 ἐπιφε-

377 1286 524 1370 ρομένην
554 1283 618 1350 τοῦ
641 1282 771 1348 Κέλσου
800 1281 892 1362 λέξιν
923 1269 984 1366 ὅση
1014 1275 1151 1366 δύναμις
1180 1273 1420 1365 άνετρέῳαμεν,
1447 1274 1682 1362 συνάπτοντες

377 1399 449 1464 τοῖς
470 1384 671 1467 ἐπικειμένοις
692 1372 798 1446 αύτοῦ
819 1375 941 1464 ῥητοῖς.

458 1499 601 1564 XXXIV.
635 1487 705 1562 Ἵνα
731 1497 768 1561 δὲ
793 1490 838 1580 μὴ
865 1496 1093 1581 παρέλθωμεν
1119 1490 1161 1562 τὰ
1188 1494 1226 1560 έν
1253 1511 1324 1574 τοῖς
1349 1492 1474 1580 μεταξύ
1500 1499 1680 1582 λελεγμένα

325 1616 358 1670 10
376 1603 426 1685 τῷ
452 1601 584 1682 Κέλσῳ,
615 1588 688 1679 φέρ’
711 1591 896 1677 έκθιύμεθα
925 1597 980 1660 καὶ
1011 1597 1132 1662 ταῦτα’
1168 1587 1361 1680 χρήσαιτο
1393 1588 1425 1662 δ’
1448 1587 1494 1662 ἄν
1525 1621 1585 1675 τις
1614 1601 1678 1664 καὶ

373 1690 572 1784 Ἡροδότῳ
603 1691 703 1779 πρὸς
734 1687 829 1760 τάδε
858 1687 1042 1779 μάρτυρι,
1074 1696 1236 1778 λέγοντι
1267 1681 1357 1760 ὧδε·
1391 1695 1454 1774 ,,οί
1476 1691 1547 1779 γὰρ
1570 1691 1614 1781 δη
1637 1696 1678 1762 ἐκ

374 1799 533 1883 Μαρέης
559 1820 601 1863 τε
626 1785 770 1871 πόλιος
796 1795 858 1859 καὶ
876 1785 1011 1871 Ἄπιος
1032 1792 1237 1871 οἰκέοντες
1259 1787 1466 1878 Αἰγύπτου
1487 1791 1535 1862 τὰ
1557 1790 1678 1878 πρόο-

289 1919 356 1973 124.r
373 1924 474 1983 ουρα
496 1890 632 1980 Λιβύη,
659 1885 776 1960 αύτοί
802 1916 844 1960 τε
871 1893 875 1978 1
904 1894 1118 1971 δοκέοντες
1146 1890 1246 1958 εἰναι
1269 1895 1410 1972 Λίβυες
1431 1897 1495 1960 καὶ
1518 1888 1588 1962 ούκ
1610 1897 1677 1962 Αἰ-

372 1994 537 2085 γύπτιοι
566 1998 634 2061 καί
663 1985 883 2078 άχθύμενοι
916 1995 962 2074 τῇ
993 1995 1082 2074 περὶ
1112 1986 1160 2058 τὰ
1187 1987 1272 2074 ίερὰ
1294 1997 1505 2076 θρησκείη,
1537 1989 1676 2074 βουλό-

322 2107 353 2160 15
371 2121 485 2183 μενοι
515 2095 677 2180 θηλέων
706 2086 880 2177 βοῶνμὴ
902 2089 1106 2176 ἔργεσθαι,
1138 2088 1320 2176 ἔπεμψαν
1347 2083 1584 2177 ἒςἌμμῳνα
1606 2088 1676 2177 φά-

370 2222 484 2282 μενοι
510 2187 627 2262 ούδὲν
649 2195 759 2274 σφίσι
786 2215 828 2256 τε
850 2193 914 2256 καὶ
936 2190 1194 2274 Αἰγυπτίοισι
1215 2185 1357 2257 κοινὸν
1380 2189 1497 2258 εἰναι·
1528 2193 1676 2261 οἰκέειν

371 2292 442 2383 γάρ
473 2295 546 2377 ἔξω
576 2294 646 2359 τοῦ
669 2291 793 2357 Δέλτα
820 2293 885 2356 καὶ
912 2282 980 2373 σύγ
1003 2281 1237 2374 ὁμολογέειν
1259 2283 1432 2370 αύτοῐσι,
1455 2287 1676 2370 βούλεσθαί

370 2423 413 2465 τε
455 2388 623 2462 πάντων
665 2393 802 2473 σφίσιν
843 2388 990 2470 ἐξεῖναι
1026 2383 1221 2472 γεύεσθαι.
1265 2381 1284 2456 δ
1321 2391 1360 2456 δὲ
1395 2385 1491 2470 θεὸς
1526 2387 1597 2460 ούκ
1633 2391 1675 2459 έα

370 2498 495 2579 σφέας
525 2492 679 2559 ποιέειν
710 2491 848 2567 ταῦτα,
881 2483 956 2571 φὰς
977 2489 1186 2572 Αἴγυπτον
1218 2485 1319 2554 εἰναι
1353 2484 1518 2576 ταύτην,
1551 2487 1624 2576 τὴν
1654 2483 1674 2558 ύ

318 2612 351 2666 ‘20
370 2601 514 2672 Νεῖλος
536 2588 661 2659 ἐπιών
682 2580 804 2673 ἄρδει,
825 2591 891 2652 καί
906 2589 1157 2672 Αἰγυπτίους
1180 2583 1280 2654 εἰναι
1301 2583 1490 2668 τούτους,
1506 2590 1545 2656 οἳ
1566 2589 1673 2675 ἔνερ-

370 2702 442 2762 θεν
463 2685 748 2774 Ἐλεφαντίνης
778 2680 920 2766 πόλιος
949 2689 1157 2766 οἰκέοντες
1183 2680 1259 2754 άπὸ
1281 2691 1354 2754 τοῦ
1376 2692 1561 2774 ποταμοῦ
1582 2686 1673 2757 τού-

369 2819 441 2862 του
471 2795 686 2860 πίνουσιν.“
721 2779 919 2871 Ἡροδότῳ
949 2788 1019 2869 μὲν
1041 2781 1135 2853 τάδε
1157 2780 1377 2872 ἱστόρηται.
1419 2780 1437 2856 δ
1466 2782 1498 2854 δ’
1516 2781 1672 2874 ’Ἀμμων

369 2887 486 2962 ούδέν
515 2918 552 2958 τι
582 2892 733 2955 κακίων
760 2887 1067 2969 διαπρεσβεύσαι
1094 2880 1141 2952 τά
1164 2879 1348 2970 δαιμόνια
1371 2877 1391 2971 ἢ
1413 2888 1450 2954 οί
1471 2881 1672 2956 Ἰουδαίῳν

368 2987 545 3079 άγγελοι·
576 2980 679 3054 ὥστε
709 2979 826 3052 ούδὲν
857 2977 999 3052 ἄδικον
1031 2979 1222 3064 ἑκάστους
1248 2983 1295 3054 τὰ
1321 2988 1496 3072 σφέτερα
1523 2982 1671 3074 νόμιμα

316 3109 348 3164 25
367 3086 611 3180 θρησκεύειν.
654 3079 789 3172 άμέλει
818 3090 1013 3152 πλεῖστον
1043 3079 1177 3151 αὐτῶν
1208 3078 1423 3171 εύρὴσομεν
1450 3111 1550 3153 κατα
1572 3085 1671 3173 ἔθνη

366 3189 411 3261 τὸ
433 3192 642 3274 διαφέρον,
672 3189 736 3252 καὶ
768 3175 875 3270 ὅμως
905 3183 1065 3250 ἕκαστοι
1088 3177 1202 3250 αύτοί
1228 3178 1399 3269 μάλιστα
1425 3209 1468 3251 ευ
1491 3191 1669 3272 νομίζειν

450 3393 465 3448 1
486 3389 549 3458 Vgl.
568 3387 664 3458 Ephes.
683 3387 707 3448 2,
727 3386 767 3439 12.
786 3415 818 3424 -
841 3385 859 3440 2
879 3384 941 3454 vgl.
961 3385 1061 3439 Matth.
1079 3387 1102 3451 6,
1123 3387 1162 3438 13.
1181 3386 1250 3441 -θ
1273 3386 1371 3438 ἰετεια.
1393 3388 1431 3446 10,
1452 3388 1491 3440 19.
1516 3388 1615 3450 1122.
1635 3418 1665 3426 -

365 3481 401 3534 11
421 3475 543 3531 Herodot
559 3475 585 3526 ΙΙ
604 3473 644 3527 18.

446 3662 460 3715 ί
482 3653 683 3729 οἰνετρέψαμεν
708 3655 814 3717 MW‘.
837 3653 888 3707 Ηο.
899 3653 942 3722 Sp.
967 3670 1012 3705 am
1030 3651 1122 3712 Rand.
1146 3653 1204 3707 Del.
1226 3653 1264 3706 im
1287 3654 1367 3718 Text3
1394 3641 1598 3726 εἰνατρέῳάμεν
1616 3658 1664 3726 [so]

362 3752 398 3801 Α1
414 3747 450 3815 18
468 3741 640 3810 έκκειμένοις
657 3738 780 3793 schreibe
797 3737 842 3790 ich
860 3738 911 3791 mit
928 3737 1010 3790 Guiet
1028 3738 1083 3805 (bei
1101 3738 1159 3792 Del.
1177 3740 1189 3792 l
1207 3739 1257 3792 603
1275 3740 1354 3791 Anm.
1373 3741 1407 3799 ιδ,
1427 3740 1481 3807 vgl.
1499 3741 1570 3794 oben
1589 3741 1613 3793 V
1632 3744 1665 3796 33

361 3832 387 3886 S.
405 3833 438 3884 34
456 3830 483 3883 Z.
502 3829 547 3889 21;
574 3823 738 3896 έγκειμένας
755 3825 886 3890 AAusgg.
905 3823 909 3888 1
931 3822 970 3876 13
992 3823 1045 3876 mit
1063 3817 1146 3876 αἰτοί
1165 3841 1196 3877 τε
1214 3823 1338 3876 schliesst
1355 3823 1402 3877 fol.
1423 3827 1496 3889 131⁹,
1515 3843 1550 3878 an
1569 3826 1664 3880 dessen

360 3915 438 3970 Ende
457 3930 508 3968 von
527 3910 669 3966 derselben
687 3907 781 3970 Hand,
804 3907 848 3959 die
870 3906 915 3960 die
931 3905 1012 3959 Notiz
1030 3907 1080 3959 auf
1095 3907 1142 3959 sol.
1162 3909 1231 3960 1⁶23v
1249 3908 1425 3975 geschrieben
1444 3909 1493 3962 hat
1511 3911 1575 3978 (vgl.
1594 3913 1665 3966 oben

361 4001 385 4054 V
403 4001 444 4062 22,
462 3997 489 4054 S.
510 3997 543 4051 23
560 3996 586 4050 Z.
604 3995 660 4061 26),
687 3993 738 4046 mit
761 3991 891 4044 rbtlicher
908 3991 989 4044 Tinte
1012 3991 1188 4059 geschrieben
1206 3993 1290 4045 steht:
1315 3987 1354 4058 ζτ’
1373 3986 1497 4047 δπϊοθεν
1518 3989 1576 4065 πρὸ
1596 3992 1664 4064 ῳύλ-

359 4089 417 4139 λων
434 4092 452 4152 ῆ
467 4087 472 4151 1
490 4081 542 4136 mit
561 4077 709 4142 δοκέοντες
725 4076 842 4145 beginnt
859 4075 963 4143 infolge
981 4075 1029 4128 der
1047 4075 1117 4129 oben
1140 4077 1299 4130 erwflhnten
1317 4075 1489 4146 Verhestung
1505 4079 1552 4132 fol.
1573 4081 1640 4134 124Γ
1659 4085 1661 4099 “

359 4171 395 4224 14
413 4161 461 4240 ίρδ
481 4165 623 4238 θρησκηιή
642 4162 740 4217 Herod.
757 4162 814 4230 115
835 4155 949 4229 θήλεσιν
966 4163 990 4212 Α
1006 4161 1009 4224 Ι
1026 4153 1164 4229 έργεσθαι
1181 4160 1291 4224 Herod„
1309 4161 1358 4213 Ηδ,
1377 4179 1420 4214 am
1440 4161 1526 4226 Rand.
1551 4164 1662 4234 sp.1)e1.

358 4254 395 4306 im
412 4253 494 4316 'l'ext;
517 4246 668 4320 εἰργεοθαι
686 4249 709 4300 Α
734 4249 738 4310 1
762 4242 791 4308 ἐς
813 4245 913 4299 Herod.
931 4242 983 4310 εἰς,
1006 4245 1076 4297 doch
1095 4263 1118 4299 ει
1136 4245 1165 4297 in
1185 4246 1333 4305 Correctur.
1353 4247 1376 4298 Α
1397 4244 1437 4309 εἰς
1455 4247 1555 4315 Ausgg.
1581 4250 1584 4314 1
1609 4243 1663 4316 φά-

355 4357 445 4404 μενοι,
464 4335 572 4400 Ηετοδ.,
590 4333 641 4388 Hb.
660 4349 704 4384 am
722 4330 810 4394 Rand,
829 4330 872 4399 Sp.
883 4330 942 4383 Del.
961 4329 999 4382 im
1017 4329 1098 4392 Tem
1125 4324 1289 4398 εἰργόμενοι
1309 4330 1369 4396 (der
1391 4329 1489 4385 Fehler
1514 4333 1587 4385 wohl
1614 4351 1663 4386 aus

355 4423 418 4476 dem
438 4418 677 4488 vorausgehenden
701 4411 852 4484 εἷ’ργεοθαι
871 4414 1086 4481 εαίείουδειὴλ
1110 4416 1114 4480 1
1140 4415 1178 4468 16
1203 4415 1294 4468 hinter
1313 4413 1417 4469 οἰκέειν
1436 4426 1466 4479 1-
1485 4435 1515 4471 τε
1537 4417 1635 4472 Herod.

356 4509 391 4563 17
413 4501 473 4575 ούχ1
489 4501 569 4560 οὐδὲν
581 4503 680 4557 Herod.
697 4505 701 4569 1
719 4500 755 4556 18
773 4493 805 4554 έα
819 4498 917 4552 Herod.
932 4494 965 4572 ἐᾷ
982 4501 1112 4567 AAusgg.
1129 4501 1132 4564 1
1150 4501 1188 4554 19
1208 4517 1298 4567 σφεας
1312 4519 1359 4554 vor
1372 4496 1425 4556 ούκ
1437 4501 1472 4570 (Ζ.
1484 4506 1525 4570 181
1540 4503 1638 4557 Herod.
1657 4507 1660 4570 1

353 4586 405 4659 την
422 4590 530 4651 Herod..
549 4588 599 4642 Ηδ.
618 4605 663 4641 am
685 4585 776 4644 θυοδ,
795 4584 838 4652 Sp.
848 4581 906 4638 Del.
925 4581 964 4634 im
981 4583 1061 4644 Tem
1089 4573 1124 4650 ἢν
1142 4584 1184 4650 ΑΙ
1206 4585 1246 4640 20
1265 4585 1434 4654 Αἰγυπτίους
1453 4585 1659 4658 Ηοτοδέοεςη.

354 4671 499 4744 Αἰγύπτου
517 4672 614 4741 Α122
635 4665 657 4725 δ
678 4675 702 4724 A
720 4667 748 4724 δε
766 4671 866 4735 Ausgg.
883 4667 887 4734 1
904 4665 942 4720 24
961 4660 1100 4730 ἑκάστους
1117 4667 1321 4738 111οΠη1οεμρ,
1342 4667 1467 4726 ἑκάστου
1484 4676 1516 4725 A.
