3790 5526
348 469 388 532 90
874 461 1095 518 ονινσνονπ

349 629 434 695 θεοῦ
461 622 698 715 θεωρημάτων
726 623 832 698 πάλαι
861 632 1069 715 παρέστησεν
1097 625 1203 695 είπῶν
1225 628 1261 695 ἐν
1284 631 1326 712 τῷ
1347 628 1450 712 βίβλῳ
1475 629 1548 692 τῶν
1568 633 1655 710 ψαλ-

347 731 438 812 μῶν·
468 729 614 809 „aivam
640 723 811 797 τὸνθεόν
841 729 873 798 οί
905 721 1071 813 οῦρανοὶ
1097 731 1172 796 τῶν
1198 719 1395 812 οῦρανῶν,
1418 728 1473 791 καί
1497 720 1538 792 τό
1560 715 1654 811 ὕδωρ

349 822 390 896 τό
411 821 569 912 ῦπεράνω
593 833 667 896 τῶν
688 821 882 913 οῦρανῶν·
912 820 1144 895 αίνεσάτωσαν
1166 821 1207 894 τό
1231 817 1339 912 ὄνομα
1359 829 1509 910 κυρίου.“

431 925 497 1012 ἐγῶ
521 930 556 995 δέ
577 920 639 996 οῦκ
661 921 888 1014 άπογινοόσκω
911 922 972 1007 τάς
990 919 1059 994 άπό
1082 927 1155 993 τοῦ
1179 928 1354 1010 Φαίδρου
1375 927 1501 1008 λέξεις
1523 918 1591 993 ἀπό
1607 951 1655 993 τι-

315 1040 423 1094 5νων
442 1019 602 1112 Ἐβραίων
631 1021 853 1114 μεμαθηκότα
883 1021 947 1094 τόν
969 1019 1179 1105 Πλάτωνα,
1207 1019 1254 1104 ῶς
1281 1027 1319 1092 δέ
1339 1049 1429 1104 τινες
1451 1017 1653 1132 ἀνέγραψαν,

263 1125 366 1191 1451’'
351 1150 401 1192 ετι
422 1128 478 1192 καί
497 1129 501 1210 Ι
521 1142 594 1205 τοῖς
614 1143 843 1212 προῳητικοις
864 1119 1052 1211 ἐντυχόντα
1074 1118 1187 1211 λόγοις
1208 1124 1431 1204 ἐκτεθεῑσθαι,
1454 1124 1491 1190 ἐν
1514 1121 1565 1204 οἷς
1587 1125 1653 1193 ἔλε-

349 1244 457 1310 γεν·,
459 1219 549 1306 ,τόν
577 1219 876 1346 ῦπερουράνιον
907 1219 1035 1294 τόπον
1066 1216 1159 1292 οῦτε
1191 1248 1252 1302 τις
1277 1213 1423 1309 ῦμνησε
1450 1227 1533 1291 τῶν
1559 1228 1653 1310 τῇδε

348 1319 519 1411 ποιητὴς
545 1317 640 1393 οῦτε
665 1319 829 1412 ῦμνήσει
855 1350 927 1392 κατ
928 1317 1101 1408 ἀξίανίί
1122 1349 1177 1391 και
1199 1349 1243 1390 τα
1265 1321 1353 1408 εξι
1375 1323 1485 1402 νοίς
1506 1324 1577 1390 ἐστι
1598 1326 1653 1390 καί

298 1537 331 1592 10
349 1516 515 1590 ουσία
497 1549 626 1602 οντως
655 1512 753 1592 οῦσα
783 1527 907 1612 ψυχῆς
936 1517 1159 1609 κυβερνήτῃ
1188 1526 1242 1607 νῷ
1269 1515 1377 1608 μόνῳ
1401 1519 1539 1638 θεατή,
1562 1527 1653 1639 περὶ
1694 1557 1696 1560 ·

350 1614 396 1690 όν
427 1616 473 1690 τό
503 1625 575 1709 τῆς
604 1617 780 1709 ἀληθοῦς
810 1617 1029 1709 ἐπιστήμης
1064 1625 1176 1706 γένος
1207 1623 1356 1689 τοῦτον
1383 1621 1460 1706 ἔχει
1488 1616 1561 1689 τόν
1588 1615 1654 1690 τό·

347 1725 456 1790 πον.“
497 1728 553 1789 καὶ
583 1715 641 1790 ἀπ’
663 1724 804 1790 ἐκείνων
833 1746 869 1808 γε
900 1727 974 1790 τῶν
1004 1714 1119 1807 λόγων
1142 1724 1337 1801 παιδευθείς
1359 1712 1378 1788 6
1401 1723 1534 1800 Παῦλος
1556 1713 1653 1808 ήμῶν

347 1824 405 1886 καὶ
430 1825 557 1889 ποθῶν
584 1817 626 1890 τά
652 1815 858 1907 ῦπερκόσμια
878 1825 933 1888 καί
960 1814 1246 1906 ῦπερουζράνια
1267 1823 1322 1888 καί
1344 1813 1386 1887 δι’
1408 1822 1517 1888 ἐκεῖνα
1538 1813 1653 1888 πάντα
1669 1833 1720 1886 645

346 1914 522 2006 πράττων,
555 1913 598 1990 ἵν’
620 1915 737 1990 αὐτῶν
768 1917 865 2006 τῦχῃ,
898 1925 1000 2006 φησίν
1031 1922 1068 1988 ἐν
1093 1925 1137 2006 τῇ
1164 1921 1302 2007 δευτέρῃ
1331 1914 1418 2006 πρὸς
1446 1923 1653 2004 Κορινθίους

297 2035 330 2089 15
348 2019 527 2105 ἐπιστολή·
565 2017 628 2103 ,τό
666 2016 728 2107 γάρ
762 2025 953 2106 παραυτίκα
987 2014 1138 2104 ἐλαφρόν
1173 2021 1234 2104 τῆς
1264 2023 1418 2100 θλίψεως
1445 2011 1542 2105 ήμῶν
1571 2011 1651 2086 καθ’

347 2111 540 2206 ῦπερβολήν
570 2123 617 2199 είς
646 2113 837 2206 ῦπερβολήν
868 2116 1008 2188 αἰώνιον
1037 2113 1138 2202 βάρος
1169 2111 1268 2204 δόξης
1297 2113 1537 2203 κατεργάζεται
1565 2111 1650 2205 ήμιν,

346 2215 391 2304 μή
414 2214 639 2288 σκοπούντων
660 2213 757 2306 ήμῶν
779 2214 822 2286 τά
843 2211 1033 2304 βλεπόμενα
1055 2211 1141 2286 ἀλλὰ
1163 2213 1205 2285 τά
1225 2214 1269 2304 μή
1292 2212 1494 2302 βλεπόμενα·
1523 2213 1566 2286 τό
1589 2213 1651 2304 γάρ

347 2311 536 2404 βλεπόμενα
558 2313 755 2405 πρόσκαιρα,
779 2313 821 2386 τά
844 2320 879 2386 δέ
900 2313 944 2403 μή
967 2311 1156 2402 βλεπόμενα
1178 2314 1327 2386 αίῶνιιι.“

431 2436 499 2503 ΧΧ.
530 2427 704 2521 Αντικρυς
735 2431 797 2520 γάρ
829 2451 901 2514 τοῖς
931 2427 1066 2502 ἀκούειν
1096 2436 1292 2550 δυναμένρις
1317 2439 1496 2520 παρίστησι
1522 2431 1565 2502 τὰ
1591 2461 1653 2522 μεν

295 2547 330 2602 20
347 2529 495 2619 αἰσθητά
522 2537 630 2652 λέγῳν
657 2529 742 2602 αῦτά
768 2527 1008 2618 ,βλεπόμεναζ
1031 2529 1073 2601 τὰ
1096 2535 1131 2599 δὲ
1153 2529 1262 2618 νοητά
1282 2535 1338 2600 καὶ
1361 2537 1410 2620 νῷ
1433 2527 1528 2621 μόνῳ
1550 2559 1650 2603 κατα·

348 2629 462 2718 ληπτά
493 2625 671 2719 ὀνομάζων
701 2630 764 2720 ,μή
790 2625 1008 2719 βλεπόμενα.“
1052 2619 1155 2711 οὗτος
1186 2635 1221 2700 δέ
1256 2636 1312 2700 καί
1339 2626 1567 2719 ,πρόσκαιρα“
1589 2638 1651 2752 μὲρ

347 2731 418 2801 οίδε
447 2728 490 2800 τά
521 2729 665 2819 αἰσθητά
695 2736 750 2800 καί
780 2726 1050 2818 ,βλεπόμενα,’,
1053 2729 1201 2812 ,αἰῶνια“
1235 2733 1271 2798 δέ
1297 2727 1339 2799 τὰ
1371 2729 1478 2818 νοητά
1504 2737 1559 2801 καί
1588 2731 1650 2820 ..μή

347 2825 571 2918 βλεπόμεναίί·
593 2836 648 2901 καί
666 2827 870 2919 βουλόμενος
890 2830 977 2916 πρὸς
1000 2859 1042 2918 τῃ
1027 2834 1204 2900 ’ἐκείνων
1225 2835 1299 2918 θέᾳ
1320 2834 1477 2916 γενέσθαι
1498 2826 1566 2902 ῦπὸ
1589 2839 1651 2902 τοῦ

347 2927 434 3016 πρὸς
462 2933 572 3000 ἐκεῖνα
603 2926 719 3000 πόθου
749 2927 981 3018 βοηθοόμενος
1009 2934 1121 2999 πᾶσαν
1151 2937 1273 3016 θλίψιν
1302 2926 1343 2998 τό
1373 2925 1472 2999 οῦδὲν
1497 2939 1553 3000 καί
1579 2935 1651 3001 έλα-

295 3051 329 3106 25
348 3026 441 3117 ῳράν
472 3058 549 3100 τινα
578 3028 729 3118 ἐνόμιζεν
759 3031 854 3100 εἶναι·
883 3035 939 3099 καὶ
968 3023 1046 3116 παρ’
1069 3023 1177 3098 αῦτόν
1205 3024 1268 3098 τόν
1295 3033 1378 3116 ,τῆς
1401 3037 1573 3116 θλίψεως(
1595 3039 1650 3102 καὶ

347 3135 422 3200 τῶν
451 3129 572 3201 πόνων
600 3129 720 3218 καιρόν
750 3134 909 3219 μηδαμῶς
935 3133 997 3213 μὲν
1022 3125 1226 3216 βαροῦμενσς
1246 3122 1301 3196 ὑπ’
1326 3123 1451 3212 αῦτῶν,
1474 3133 1651 3218 ἐπελαψρί-

347 3240 417 3315 ζων
439 3233 474 3298 δέ
496 3229 551 3300 διά
573 3227 638 3318 τήν
658 3235 734 3316 περὶ
756 3233 865 3298 ἐκεῖνα
887 3233 935 3298 θέ
939 3255 986 3297 αν
1007 3233 1119 3299 πᾶσαν
1141 3234 1349 3314 περίστασιν·
1371 3232 1442 3299 ἐπεὶ
1464 3237 1520 3299 καὶ
1535 3233 1653 3319 ἔχομεν

347 3325 438 3417 ήμεῑς
466 3323 637 3416 ,ἀρχιερέα
663 3333 786 3416 μέγανίί
815 3335 864 3418 τῷ
891 3333 1024 3417 μεγέθει
1051 3333 1112 3416 τῆς
1139 3323 1311 3415 δυνάμεως
1337 3333 1392 3398 καί
1420 3335 1482 3398 τοῦ
1508 3336 1570 3399 νοῦ
1596 3328 1651 3400 αῦ-

347 3435 410 3499 τοῦ
444 3427 694 3517 ,διεληλυθότα
723 3426 803 3509 τοῦς
840 3425 1048 3515 οῦρανοῦς,
1085 3423 1212 3515 Ἰησοῦν
1243 3423 1306 3496 τόν
1337 3424 1412 3497 υἱόν
1444 3433 1508 3498 τοῦ
1537 3435 1648 3510 θεοῦ,“

429 3614 447 3669 2
469 3614 541 3670 Psal.
560 3613 617 3675 148,
635 3617 660 3668 4.
677 3617 701 3668 5.
719 3643 753 3654 -
774 3613 794 3669 4
811 3614 873 3682 Vgl.
892 3615 963 3668 oben
981 3613 1018 3667 VI
1037 3617 1077 3681 17,
1095 3613 1121 3667 S.
1139 3615 1172 3668 87
1191 3612 1216 3666 Z
1235 3616 1277 3668 21.
1295 3644 1328 3654 —
1346 3615 1364 3670 5
1388 3615 1451 3682 vgl.
1469 3615 1609 3686 Iosephus,
1628 3634 1650 3673 c.

344 3699 443 3770 Apion.
462 3701 487 3754 II
504 3701 538 3754 30
550 3699 618 3764 (256.
631 3700 698 3766 257).
721 3698 820 3765 Justin,
834 3699 913 3770 Apol.
926 3699 991 3756 159.
1004 3701 1045 3756 60.
1069 3699 1178 3754 eohort.
1191 3697 1255 3768 Cap.
1267 3699 1357 3754 XXIX
1371 3699 1434 3766 (vol.
1447 3701 1459 3753 I
1471 3719 1497 3772 p.
1508 3703 1650 3766 158-16‘2,

345 3785 490 3856 11p.100.
510 3787 560 3841 102
582 3783 623 3838 εδ.
642 3783 724 3852 Otto).
759 3783 884 3838 Clemens
907 3783 996 3850 Alex„
1019 3783 1151 3852 ProtrepI
1175 3781 1238 3852 Cap.
1257 3781 1338 3838 LXX.
1368 3783 1505 3854 Pfidagog.
1524 3787 1549 3838 II
1568 3789 1590 3850 1,
1610 3787 1649 3840 18.

345 3869 444 3924 Strom.
462 3871 474 3923 I
493 3873 523 3933 1,
542 3869 581 3924 10.
605 3869 646 3933 22,
665 3869 723 3924 150.
748 3867 773 3920 V
792 3872 815 3934 5,
834 3869 867 3923 29
885 3869 919 3937 (p.
939 3869 979 3923 60.
998 3869 1055 3922 170.
1073 3869 1131 3922 321.
1149 3869 1200 3923 410
1209 3885 1248 3935 sq.
1267 3869 1317 3922 002
1326 3885 1365 3936 sq.
1383 3867 1425 3923 ed.
1443 3869 1557 3937 Ροίίετ).
1581 3901 1613 3910 -
1636 3869 1650 3924 7

344 3955 431 4023 Plato,
446 3955 545 4008 Phadr.
565 3953 629 4024 Gap.
642 3952 743 4006 XXVII
761 3971 786 4023 p.
800 3954 848 4006 247
862 3951 889 4006 G.
907 3981 940 3990 -
958 3953 977 4005 θ
996 3951 1083 4014 Plato,
1101 3951 1201 4005 Phadr.
1214 3953 1278 4022 Cap.
1291 3951 1393 4006 XXVII
1411 3971 1436 4024 p.
1454 3955 1502 4009 247
1516 3953 1544 4007 C.
1562 3983 1595 3992 -
1616 3955 1650 4009 16

345 4041 370 4094 II
388 4040 451 4096 Kor.
470 4043 553 4106 4,17.
573 4039 612 4092 18.
635 4067 668 4076 -
694 4037 733 4092 20
756 4036 819 4105 Vgl.
838 4037 862 4090 II
882 4037 944 4090 Kor.
962 4039 986 4098 4,
1005 4037 1044 4090 18.
1064 4065 1097 4074 -
1115 4035 1155 4090 28
1174 4053 1199 4089 u.
1220 4037 1257 4093 27
1278 4036 1340 4106 VgI.
1360 4038 1447 4104 Plato,
1466 4038 1566 4092 Phadr.
1585 4038 1649 4108 Cap.

344 4123 434 4179 XXVI
452 4143 477 4194 p.
495 4124 544 4178 247
563 4127 594 4176 A.
613 4153 646 4162 —
664 4121 703 4178 24
722 4121 784 4191 Vgl.
803 4121 828 4174 II
847 4119 909 4174 Kor.
928 4123 952 4184 4,
972 4122 1010 4174 17.
1030 4149 1062 4158 -
1081 4119 1117 4175 27
1139 4119 1202 4189 vgl.
1221 4119 1345 4182 Hebr.4,
1365 4125 1404 4176 14.

430 4292 449 4346 0
472 4283 512 4345 ἐτι
531 4289 738 4359 M⁰⁰“·Ausgg.
758 4280 800 4344 ότι
821 4291 843 4342 Α
862 4288 867 4356 1
888 4281 983 4358 ἔλεγεν
1001 4289 1024 4342 Α
1043 4281 1121 4356 ἐλεγε
1140 4291 1241 4356 Ausgg.
1258 4289 1261 4356 Ι
1280 4289 1294 4344 7
1319 4289 1409 4343 ίτίυίετ
1428 4281 1535 4359 λ’·μνησε
1553 4295 1585 4354 -I-
1603 4308 1648 4344 πω

344 4375 531 4444 PlatoAusgg.
556 4377 560 4443 Ι
586 4377 603 4431 8
628 4368 693 4430 οῦτε
711 4367 829 4443 ὑμνήσει
847 4375 872 4426 Δ
891 4365 956 4427 οὔτε
973 4365 1041 4428 ποθ’
1061 4366 1178 4442 ῦμνήσει
1196 4373 1384 4443 PlatoAusgg.
1404 4377 1408 4442 1
1431 4376 1468 4430 10
1492 4371 1649 4446 κυβερνήτῃ

345 4466 385 4534 νῷ
401 4454 482 4532 μόνῳ
500 4451 591 4527 θεατή
609 4457 688 4514 Ano.
706 4459 744 4512 im
755 4458 830 4526 Text,
849 4453 1007 4530 κυβερνήτῃ
1024 4453 1105 4531 μόνῳ
1123 4451 1213 4526 θεατή
1232 4464 1271 4532 νῷ
1288 4459 1376 4523 Plato,
1394 4455 1550 4530 κυβερνήτῃ
1568 4457 1649 4531 μόνῳ

343 4547 436 4612 θεατῃ
455 4547 494 4617 νῷ
509 4543 552 4613 Sp.
566 4543 602 4596 Im
616 4542 692 4606 Text.
709 4539 912 4614 κυβερνήτειρα
931 4547 972 4616 νῷ
989 4539 1069 4614 μόνῳ
1083 4537 1172 4611 θεατή
1190 4542 1239 4596 Ηδ.
1254 4559 1278 4596 υ.
1292 4543 1335 4612 Sp.
1345 4559 1391 4596 am
1403 4543 1497 4606 Rand;
1514 4549 1646 4615 κυβερνῆ·

344 4647 387 4692 τις
404 4633 444 4701 νῷ
461 4622 542 4700 μόνῳ
554 4623 646 4697 θεατή
659 4626 745 4681 PDeI.
761 4629 765 4695 Ι
782 4629 818 4682 11
840 4617 883 4696 όν]
898 4617 932 4696 ἢν
943 4627 1022 4680 Plato
1039 4629 1042 4696 Ι
1060 4626 1098 4682 18
1111 4622 1147 4680 τά
1161 4636 1193 4685 <
1205 4627 1313 4696 Sp.Del.
1329 4631 1333 4696 Ι
1349 4627 1389 4684 24
1402 4629 1504 4698 θλίψιν
1516 4633 1647 4698 AAusgg.
