3780 5532
353 516 416 580 226
892 510 1115 567 ΩΡΙΡΕΝΟΥΣ

437 676 507 744 VII.
547 668 619 744 Εἶτ’
642 677 713 744 ἐπεὶ
745 677 837 760 ἔδοξε
872 679 946 746 τών
982 680 1199 764 φαινομένων
1234 670 1329 763 αύτῷ
1360 671 1553 764 βαθύτερόν
1583 707 1661 749 τινα

353 791 461 844 κινεῖν
491 768 596 862 λόγον
627 766 646 844 ό
669 779 797 858 Κέλσος
823 781 902 863 περὶ
928 769 1072 863 ἡρώων
1097 781 1154 845 καί
1181 801 1288 846 τινων
1309 769 1526 863 δαιμόνων,
1549 781 1659 864 λέγων

353 871 438 962 μετὰ
454 871 518 944 τὸν
532 878 608 961 περὶ
624 878 686 962 τῆς
702 874 789 960 πρὸς
810 867 1054 961 ἀνθρώπους
1076 879 1258 955 δουλείας
1280 867 1394 962 λόγον,
1411 870 1464 956 ώς
1486 881 1660 956 βλαπτο-

352 977 475 1060 μένου
514 978 585 1042 τοῦ
625 977 809 1061 προτέρου,
844 962 873 1062 ᾦ
913 1001 974 1054 τις
1010 970 1216 1042 δουλεύειν
1253 973 1425 1058 βούλεται,
1467 973 1527 1045 ἐὰν
1569 979 1659 1045 δου-

319 1067 485 1142 δλεύειν
526 1076 611 1157 θέλη
649 1077 714 1142 καί
753 1075 915 1161 δευτέρῳ,
955 1065 1010 1142 ότι
1049 1074 1099 1161 εἴη
1137 1068 1170 1144 δ’
1197 1065 1240 1143 άν
1278 1072 1320 1144 τὸ
1359 1068 1446 1144 αὐτὸ
1477 1081 1533 1143 καὶ
1568 1081 1659 1162 περί

354 1166 498 1259 ἡρώων
529 1197 572 1241 τε
601 1177 665 1242 καί
697 1176 780 1241 τών
811 1167 1015 1242 τοιούτων
1045 1166 1259 1258 δαιμόνων·
1287 1177 1452 1243 πευστέον
1479 1168 1599 1258 αύτοῦ,
1625 1181 1658 1244 τί

351 1287 425 1339 νοεῖ
445 1268 525 1351 τούς
545 1262 699 1358 ἥρωας,
720 1277 777 1341 καὶ
798 1268 974 1351 ποδαπούς
995 1269 1080 1339 είναι
1102 1276 1188 1356 λέγει
1216 1271 1312 1353 τούς
1336 1269 1555 1354 τοιούτους
1578 1279 1658 1346 δαί·

350 1394 489 1455 μονας;
511 1362 600 1440 ώοτε
615 1366 678 1441 τόν
701 1366 949 1442 δουλεύοντα
970 1373 1060 1458 τῷδε
1082 1375 1134 1458 τῷ
1156 1363 1261 1457 ήρωῖ
1280 1369 1400 1460 καὶμὴ
1422 1371 1546 1462 ἑτέρῳ
1569 1377 1658 1445 δου-

351 1467 487 1538 λεύειν
509 1475 587 1555 δεῖν,
613 1475 670 1539 καὶ
691 1473 743 1556 τῷ
766 1473 912 1557 τοιῷδε
942 1473 1102 1556 δαίμονι
1131 1467 1180 1557 μή
1210 1474 1275 1538 καί
1305 1463 1411 1559 ἄλλῳ
1435 1468 1657 1544 δουλεύειν·

301 1575 334 1630 10
351 1563 399 1651 ώς
420 1573 706 1658 βλαπτομένου
726 1563 898 1655 ἀνάλογον
916 1585 988 1649 τοῖς
1009 1573 1305 1657 βλαπτομένοις
1326 1564 1562 1657 ἀνθρώποις
1582 1579 1656 1644 τοῦ

350 1673 520 1756 προτέρου
545 1672 749 1756 δαίμονος,
781 1666 831 1749 οίς
862 1695 915 1748 τις
943 1663 1123 1755 έλάτρευσε
1150 1665 1218 1756 πρὸ
1245 1671 1320 1738 τών
1347 1673 1525 1756 δευτέρων.
1568 1667 1655 1743 ἀλλά

349 1774 404 1838 καί
427 1775 504 1838 τίνα
532 1764 683 1857 βλάβην
705 1769 811 1837 οἴεται
834 1767 919 1836 είναι
941 1761 1086 1854 ἡρώων
1108 1759 1128 1854 ἢ
1151 1773 1225 1837 τών
1247 1773 1417 1838 τοιῶνδε
1439 1764 1654 1857 δαιμόνων,

347 1864 610 1956 παραστησότω.
652 1859 944 1954 ἀναγκασθήσεται
974 1862 1037 1952 γάρ
1068 1861 1146 1953 ἦτοι
1173 1870 1219 1948 είς
1244 1872 1390 1954 πέλαγος
1417 1876 1582 1956 φλυαρίας
1602 1874 1654 1960 έμ-

347 1968 462 2038 πεσών
491 1963 671 2052 ἀναλαβεῖν
700 1963 764 2036 τόν
790 1960 895 2053 λόγον
920 1970 976 2034 καλ
998 1959 1164 2053 ἀθετῆσαι
1186 1963 1229 2036 τά
1250 1970 1404 2054 εἰρημένα
1434 1960 1455 2054 ἢ
1479 1966 1524 2056 μὴ
1551 1976 1655 2055 φλυα-

298 2076 330 2129 15
348 2085 418 2155 ρεῖν
454 2073 570 2139 θέλων
606 2061 784 2153 ὁμολογεῖν
821 2057 876 2134 ότι
909 2058 991 2133 οὔτε
1027 2056 1159 2152 ήρωας
1196 2059 1276 2136 οὔτε
1312 2061 1516 2154 δαιμόνων
1552 2065 1653 2154 φύσιν

347 2170 533 2236 έπίσταται.
574 2169 619 2248 είς
641 2170 676 2235 δέ
699 2161 762 2235 τόν
782 2168 859 2252 περὶ
882 2158 1112 2250 ἀνθρώπων
1132 2158 1245 2250 λόγον,
1268 2173 1558 2254 βλαπτομένων
1580 2176 1653 2240 τών

346 2272 542 2355 προτέρων,
579 2263 638 2335 έάν
677 2260 845 2348 δουλεύη
883 2290 943 2346 τις
982 2267 1143 2352 δευτέρῳ,
1179 2270 1330 2334 λεκτέον·
1366 2271 1471 2336 ποίαν
1504 2263 1652 2356 βλάβην

347 2372 429 2454 φησὶ
453 2372 604 2454 γίνεσθαι
627 2369 681 2453 τῷ
704 2366 862 2450 προτέρῳ
885 2357 1103 2451 ἀνθρώπῳ,
1127 2367 1155 2432 εί
1179 2357 1198 2434 ὁ
1225 2361 1429 2435 δουλεύων
1450 2360 1543 2455 αύτῷ
1564 2372 1652 2437 δου-

347 2461 477 2536 λεύειν
499 2469 609 2536 έθέλει
629 2469 685 2533 καὶ
708 2461 846 2550 ἑτέρῳ;

294 2597 328 2654 20
428 2585 514 2652 VIII.
552 2583 594 2650 Εί
622 2585 684 2669 μὲν
715 2575 777 2667 γάρ
811 2573 859 2660 ώς
889 2575 1028 2666 ἰδιώτης
1059 2583 1151 2666 λέγοι
1180 2583 1236 2648 καί
1262 2573 1477 2665 ἀφιλόσοφον
1501 2576 1651 2670 βλάβην

345 2679 410 2770 τήν
439 2687 515 2768 περὶ
546 2675 731 2768 χρημάτων
760 2683 834 2748 τῶν
864 2674 963 2758 ἐκτός
992 2671 1070 2764 ἡμῖν
1102 2681 1372 2765 σημαινομένων,
1403 2680 1576 2769 ἐλεγχθείη
1608 2673 1650 2750 ἀν

344 2777 424 2870 μηδ’
447 2776 628 2868 ἐπιστήσας
659 2783 710 2867 τῷ
739 2772 807 2847 ύπὸ
829 2772 1040 2864 Σωκράτους
1069 2783 1184 2858 καλῶς
1214 2779 1377 2866 εἰρημένῳ
1410 2781 1447 2848 έν
1477 2784 1545 2866 τώ·
1574 2783 1650 2869 ,ἐμὲ

343 2886 379 2951 δέ
396 2876 536 2962 ’Ἁνντος
556 2883 613 2949 καί
628 2882 784 2965 Μέλητος
809 2871 1006 2946 ἀποκτείνω
1027 2879 1088 2962 μὲν
1109 2875 1282 2958 δύνανται,
1304 2872 1451 2963 βλάψαι
1473 2883 1509 2947 δὲ
1530 2873 1587 2948 ού·
1609 2875 1651 2950 ού

343 2979 405 3069 γάρ
440 2976 583 3068 θεμιτόν
612 2974 653 3048 τὸ
682 2994 840 3064 κρεῖττον
864 2972 931 3045 ύπό
963 2980 1026 3045 τοῦ
1054 2983 1208 3063 χείρονος
1229 2971 1513 3058 βλάπτεσθαι.“
1556 2980 1584 3047 εί
1613 2983 1649 3049 δέ

290 3095 324 3150 25
342 3078 492 3169 βλάβην
513 3076 578 3168 τήν
599 3085 731 3166 κίνησιν
753 3069 773 3165 ἢ
796 3079 905 3163 σχέσιν
927 3079 1019 3163 λέγοι
1039 3074 1127 3145 κατὰ
1148 3082 1279 3158 κακίαν,
1302 3080 1406 3163 δῆλον
1426 3068 1480 3146 ότι
1496 3071 1648 3164 οὐδεμιᾶς

341 3185 521 3269 γινομένης
551 3173 700 3266 βλάβης
729 3181 805 3263 περὶ
836 3173 918 3257 τούς
949 3173 1076 3261 σοφούς
1106 3172 1286 3245 δουλεύει
1318 3204 1369 3256 τις
1396 3177 1432 3244 ἐν
1459 3173 1648 3265 διεστηκόσι

341 3274 463 3362 τόποις
494 3269 569 3348 οὖσι
600 3273 660 3348 δύο
691 3291 818 3361 σοφοῖς.
862 3276 891 3344 εί
920 3269 953 3344 δ’
980 3269 1058 3346 ούδέ
1088 3281 1193 3346 τοῦτο
1225 3269 1380 3361 εὔλογον,
1411 3269 1522 3364 μάτην
1552 3273 1647 3365 αύτῷ

340 3386 564 3468 παρείληπται
591 3373 633 3448 τὸ
662 3371 871 3464 παράδειγμα
900 3378 1117 3463 κατηγοροῦν
1147 3379 1211 3445 τοῦ
1244 3369 1373 3458 ,ούδείς
1405 3371 1545 3444 δύναται
1574 3380 1647 3446 δυσί

339 3485 495 3566 κυρίοις
518 3475 756 3558 δουλεύειν,“
778 3477 986 3563 καὶμᾶλλον
1008 3468 1027 3544 ό
1049 3479 1125 3561 περὶ
1147 3479 1208 3562 τής
1224 3471 1342 3562 (πρὸς)
1359 3469 1431 3544 τὸν
1452 3471 1550 3544 θεὸν
1573 3481 1646 3546 τών

288 3593 322 3650 30
340 3571 433 3650 όλων
467 3581 650 3657 δουλείας
678 3569 786 3663 μόνον
816 3571 870 3643 διά
899 3577 963 3644 τοῦ
990 3569 1224 3662 προσάγοντος
1250 3579 1306 3662 τῷ
1331 3578 1411 3661 θεῷ
1438 3573 1513 3643 υίού
1540 3570 1646 3645 αύτοῦ

338 3673 497 3766 κρατήσει
519 3672 626 3765 λόγος.
671 3671 832 3744 ἀλλὰκαὶ
854 3667 915 3760 ούχ
942 3667 994 3754 ώς
1021 3667 1212 3760 δεόμενον
1239 3671 1310 3744 τὸν
1331 3670 1432 3742 θεὸν
1452 3672 1644 3760 θεραπεύ-

338 3801 458 3866 σομεν
489 3771 562 3847 οὐδ’
587 3772 640 3858 ώς
671 3769 940 3858 λυπούμενον,
972 3765 1015 3840 ἀν
1039 3770 1084 3860 μή
1115 3770 1403 3860 θεραπεύωμεν
1431 3767 1546 3858 αότὸν,
1569 3768 1643 3844 ἀλλ’

423 3979 463 4036 22
483 3979 544 4050 vgl.
564 3979 653 4042 Plato,
672 3977 751 4047 Apol.
771 3974 835 4044 Cap.
854 3973 945 4028 XVIII
962 3989 989 4044 p.
1008 3974 1042 4028 30
1054 3973 1074 4026 C
1087 3974 1120 4028 D.
1137 4004 1170 4013 -
1189 3974 1228 4032 28
1247 3975 1345 4030 Matth.
1358 3977 1382 4043 6,
1399 3977 1441 4032 24.
1463 3975 1585 4042 hum,
1602 3979 1642 4032 13.

420 4165 437 4219 2
459 4172 548 4220 κινεῖν
565 4164 702 4231 MAungg.
720 4161 831 4216 κινεῖΔ
855 4160 860 4227 l
885 4158 923 4214 12
941 4161 990 4214 καί
1011 4158 1074 4214 τίνα
1092 4159 1121 4222 Ρ,
1137 4159 1188 4213 Ηό.
1198 4158 1241 4229 Sp.
1260 4176 1305 4212 am
1323 4157 1410 4224 Βουδ,
1428 4159 1488 4214 Del.
1506 4159 1544 4213 im
1562 4159 1642 4224 Τετίς

335 4248 386 4302 καί
401 4266 465 4303 τινα
483 4252 507 4302 Δ
523 4250 527 4316 1
543 4249 584 4304 20
604 4241 799 4316 ἀφιλόσοφον]
818 4237 1003 4312 ἀφιλόσοφος
1021 4247 1156 4298 vermutet
1174 4245 1222 4298 Βο.
1241 4243 1339 4312 (Notae
1355 4261 1381 4312 p.
1398 4245 1459 4312 405)
1477 4243 1616 4314 unrichh'g
1636 4250 1638 4313 j

335 4333 373 4388 21
399 4325 467 4402 ἡμῖν
485 4330 714 4402 σημαινομένων]
742 4323 823 4413 ἡμῶν
845 4329 994 4398 σημαίνων
1015 4328 1081 4382 oder
1103 4319 1171 4397 ἡμῖν
1195 4327 1407 4398 σημαινομένην
1433 4333 1568 4384 νειωυίεῖ
1592 4330 1639 4384 Βο.

335 4417 432 4486 [Notae
450 4435 475 4487 p.
493 4420 568 4487 405);
594 4417 661 4471 aber
682 4417 744 4470 eine
765 4413 916 4482 Andemng
937 4413 974 4465 ist
995 4413 1112 4481 unnIIIig
1135 4417 1140 4481 Ι
1164 4413 1203 4468 28
1226 4411 1256 4468 δὲ
1273 4415 1332 4482 (vor
1348 4407 1471 4482 Ἄνυτος)
1489 4413 1540 4468 auf
1553 4413 1641 4468 Rasur

333 4507 358 4557 A
387 4505 391 4570 Ι
421 4499 561 4572 Μέλητος]
583 4502 698 4570 μέλιτος
714 4503 846 4568 AAusgg.
870 4499 875 4566 1
899 4497 939 4553 25
958 4489 1023 4552 ούδέ
1039 4502 1107 4565 μιᾶς
1124 4499 1148 4550 Α
1164 4497 1168 4564 l
1184 4497 1224 4552 29
1244 4491 1344 4568 (πρὸς)
1363 4497 1427 4566 fflge
1448 4498 1494 4550 ioh
1514 4498 1565 4560 ein,
1585 4497 1639 4566 vgl.

333 4587 403 4641 oben
421 4587 485 4641 VIII
504 4590 527 4650 λ,
546 4587 615 4652 Ζ.3;
638 4583 706 4656 (είς)
733 4581 849 4648 P²Del.,
876 4581 941 4635 aber
968 4580 1012 4634 die
1035 4580 1184 4652 Wendung
1211 4574 1227 4650 ἡ
1254 4577 1295 4646 είς
1320 4599 1385 4637 τινα
1413 4583 1526 4638 δουλεία
1554 4582 1640 4636 findet

333 4672 390 4724 sich
413 4675 488 4726 sonet
509 4671 537 4724 in
561 4670 614 4724 den
632 4670 758 4724 Bflchem
775 4683 864 4738 gagen
882 4666 975 4722 Celsus
992 4665 1088 4734 nicht}
1105 4667 1144 4722 30
1162 4661 1234 4734 υίοῦ]
1254 4663 1305 4720 υλῶ
1323 4670 1355 4722 Δ.
