3772 5526
365 483 405 548 80
905 477 1128 534 οοιοειιοιῑ

367 643 461 726 φέρει
483 643 529 722 είς
550 640 765 728 κατασκευὴν
786 645 850 712 τοῦ
870 645 940 711 δεῖν
960 639 1005 729 μὴ
1032 635 1150 722 άπλυῦς
1176 637 1346 710 πιστεύειν
1372 633 1458 708 άλλά
1486 636 1678 726 λογισμόν

282 748 349 802 mv
366 733 527 824 ὑπέχειν
549 745 623 807 τῶν
643 743 647 826 ί
666 745 927 826 πιστευομένων,
946 736 1142 829 χρησόμεθα
1163 745 1219 808 καί
1242 734 1333 827 ἡμεῖς
1356 742 1418 808 τοῦ
1432 735 1571 808 Παύλου
1592 742 1676 823 λέξει

367 834 552 971 έγκαλούση
576 844 626 926 τῷ
654 843 726 926 είκῇ
752 838 957 922 πιστεύοντι,
984 844 1021 910 έν
1047 829 1067 926 6
1097 861 1243 927 φησιν’,
1246 835 1354 922 ,ἐκτός
1376 841 1405 906 εί
1425 835 1471 925 μὴ
1493 842 1565 924 είκῇ
1573 841 1677 907 616-

367 933 537 1006 τεύσατε.“

332 1049 349 1102 5
451 1063 491 1106 το
479 1027 723 1108 όσονδέ’
672 1041 714 1108 έπ
746 1033 840 1128 αύτῷ
868 1034 1017 1127 άναγκάζ
1000 1031 1110 1125 ζ1“ει
1089 1043 1174 1126 ημᾶς
1201 1047 1424 1124 ταυτολογείν
1451 1041 1676 1122 ταυτολογαῦν
1698 1045 1749 1100 637

367 1127 556 1216 όΚέλσος,
587 1139 696 1224 λέγων
721 1136 805 1226 μετά
832 1136 894 1220 τὰς
920 1143 1094 1228 εἰρημένας
1123 1129 1240 1262 6666)
1270 1131 1449 1222 ἀλαζόνων
1479 1130 1676 1256 άλαζονείης

368 1225 423 1304 ότι
440 1263 458 1304 ο
449 1229 647 1352 Πλάτων
670 1232 740 1308 ούκ
762 1231 1049 1358 άλαζονεύεται
1070 1263 1134 1306 και
1157 1233 1346 1322 ψεύδεται
1369 1230 1535 1321 φάσκων
1556 1229 1678 1316 αῦτός

366 1329 512 1404 καινόν
540 1331 580 1404 τι
605 1331 802 1422 εὑρίσκειν
830 1329 850 1425 ἢ
880 1329 947 1406 ἀπ’
975 1330 1149 1464 0666606
1174 1335 1315 1422 παρεόν
1340 1330 1563 1422 ἀγγέλλειν,
1590 1329 1678 1404 ἀλλ’

367 1426 524 1504 ὁπόθεν
546 1435 632 1504 ἐστὶ
654 1430 771 1504 ταῦθ’
799 1429 995 1523 όμολογεῑ.
1038 1439 1127 1506 είποι
1153 1429 1196 1504 ἄν
1218 1463 1269 1515 τις
1290 1423 1354 1504 οῦν
1374 1439 1431 1502 καί
1451 1429 1538 1520 πρός
1560 1437 1677 1514 ταῦτα,

316 1541 349 1596 10
366 1527 618 1651 βουλόμενος’
597 1538 756 1603 απαντᾶν
785 1541 835 1624 τῷ
864 1540 999 1624 Κέλσῳ,
1029 1527 1083 1604 ότι
1107 1540 1164 1604 καὶ
1189 1530 1364 1604 Πλάτων
1391 1525 1677 1617 άλαζονεύεται

366 1633 403 1700 έν
430 1638 471 1718 16
504 1638 567 1702 τοῦ
594 1628 672 1714 Διὸς
697 1629 785 1702 κατὰ
812 1629 875 1704 τόν
906 1640 1043 1721 Τίμαιον
1072 1637 1257 1754 δημηγορίᾳ
1290 1637 1450 1720 λέγων·
1448 1638 1543 1705 ,θεοί
1571 1637 1677 1712 θεῶν,

367 1720 418 1800 66
441 1731 506 1818 έγοῦ
530 1725 728 1819 δημιουργός
743 1736 799 1800 καί
812 1730 957 1820 πατὴρίί,
979 1739 1036 1802 καί
1051 1730 1095 1802 τά
1110 1733 1192 1820 ἑξῆς.
1228 1727 1302 1802 ἀλλ’
1318 1733 1347 1801 εί
1360 1726 1610 1819 άπολογὴσεταί
1626 1757 1678 1811 τις

366 1835 442 1916 περὶ
469 1827 607 1900 τούτων
632 1827 687 1949 616
715 1827 778 1900 τόν
806 1837 889 1902 νοῦν
915 1837 979 1902 τοῦ
1000 1835 1277 1950 δημηγοροῦντος
1298 1827 1390 1948 παρὰ
1413 1836 1468 1919 τῷ
1491 1825 1677 1900 Πλάτωνι

367 1926 458 2012 Διὸς,
486 1927 539 2000 διά
566 1923 643 2000 τί
623 1958 642 1998 ο
669 1923 836 2016 ἐξετάζων
863 1928 927 2001 τόν
953 1935 1036 2001 νοῦν
1063 1937 1137 2002 τῶν
1164 1925 1280 2018 λόγων
1301 1934 1364 2000 τοῦ
1386 1933 1474 1999 υίοῦ
1496 1933 1559 2000 τοῦ
1581 1934 1678 2000 θεοῦ

316 2021 388 2117 156
415 2035 488 2098 τῶν
514 2031 551 2098 έν
578 2045 650 2110 τοῖς
678 2025 871 2117 προφήταις
897 2035 960 2100 τοῦ
987 2035 1189 2118 δημιουργοῦ
1215 2026 1287 2116 οῦχὶ
1318 2033 1373 2098 καί
1404 2024 1524 2100 πλεῖόν
1552 2055 1585 2098 τι
1610 2031 1680 2116 έρεῑ

366 2123 458 2246 παρὰ
481 2125 545 2244 την
567 2129 603 2197 έν
626 2133 677 2248 66
705 2134 828 2216 Τιμαίῳ
852 2135 915 2198 τοῦ
933 2127 1017 2212 Διὸς
1038 2132 1261 2249 6666y6plav,·
1282 2125 1322 2196 τό
1346 2125 1408 2215 γάρ
1431 2134 1677 2215 χαρακτηρίζον

368 2223 431 2314 τὴν
461 2222 660 2344 θεότητα
641 2256 661 2314 η
687 2233 762 2314 περὶ
792 2223 990 2315 μελλόντων
1018 2232 1110 2298 ἐστὶν
1140 2223 1334 2317 ἀπαγγελία.
1367 2223 1408 2296 ού
1436 2221 1511 2297 κατ’
1541 2221 1677 2311 άνθρω-

367 2331 471 2442 πίνην
507 2323 608 2412 φύσιν
643 2331 835 2446 λεγομένων
869 2333 924 2396 καὶ
960 2344 1033 2410 ταῖς
1068 2323 1217 2416 ίκβάσεσι
1248 2332 1457 2414 κρινομένων
1492 2319 1548 2396 ότι
1579 2335 1677 2395 θεῖον

367 2430 498 2545 πνεῦμα
520 2415 562 2511 6v
586 2423 626 2495 τό
650 2431 758 2496 ταῦτα
779 2421 1002 2544 άπαγγέλλον.

316 2539 350 2594 20
451 2519 492 2592 ού
519 2523 618 2610 πρὸς
645 2521 777 2596 πάντα
804 2527 869 2594 οῦν
882 2522 967 2595 τὸν
996 2519 1222 2612 προσιόντα
1253 2552 1381 2614 φαμεν
1415 2517 1480 2596 ότι
1509 2531 1677 2611 πρῶτον

368 2629 586 2692 πίστευσον
614 2619 660 2692 όν
686 2629 921 2712 είσηγοῦμαί
947 2647 1011 2694 σοι
1038 2629 1188 2695 τοῦτον
1215 2623 1317 2695 είναι
1344 2623 1434 2696 υίόν
1460 2629 1571 2706 θεοῦ,
1602 2619 1677 2694 άλλ

369 2717 501 2810 ἑκάστῳ
527 2720 614 2794 κατά
642 2719 682 2793 τό
710 2729 843 2812 πρέπον
867 2719 974 2794 αὐτοῦ
1001 2730 1052 2813 τῷ
1080 2717 1158 2812 η”θει
1184 2730 1238 2792 καὶ
1265 2730 1308 2811 τῇ
1330 2719 1532 2795 καταστάσει
1553 2721 1678 2810 προσά-

369 2847 471 2908 γομεν
493 2817 556 2891 τόν
578 2818 690 2912 λόγον,
717 2819 888 2912 μαθόντες
914 2827 1066 2908 ,είδέναε1
1094 2829 1170 2905 πῶς
1192 2829 1243 2894 δεῖ
1264 2819 1347 2912 ἡμᾶς
1369 2823 1418 2895 ἑνί
1440 2819 1571 2912 ἑκάστῳ
1594 2819 1678 2894 660-

368 2927 577 3008 κρίνασθαι.“
618 2930 675 2993 καί
706 2929 788 2993 είσίν
818 2921 869 3004 οίς
898 2933 1018 2994 πλεῖον
1047 2919 1092 3012 μὴ
1124 2927 1319 3008 δυναμένοις
1350 2929 1414 2994 τοῦ
1439 2929 1678 3012 προτραπηναι

317 3035 350 3091 25
369 3024 415 3101 είς
443 3017 483 3090 τό
511 3020 718 3092 πιστεύειν
744 3027 849 3094 τοῦτο
875 3018 1098 3148 κηρύττομεν,
1130 3016 1247 3104 ἄλλοις
1277 3027 1312 3092 δὲ
1343 3013 1404 3111 666
1432 3020 1570 3144 δύνημις
1595 3019 1677 3094 άπο-

369 3125 545 3202 δεικτικῶς
571 3117 612 3239 δί
635 3118 838 3210 ἐρωτήσεων
863 3129 916 3192 καὶ
945 3118 1161 3210 ἀποκρίσεων
1182 3117 1447 3212 προσερχόμεθα.
1490 3118 1564 3193 ἀλλ’
1586 3119 1677 3194 οῦδὲ

369 3223 538 3308 λέγομεν
560 3217 600 3288 τό
621 3218 705 3306 μετά
726 3217 887 3308 χλεύης
867 3217 934 3291 υπό
951 3249 1014 3291 του
998 3226 1160 3291 Κέλσου
1174 3215 1402 3312 είρημένον,“
1383 3249 1438 3291 οτι
1460 3229 1678 3294 πίστευσον

370 3315 416 3390 όν
439 3325 672 3438 είσηγοῦμηί
693 3345 754 3388 σοι
777 3325 926 3390 τοῦτον
948 3321 1050 3390 εἶναι
1072 3317 1162 3392 υίόν
1184 3326 1294 3404 θεοῦ,
1320 3315 1394 3391 κάν
1421 3311 1441 3408 6
1469 3325 1678 3410 δεδεμένος

369 3414 597 3508 άτιμότατα
622 3413 643 3506 6
670 3425 967 3508 κεκολασμένος
994 3424 1189 3508 αἴσχιστα,
1221 3414 1295 3492 κόν
1324 3425 1419 3508 χθες
1444 3429 1510 3492 καὶ
1536 3421 1677 3512 προόην

317 3521 411 3590 3οέν
449 3537 535 3600 τοῖς
570 3515 737 3590 πάντων
773 3513 1003 3607 ὀφθαλμοῖς
1044 3515 1408 3590 έπονειδιστότατα
1443 3527 1677 3610 κεκαλινδη-

369 3623 500 3706 μένος,
524 3613 603 3688 ουδε
623 3641 744 3704 φαμεν
777 3616 902 3704 ταύτη
928 3626 992 3688 καὶ
1018 3625 1172 3707 μαλλον
1197 3626 1422 3689 πίστευσον
1465 3622 1551 3702 είς
1535 3643 1677 3691 εκαστοι

370 3715 432 3804 γὰρ
458 3717 655 3806 πειρώμεθα
682 3723 791 3806 λέγειν
817 3724 873 3786 καί
899 3725 1041 3788 πλείονα
1069 3721 1120 3787 ὠν
1148 3723 1185 3790 έν
1166 3735 1279 3800 ντοίς
1299 3715 1464 3806 άνωτέρω
1486 3721 1676 3808 έξεθέμεθα

452 3837 505 3903 XI.
541 3831 638 3903 Μετὰ
670 3829 777 3903 ταῦτά
809 3857 912 3922 φησιν
943 3828 962 3904 6
987 3827 1165 3917 Κέλσοςο
1147 3864 1210 3911 οτι,
1242 3835 1310 3905 έάν
1342 3837 1424 3906 οίδε
1455 3841 1525 3924 μὲν
1553 3837 1677 3924 (λέγων

371 3932 607 4018 Χριστιανούς)
637 3937 880 4020 εἰσηγοῦνται
911 3929 1042 4018 τόνδε,
1074 3929 1191 4006 ἄλλοι
1228 3939 1266 4006 δὲ
1295 3930 1433 4009 ἄλλον.
1460 3933 1603 4006 κοινόν
1638 3940 1678 4005 δὲ

454 4127 471 4181 υ
494 4129 506 4180 1
524 4126 589 4180 xor.
608 4129 648 4191 15,
669 4127 693 4180 2.
711 4157 745 4166 -
764 4127 801 4182 11
821 4126 909 4190 Plato,
927 4127 996 4180 Tim.
1015 4127 1080 4196 cap.
1098 4127 1164 4182 xm
1181 4145 1208 4196 p.
1220 4129 1252 4182 ιι
1266 4131 1297 4182 ε.
1316 4159 1349 4167 -
1365 4128 1403 4183 υτ
1422 4129 1485 4197 vg1.
1498 4129 1559 4182 τοι.
1571 4131 1596 4194 ι,
1609 4129 1633 4183 ε.
1646 4158 1676 4167 -

371 4211 410 4268 τε
429 4211 491 4278 Vgl.
504 4211 593 4276 Plato,
606 4210 692 4280 Epist.
705 4211 755 4264 vu
773 4229 800 4280 p.
814 4213 903 4265 3ου.
916 4243 950 4251 -
963 4212 1001 4267 εε
1020 4212 1084 4279 τρι.
1097 4211 1169 4266 oben
1188 4213 1212 4265 11
1232 4215 1326 4267 1ου.
1341 4213 1679 4268 18.‘23-25.3‘2.35—38.

369 4297 589 4352 6666

457 4469 584 4540 8626(
587 4471 620 4540 1)]
644 4469 731 4539 εἰκῆ
723 4489 752 4524 ln
770 4467 831 4540 είκὴ
849 4487 916 4524 corr.
935 4473 978 4537 ΑΙ
999 4469 1061 4539 είκῇ
1079 4471 1124 4540 (λζ)
1144 4463 1322 4540 είκὴΑΙῙΞ
1345 4453 1394 4528 καί
1411 4468 1516 4542 πατὴρ]
1535 4467 1630 4543 πατήρ
1649 4489 1680 4526 τε

372 4555 473 4622 Plato}
490 4549 563 4611 15
547 4575 563 4624 6
581 4556 647 4624 τῶν
667 4575 683 4624 η
701 4562 753 4612 τοι
771 4556 890 4610 schreibt
908 4557 955 4610 Bo.
976 4556 1068 4625 [Errat
1070 4572 1129 4625 ap.
1144 4557 1204 4613 4121
1223 4557 1381 4626 unrichtigl
1400 4557 1441 4612 23
1463 4552 1679 4628 ἀποκρίνασθαι

371 4639 503 4708 AH6Sp,
521 4635 731 4708 ἀποκρίνεσθαι
750 4639 809 4694 Del.
