3790 5526
562 529 567 538 -
597 498 698 552 RATA
723 498 881 554 ΚΕΔΣΟΥ
906 499 948 556 vl
971 499 1012 554 50.
1029 502 1070 554 51.
1089 498 1129 552 52.
1147 499 1188 552 53.
1474 503 1532 566 123

232 666 362 744 Κέλσος
383 656 468 732 ἀλλά
490 659 577 750 πρὸς
599 655 619 732 ἀ
641 657 787 750 ἀκριβῶς
801 660 1019 782 γινώσκομεν,
1042 668 1089 750 κη’
1104 667 1164 749 μὲν
1178 656 1235 731 ἀπ’
1252 656 1377 742 αῦτῶν,
1393 656 1533 731 ἀκολου-

230 756 409 848 θησαντες,
430 791 478 849 πη
463 767 535 832 δὲ
558 779 630 844 τοῖς
651 757 898 850 συγγράμμασιν
919 756 1036 830 αύτῶν
1057 764 1225 844 ἐπιμελῶς
1247 756 1454 846 ἐντυχόντες.

147 891 213 947 156v
313 881 379 947 LII.
411 876 505 948 Μετα
521 881 770 965 δεταυταλΚ
770 886 849 960 λοος
865 885 980 965 φησίν
1003 877 1077 966 ἐγω
1094 881 1134 946 δε
1152 905 1242 963 περι
1231 883 1533 965 μενγενέσεως

230 972 384 1064 κόσμου
404 985 471 1048 καὶ
493 984 663 1066 φθορᾶς,
687 972 707 1065 ἢ
730 974 781 1059 ῶς
803 972 998 1065 ἀγένητος
1016 983 1081 1047 καὶ
1109 971 1333 1063 ἄφθαρτος,
1356 969 1376 1062 ἢ
1400 971 1451 1057 ῶς
1473 1002 1533 1062 γε·

196 1103 213 1157 5
232 1103 354 1164 νητσς
375 1081 445 1165 μὲν
467 1071 683 1166 ἄφθαρτος
704 1070 794 1160 δὲ,’
781 1103 801 1163 η
825 1073 879 1157 ῶς
899 1074 946 1146 τό
970 1079 1151 1164 ἔμπαλιν,
1174 1072 1289 1147 οῦδὲν
1310 1082 1401 1164 περὶ
1417 1079 1533 1146 τοῦδε

230 1181 318 1245 νυνὶ
340 1181 448 1264 λέγω.
483 1173 602 1264 διόπερ
623 1172 737 1248 οῦδκ
717 1195 808 1265 ημεῑς
830 1180 906 1264 περὶ
929 1180 1039 1246 τῶνδε
1062 1183 1148 1246 νυνὶ
1170 1181 1348 1264 λέγομεν·
1370 1170 1411 1244 οῦ
1433 1170 1533 1264 γάρη
1622 1219 1624 1222 -

230 1280 431 1364 προκειμένη
452 1274 607 1362 σύνταξις
629 1270 722 1347 τοῦτ’
745 1271 886 1345 ἀπαιτεῖ.
923 1269 994 1345 ἀλλ’
1018 1270 1095 1345 οῦδὲ
1117 1281 1269 1363 πνεῦμα
1290 1281 1363 1344 τοῦ
1384 1278 1438 1344 ἐπὶ
1453 1281 1534 1346 πᾶσι

229 1380 327 1444 θεοῦ
334 1402 480 1494 ,φαμεν
508 1371 560 1458 ῶς
585 1383 627 1447 ἐν
654 1370 888 1462 ἀλλοτρίοις
914 1392 998 1456 τοῖς
1025 1380 1118 1462 τῇδε
1144 1378 1350 1463 γεγονέναι
1376 1372 1463 1444 κατά
1491 1405 1532 1446 το

229 1480 403 1562 ,πνεῦμα
424 1481 508 1546 θεοῦ
529 1480 713 1598 ἐπεφέρετο
740 1470 856 1544 ἐπάνω
878 1467 1140 1558 τοῦΙῦδατος,“
1163 1469 1241 1544 οῦδὲ
1262 1481 1393 1555 κακῶς
1413 1502 1531 1562 μηχα·
1554 1493 1605 1548 673

178 1599 212 1656 10
229 1571 388 1693 νῶμενά
411 1603 502 1645 τινα
523 1572 572 1657 ῶς
592 1572 660 1648 ῦπό
684 1576 801 1661 ἑτέρου
829 1579 901 1644 τοῦ
927 1579 1172 1693 δημιουργοῦ
1196 1572 1287 1659 παρὰ
1314 1573 1387 1644 τὸν
1411 1579 1532 1662 μέγαν

228 1667 326 1744 θεὸν
356 1674 454 1744 κατὰ
486 1680 558 1744 τοῦ
587 1671 816 1762 πνεύματος
853 1668 976 1744 αύτσῦ
1010 1699 1150 1760 φαμεν,
1188 1669 1450 1762 ἀνεχομένου
1461 1679 1532 1744 τοῦ

229 1768 419 1900 ἀνωτέρω
441 1779 553 1856 θεοῦ
574 1777 787 1862 δεδεῆσθαι
808 1777 1088 1860 καθαιρέσεως.
1131 1769 1249 1861 διόπερ
1274 1773 1532 1862 μακράνχαιρέ·

230 1895 345 1942 τωσαν
368 1901 400 1943 αι
421 1879 529 1943 ταῦτα
551 1879 707 1961 λέγοντες
728 1867 825 1944 καλό
852 1871 897 1961 μὴ
923 1879 1165 1961 πραγματικῶς
1189 1868 1305 1944 αύτῶν
1330 1881 1533 1961 κατηγορῶν

231 1975 371 2053 Κέλσος·
393 1975 494 2062 ἐχρῆν
516 1971 579 2060 γδρ
602 1969 708 2044 αύτόν
734 1999 754 2061 η
780 1971 825 2062 μὴ
851 1978 1075 2062 μνημονεῦσαι
1101 1979 1175 2042 τῶν
1201 1969 1373 2044 τοιούτων
1398 2001 1418 2061 η
1445 2001 1533 2044 κατα

179 2095 211 2150 15
230 2069 270 2142 τὸ
293 2075 420 2143 δοκοῦν
441 2069 536 2161 αύτῷ
557 2070 822 2194 φιλάνθρωπον
837 2076 1000 2143 ἐκθέσθαι
1026 2066 1115 2142 αῦτά
1140 2075 1306 2160 ἐπιμελῶς
1330 2069 1433 2142 καλ’
1412 2079 1532 2160 αγωνί-

228 2180 352 2240 σασθαι
373 2169 460 2260 πρὸς
481 2171 524 2243 τὰ
546 2168 715 2256 ἀσεβῶς“
694 2167 751 2242 υπ’
778 2169 899 2242 αὐτῶν
924 2167 1094 2259 λεγόμενα.
1128 2163 1247 2240 οῦδο
1229 2199 1284 2242 οτι
1307 2168 1532 2256 δεδωκῶςδ

227 2275 346 2360 μέγας
367 2267 463 2354 θεὸς
481 2277 546 2361 ,τῶ
571 2277 799 2362 δημιουργῷ
821 2269 867 2341 τό
893 2277 1045 2359 πνεῦμα
1066 2266 1234 2341 ἀπαιτεῖ
1259 2267 1359 2341 αύτό
1386 2268 1532 2360 ἀκηκόα-

226 2399 287 2460 μεν
308 2370 459 2442 πῶποτε.

312 2465 376 2541 εἶθ’
393 2471 467 2559 ἑξῆς
482 2466 610 2553 ἀσεβέσι
625 2466 739 2559 λόγοις
758 2478 881 2558 μιαρῶς
900 2473 1055 2558 ἐγκαλῶν
1074 2491 1169 2557 φησι·
1192 2477 1253 2552 τίς
1276 2467 1369 2553 θεός
1389 2475 1533 2542 δίδωσί

175 2591 211 2646 20
226 2567 331 2654 τιῶς
353 2566 602 2659 ἀπαιτήσων;
623 2574 812 2660 δεομένου
833 2569 905 2659 γάρ
927 2567 974 2640 τὸ
996 2564 1200 2655 ἀπαιτεῖν,
1224 2573 1353 2640 δεῖται
1370 2575 1409 2641 δὲ
1424 2567 1531 2642 οῦδε-

228 2667 296 2752 νός
318 2664 337 2739 δ
360 2665 462 2752 θεός.
498 2677 555 2740 καὶ
577 2668 714 2752 τούτοις
736 2675 963 2758 προστίθησιν
986 2665 1034 2751 ῶς
1055 2666 1166 2755 σοφόν
1193 2665 1234 2758 δή
1260 2698 1294 2739 τι
1314 2666 1401 2740 κατά
1428 2698 1534 2741 τινων

228 2775 351 2858 λέγων·
374 2767 436 2840 διὰ
459 2774 509 2852 τί,
533 2764 707 2858 δπηνλκα
728 2773 874 2858 έκλχρα,
902 2773 1010 2858 κακῷ
1038 2775 1188 2856 κιχρῶν
1214 2763 1366 2858 ἡγνόει;
1393 2775 1478 2859 λέγει
1500 2777 1534 2841 δὲ

227 2877 284 2996 {cal
320 2864 374 2988 τό·
414 2875 454 2940 τί
489 2875 656 2961 περιορᾷ
696 2866 880 2957 πονηρόν
921 2865 1164 2958 δημιουργόν
1199 2863 1535 2957 ἀντιπράττοντα

230 2995 375 3058 εαυτιμ;

177 3111 211 3166 25
272 3099 280 3116 ⁰
311 3089 391 3155 LIII.
435 3080 508 3156 Εἶτ’
536 3085 628 3171 οἶμαι
667 3083 786 3174 φύρων
821 3088 961 3174 αἱρέσεις
991 3087 1132 3172 αἱρέσεσι
1162 3091 1219 3154 καὶ
1248 3083 1292 3173 μὴ
1328 3085 1535 3173 ἐπισημειού-

229 3213 330 3276 μενος
352 3177 407 3255 ότι
428 3181 509 3254 τάδε
536 3190 597 3273 μἐν
628 3177 733 3274 ἄλλης
759 3183 915 3272 αἱρέσεώς
941 3187 1012 3253 ἐστι
1040 3180 1121 3254 τάδε
1154 3189 1189 3254 δέ
1225 3178 1340 3273 ἄλλης,
1377 3182 1421 3254 τὰ
1448 3185 1536 3274 πρὸς

229 3289 416 3373 Μαρκέωνα
437 3279 495 3370 ἀφ’
522 3279 619 3372 ἡμῶν
645 3279 861 3373 ἀπορούμενα
882 3288 1054 3372 προφέρει,
1076 3279 1163 3372 τάχα
1187 3289 1242 3354 καὶ
1269 3281 1406 3354 τούτων
1431 3311 1536 3372 παρα·

231 3382 355 3466 καύσας
376 3378 445 3454 ἀπό
461 3411 569 3453 τινων
585 3378 735 3465 εύτελῶς
749 3387 803 3451 καὶ
821 3387 1002 3464 ἰδιωτικῶς
1025 3385 1169 3470 [ἐγκαλεῖ
1189 3389 1271 3469 τῶν]
1295 3382 1536 3472 ἐγκαλούντων

313 3569 416 3625 θθειι.
436 3573 460 3633 1,
480 3570 555 3624 2.-
575 3569 615 3625 10
632 3569 696 3640 Vgl.
717 3571 852 3634 Ιιοααοαε,
873 3570 943 3624 Adv.
964 3569 1038 3623 haer.
1058 3570 1070 3622 Ι
1087 3569 1130 3636 28,
1148 3573 1173 3623 4.
1191 3571 1215 3625 6.
1234 3572 1257 3624 7.
1280 3599 1314 3608 -
1340 3570 1378 3625 18
1401 3569 1534 3638 Vgl.11·e-

229 3654 501 3723 οεεαε,Α(1ν.λιεει.
520 3655 532 3708 Ι
551 3657 574 3721 1,
593 3657 633 3710 13.
651 3684 685 3694 -
704 3655 744 3712 20
763 3652 826 3723 vgl.
844 3655 931 3708 unten
949 3651 1013 3706 VIII
1031 3654 1062 3708 21
1082 3671 1106 3708 ει.
1122 3658 1154 3708 Α.
1174 3685 1204 3694 -
1223 3653 1260 3709 27
1282 3653 1344 3723 Vgl.
1363 3653 1434 3708 oben
1454 3653 1477 3705 V
1494 3657 1535 3709 54.

316 3823 331 3877 l
357 3816 619 3892 ἀκολουθήσαντες]
646 3813 825 3886 ἀκούσαντες
850 3819 994 3875 sohreiben
1017 3821 1065 3875 Bo.
1088 3820 1186 3890 (Notae
1208 3839 1234 3892 p.
1256 3822 1316 3886 397]
1339 3838 1364 3875 u.
1383 3820 1465 3876 (tutet
1481 3820 1536 3890 (bei

229 3905 289 3960 Del.
308 3907 320 3959 1
338 3907 389 3961 672
406 3910 486 3960 Anm.
505 3907 544 3974 ο),
569 3925 603 3960 το
621 3906 669 3961 der
687 3905 879 3961 construction
897 3905 953 3974 vgl.
971 3908 1057 3960 unten
1075 3905 1127 3960 VII
1145 3907 1177 3960 27
1196 3906 1285 3968 Mitte.
1303 3907 1337 3961 32
1354 3923 1379 3960 ε.
1397 3908 1443 3968 A.;
1470 3905 1536 3959 aber

231 3990 277 4046 die
302 3991 479 4046 therlieferte
495 3991 592 4046 Lesart
618 3991 686 4044 luat
708 3990 778 4052 sich,
802 4007 883 4045 πειτα
901 4007 966 4044 man
984 3983 1033 4044 ἀπ’
1052 3983 1148 4046 αάτῶν
1165 3991 1216 4045 auf
1229 3985 1411 4061 γινώσκομεν
1427 3991 1537 4046 bezieht

230 4095 256 4131 ιι.
275 4071 374 4142 αὐτοῖς
399 4095 433 4132 τα
459 4069 712 4144 ἀκολουθήσαντες
733 4077 859 4144 εερὶατλ,
886 4075 962 4129 wohl
986 4075 1134 4130 sesthalten
1158 4077 1162 4142 Ι
1186 4077 1205 4132 5
1231 4078 1315 4131 τοῦδε
1337 4078 1362 4130 Α
1384 4071 1489 4131 τούτου
1508 4075 1536 4128 Μ

230 4163 333 4230 Ausgg.
349 4163 353 4230 Ι
369 4161 388 4218 8
405 4155 491 4231 κατὰ]
513 4161 563 4216 καὶ
588 4150 633 4215 δτι
655 4162 792 4214 vermutet
815 4159 956 4230 unn'ohtig
972 4159 1004 4214 0.
1022 4159 1115 4220 Ηείαε,
1134 4159 1224 4215 Ueber
1242 4160 1343 4215 Celsus'
1361 4153 1471 4230 ἀληθὴς
1488 4154 1536 4214 λό-

230 4263 283 4316 γος
300 4245 411 4314 (Ρλιίλσλζ
429 4245 530 4300 Abhdl.
549 4245 586 4300 Μ.
605 4244 689 4299 Hertz
707 4243 897 4314 dugebroeht
917 4245 984 4301 1888
1000 4245 1047 4299 Nr.
1067 4245 1128 4313 XV)
1150 4244 1175 4298 S.
1194 4246 1244 4302 206
1262 4248 1342 4298 Anm.
1360 4248 1375 4300 1
1392 4247 1396 4314 Ι
1411 4245 1430 4299 8
1447 4263 1536 4315 μηχα·

231 4325 346 4399 νῶμενά
368 4349 433 4388 τινα
454 4331 665 4400 ΜθΟΜιιεςς.
688 4333 862 4400 μηχανῶμεν
884 4319 970 4384 ἀτινα
988 4331 1013 4382 Α
1036 4331 1040 4392 Ι
1066 4329 1104 4398 12
1130 4329 1340 4400 καθαιρέσεως]
1359 4347 1378 4384 α
1396 4329 1455 4397 (vor
1472 4329 1491 4396 ι)
1509 4328 1536 4380 in

232 4415 382 4478 (torreatur,
408 4415 500 4471 hinter
523 4437 532 4470 ι
555 4415 599 4470 ein
622 4414 812 4484 fingerbreiter
834 4414 923 4468 Raum
943 4413 1133 4483 freigelasson‚
1155 4431 1183 4468 es
1201 4414 1271 4468 fehlt
1288 4414 1355 4468 aber
1371 4412 1470 4479 nictu,
1487 4413 1535 4481 A>

232 4499 273 4555 20
289 4517 325 4555 το
344 4499 430 4570 [ιαμ.
446 4501 502 4569 127
523 4499 614 4554 hinter
631 4493 705 4569 τάχα
717 4506 750 4564 -ι-
763 4495 792 4554 δέ
810 4501 1019 4569 M0⁰rr·Ausgg.
1034 4500 1039 4567 Ι
1055 4498 1093 4554 28
1112 4491 1232 4564 εὐτελῶς
1253 4499 1303 4552 καὶ
1320 4493 1474 4566 ἰδιωτικῶς]
1493 4490 1536 4552 εύ-

230 4586 324 4638 τελῶν
339 4585 390 4640 καλ
407 4582 558 4641 ἰδιωτικῶν
576 4587 718 4638 νειιααλειι
735 4583 818 4638 Guiet
839 4602 866 4640 u.
883 4584 943 4639 Del.
962 4585 985 4653 (Ι
1002 4586 1053 4639 673
1071 4587 1151 4638 Αααι.
1170 4583 1194 4650 ε)
1214 4586 1218 4651 Ι
1238 4577 1365 4653 [ἐγκαλεῖ
1380 4581 1445 4651 τῶν]
1464 4581 1534 4636 wohl

231 4687 280 4724 aus
297 4667 490 4740 Dittographie
507 4670 555 4723 δεε
572 4669 722 4738 folgenden
740 4663 941 4739 ἐγκαλούντων
963 4669 1138 4730 εαλεεααδεα,
1161 4683 1214 4722 von
1232 4668 1286 4720 mir
1303 4665 1536 4737 eingoklammert.
