3750 5508
610 441 710 498 εισι
736 441 893 498 τεκνον
915 441 957 500 τι
979 443 1019 498 13.
1038 443 1077 496 ιι
1096 443 1136 498 15.
1487 449 1527 514 85

221 604 356 696 Μισαήλ
377 611 459 677 πᾶσι
481 624 553 689 τοις
573 601 754 694 Ἀσσυρίων
775 601 968 694 γράμμασιν,
996 597 1078 675 ὥστ’
1101 599 1224 688 αότούς
1244 599 1423 694 εόρεθήναι
1444 602 1527 676 πόν-

221 733 293 778 των
316 711 391 776 τῶν
412 709 482 776 ἐκεῖ
501 712 621 792 σοφῶν
643 709 893 786 δεκαπλασίους.
935 711 991 774 καί
1016 709 1079 776 νῦν
1104 709 1139 775 δέ
1166 708 1200 776 αλ
1226 706 1395 794 ἐκκλησίαι
1418 707 1527 794 έχουσι

218 811 281 894 μίν
300 799 474 894 ἆνόλσγον
496 821 568 888 τοῖς
588 802 757 894 πλήθεσιν
783 797 917 892 ὀλίγους
943 802 1069 890 σοφοὺς
1094 800 1353 892 προσελθόντας
1377 811 1432 876 καὶ
1459 801 1527 876 όπὸ

220 909 280 994 τῆς
300 907 511 994 καλουμένης
532 899 611 992 παρ’
634 897 713 992 ήμίν
733 901 843 988 ,κατὰ
864 900 990 993 σάρκα“
1012 909 1169 990 σοφίας,
1191 904 1301 992 έχουσι
1323 909 1359 976 δέ
1377 903 1529 987 καὶτοὺς

186 999 464 1092 5διαβεβηκότας
484 997 541 1074 ἄπ’
565 1006 693 1092 ἐκείνης
713 1006 769 1074 ἐπὶ
791 1000 855 1092 τήν
877 1009 994 1074 θείαν
1016 1008 1170 1088 σοφίαν.

302 1123 372 1190 XV.
403 1119 488 1190 Είτα
518 1117 602 1208 μετὰ
628 1123 738 1190 ταῦτα
766 1113 785 1190 ό
813 1123 941 1202 Κέλσος
968 1113 1016 1202 οἷς
1042 1125 1257 1208 περιηχηθείς
1283 1118 1326 1191 τὰ
1353 1125 1430 1210 περί
1462 1148 1527 1190 τα-

219 1215 546 1308 πεινοφροσύνης
571 1223 625 1288 καί
652 1217 697 1308 μή
724 1223 891 1308 ἐπιμελῶς
915 1215 1024 1308 αότήν
1049 1215 1173 1308 νοήσας
1198 1216 1355 1302 βούλεται
1376 1225 1439 1308 μὲν
1461 1219 1528 1309 τήν

219 1313 299 1406 παρ’
329 1311 408 1408 ήμίν
436 1327 651 1406 κακολογεῖν,
685 1321 792 1390 οίεται
821 1313 851 1387 δ’
882 1314 990 1408 αὐτήν
1021 1314 1282 1406 παρόκουσμα
1313 1319 1414 1390 είνοι
1445 1326 1528 1390 τῶν

220 1413 438 1500 Πλάτωνος
463 1411 610 1506 λόγων,
644 1410 687 1500 ὅς
713 1441 808 1508 φησι
834 1417 911 1488 πού
936 1422 978 1489 ἐν
1003 1435 1092 1502 τοίς
1119 1413 1286 1506 Νόμοις
1318 1413 1358 1502 ,,ό
1384 1425 1454 1506 μέν
1480 1419 1527 1508 δή

171 1537 203 1590 10
220 1515 328 1600 θεὸς,
344 1510 479 1606 ὥσπερ
500 1523 565 1586 καί
587 1509 606 1587 ό
627 1515 796 1600 παλαιός
818 1513 950 1606 λόγος,
966 1513 1090 1607 ἀρχήν
1108 1544 1150 1588 τε
1167 1524 1231 1587 καί
1247 1517 1442 1608 τελευτήν
1462 1526 1527 1589 καὶ

218 1623 316 1706 μέσα
339 1623 423 1688 τῶν
446 1609 578 1687 όντων
600 1610 789 1686 απάντων
811 1618 910 1706 ἔχων
931 1612 1069 1708 ευθείςι
1089 1623 1270 1706 περαίνει
1291 1616 1391 1688 κατὰ
1407 1615 1527 1706 φύσιν

219 1710 606 1806 περιπορευόμενος
643 1723 700 1807 τῷ
736 1712 768 1787 δ’
800 1711 861 1787 dez
891 1723 1103 1804 ξυνέπεται
1139 1720 1228 1806 δίκη
1263 1723 1348 1788 τῶν
1383 1714 1527 1790 απολε-

220 1819 450 1904 λειμμένων
476 1821 548 1886 τοῦ
574 1787 690 1886 θείοό
715 1811 839 1905 νόμου
864 1813 1052 1904 τιμωρὸς,
1074 1805 1119 1904 ἧς
1141 1810 1252 1905 όμέν
1232 1813 1526 1908 νΙευδαιμονή-
1546 1830 1597 1886 641

219 1939 304 1986 σειν
329 1921 491 2006 μέλλων
516 1911 704 2003 ἐχόμενος
730 1920 944 2034 ξρνέπετοι
971 1913 1161 1998 ταπεινός
1191 1923 1256 1988 καὶ
1286 1924 1526 2008 κεκοσμημέ-

168 2035 201 2088 15
219 2033 324 2098 νος“·
372 2043 432 2102 ουχ
467 2007 561 2102 δρῶν
596 2044 651 2086 οτι
683 2013 776 2100 παρὰ
811 2033 885 2098 τοῖς
917 2014 1007 2086 πολὺ
1042 2013 1260 2098 Πλάτωνος
1295 2012 1526 2138 ἀρχαιοτέροις

220 2121 375 2186 λέλεκται
397 2117 434 2184 ἐν
456 2108 534 2202 ευχῇ
557 2109 611 2184 τό·
631 2113 754 2203 ,κύρια
776 2108 836 2202 οόχ
857 2110 985 2204 υφώθη
1007 2141 1072 2204 μου
1094 2144 1114 2205 η
1104 2111 1264 2204 “,καρδία
1287 2111 1363 2188 οόδέ
1386 2119 1525 2205 ἐμετεω-

218 2221 386 2302 ρίσθησαν
416 2215 448 2283 ολ
485 2207 660 2302 όφθαλμοί
691 2240 769 2302 μου,
803 2208 880 2285 οόδέ
910 2211 1104 2302 ἐπορεύθην
1132 2219 1169 2286 ἐν
1200 2215 1356 2306 μεγάλοις
1385 2211 1463 2286 αόδέ
1490 2220 1527 2287 ἐν

219 2321 420 2402 θαυμασίοις
441 2308 525 2434 όπέρ
540 2317 606 2402 έμέ,
628 2311 714 2401 είμή
732 2309 1136 2436 ἐταπεινοφρόνρυνέ’
1164 2307 1230 2403 άμα
1245 2318 1281 2385 δε
1296 2320 1456 2404 δηλοῦται
1473 2314 1526 2386 διὰ

220 2409 359 2484 τούτων
388 2405 442 2484 ότι
471 2409 512 2483 οὐ
539 2411 678 2496 πάντως
700 2407 720 2484 ό
742 2419 1083 2501 τοπεινοφρονῶν
1111 2409 1348 2504 ἀσχημόνως
1368 2409 1477 2484 καὶ’
1456 2443 1527 2486 απ-

165 2517 361 2594 νοαισίως
397 2518 675 2596 ταπεινοῦται,
718 2510 966 2602 χαμαιπετὴς
1006 2517 1070 2584 ἐπί
1110 2520 1193 2634 τρῖν
1233 2511 1419 2603 γονάτων
1462 2521 1527 2586 καί

218 2611 377 2701 πρηνής
412 2612 664 2702 ἐρριμμένος,
695 2614 845 2702 ἐσθῆτα
884 2608 1094 2702 δυστήνων
1132 2607 1430 2702 ἇμφισκόμενος
1460 2621 1527 2687 καὶ

218 2707 335 2782 κόνιν
355 2711 624 2800 ἐπαμώμενος.
660 2705 679 2782 ό
703 2709 766 2801 γὰρ
783 2709 870 2782 κατὰ
886 2709 950 2783 τὸν
964 2707 1149 2800 προφήτην
1169 2721 1526 2802 ταπεινοφρονῶν,

217 2807 448 2898 πορευόμενος
483 2815 537 2894 ,ἐν
567 2808 724 2901 μεγάλοις
758 2817 814 2882 καί
840 2817 1058 2900 θαυμασίοις(
1089 2829 1160 2894 τοις
1192 2808 1276 2898 ὑπὲρ
1307 2808 1423 2896 αότὸν,
1455 2831 1527 2897 τοις

218 2907 362 2998 ἀληθῶς
389 2909 580 3000 ,,μεγόλοις“
609 2907 748 3000 δόγμασι
772 2916 827 2980 καί
854 2929 926 2994 τοῖς
948 2917 1184 2999 ,,θαυμασίοις“
1210 2909 1366 3002 νοήμασι,
1389 2941 1525 2984 ταπει·

165 3029 202 3082 5
219 3025 286 3080 νοι
304 3007 429 3082 ἑαυτὸν
452 3007 536 3090 ,ὑπὸ
560 3010 624 3100 τήν
644 3008 809 3098 κραταιὰν
827 3029 920 3100 χεῖρα
939 3016 1002 3081 τοῦ
1023 3015 1134 3082 θεοῦ.“

134 3127 200 3182 1411
303 3111 333 3178 εί
363 3115 400 3180 δέ
430 3138 519 3193 τινες
549 3109 603 3180 διὰ
634 3107 698 3198 τήν
728 3115 900 3182 ίδιωτείαν
923 3119 928 3196 Ι
950 3108 994 3200 μὴ
1025 3107 1262 3198 τρανοόσαντες
1292 3109 1333 3182 τό
1363 3119 1438 3200 περὶ
1465 3117 1526 3202 τῆς

220 3207 597 3300 ταπεινοφροσύνης
618 3205 724 3298 δόγμα
738 3215 880 3280 τοιαῦτα
894 3215 1059 3294 ποιοῦσιν,
1081 3205 1122 3280 ου’
1144 3207 1206 3280 τὸν
1226 3207 1329 3300 λόγον
1345 3217 1526 3297 αἰτιατέον,

220 3303 309 3380 ἇλλέι
337 3313 380 3396 τῇ
410 3313 561 3400 ἰδιωτείᾳ
591 3315 665 3380 τῶν
693 3313 921 3396 προθεμένων
948 3315 1010 3398 μέν
1041 3307 1083 3380 τὰ
1113 3315 1294 3396 κρείττονα
1320 3309 1374 3380 διὰ
1402 3317 1437 3382 δέ
1464 3309 1527 3382 τὸν

221 3405 423 3497 ἰδιωτισμόν
458 3403 771 3497 ἀποτυγχανόντων
806 3413 1048 3496 συγγνωστέον.
1090 3413 1220 3496 μᾶλλον
1254 3407 1317 3495 γὰρ
1347 3416 1409 3481 τοῦ
1437 3410 1526 3482 κατὰ

168 3523 203 3578 w
220 3505 421 3579 Πλάτωνα
443 3513 636 3578 ταπεινοῦ
657 3513 721 3577 καί
743 3513 1045 3596 κεκοσμημένου
1067 3506 1277 3590 ,ταπεινός
1301 3517 1365 3580 καί
1390 3535 1526 3581 κεκοσ-

220 3613 418 3698 μημένος·
447 3611 539 3678 ἐστίν
567 3601 586 3677 ό
614 3612 907 3696 κεκοσμημένος
935 3612 996 3695 μέν
1022 3605 1076 3678 διὰ
1104 3605 1144 3678 τό
1170 3607 1375 3696 πορεύεσθαι
1397 3613 1455 3692 ,ἐν
1475 3637 1527 3698 με·

306 3809 405 3882 4ng
423 3811 433 3864 1
453 3809 515 3866 Kor.
535 3815 558 3878 1,
575 3811 617 3868 26.
642 3840 676 3850 -
702 3812 722 3867 θ
744 3809 837 3876 Plato,
857 3810 941 3880 [aegos
958 3809 997 3864 lV
1015 3811 1030 3864 1
1049 3828 1074 3881 p.
1093 3809 1314 3867 715E-716A.
1341 3813 1432 3868 -10
1454 3811 1527 3868 Ρεαί.

223 3899 280 3960 130,
300 3900 323 3951 l.
341 3897 366 3950 2.
384 3925 417 3936 -
435 3895 474 3952 28
493 3895 555 3965 vgl.
574 3895 646 3950 Ριαί.
665 3895 722 3962 130,
744 3897 766 3949 1.
784 3925 816 3934 -
835 3894 874 3950 24
891 3894 954 3964 vgl.
967 3895 978 3946 I
992 3893 1062 3948 Petr.
1075 3895 1099 3962 5,
1112 3897 1136 3952 6.
1155 3925 1187 3936 -
1206 3895 1246 3952 80
1264 3896 1327 3966 vgl.
1340 3895 1428 3962 Plato,
1441 3897 1527 3966 Leges

222 3981 260 4036 lv
279 3983 295 4034 7
313 3999 339 4052 p.
357 3983 452 4036 716ss
470 3979 559 4036 -31
578 3979 642 4064 Ygl.
661 3979 732 4034 Ρεαί.
751 3981 808 4044 130,
827 3983 851 4036 1.

292 4167 305 4220 1
328 4159 457 4238 α’συρίων
473 4165 518 4232 ΔΙ
535 4164 571 4220 11
590 4149 671 4220 εέθὲί
692 4162 741 4233 [ιο]
759 4163 870 4232 A¹112
889 4157 1153 4232 περιπορευόμενος
1170 4163 1252 4218 Ρίιιίο
1261 4165 1305 4235 Sp.
1323 4165 1362 4220 im
1379 4165 1454 4230 Text,
1473 4163 1525 4220 Ηῠ.

224 4265 268 4302 m
287 4247 379 4312 Βιαδς
405 4241 684 4318 παραπορευόμενος
699 4247 792 4302 Auel.
808 4250 812 4316 Ι
828 4242 1086 4314 αἰιαλελειμμένων1
1105 4239 1345 4316 ἀπολειπομένων
1366 4249 1454 4314 Plato,
1474 4249 1525 4304 flo.

225 4351 268 4386 m
288 4331 376 4397 Βααδ,
393 4331 438 4403 Sp.
455 4333 494 4388 im
515 4331 585 4386 Text
600 4333 604 4400 ί
622 4333 659 4388 16
685 4325 790 4402 ὕψιόθη
812 4351 870 4400 μου
892 4329 909 4400 ή
930 4331 1033 4402 καρδία
1057 4334 1081 4384 Α
1105 4322 1211 4402 ίιφιόθη
1235 4325 1251 4387 ό
1273 4335 1377 4406 καρδία
1398 4353 1457 4402 μου
1473 4333 1525 4390 Eo.

225 4417 267 4488 Sp.
289 4411 395 4488 ἐφιίθη
418 4409 435 4486 ή
457 4417 559 4488 καρδία
581 4433 640 4485 μου
660 4415 753 4471 ΜΒοΙ.
778 4419 782 4486 Ι
806 4411 871 4471 οέδέ
897 4421 922 4472 Δ
946 4409 1008 4471 οὐδ’
1030 4415 1166 4484 MAusgg.
1190 4417 1196 4484 l
1219 4413 1474 4490 ἐμετεωρίσθησαν
1496 4419 1524 4474 Μ

226 4507 324 4574 Δωςς.
336 4501 578 4572 μετεωρίσθησαν
589 4505 614 4556 Δ
628 4503 632 4570 Ι
648 4501 685 4557 21
706 4497 824 4570 ἐσθῆτα]
837 4495 910 4572 έσθη
922 4493 957 4556 τὰ
971 4505 995 4554 Α
1010 4503 1015 4568 Ι
1035 4494 1262 4572 α’μφισκέμενος]
1280 4503 1335 4572 vgl.
1348 4503 1419 4558 oben
1432 4503 1526 4572 11141,

226 4603 297 4659 ινιτ
310 4603 337 4659 τι
352 4605 385 4660 13
400 4605 405 4672 ι
420 4602 460 4660 ει
483 4601 624 4659 emam
645 4601 770 4657 Pvnel.
789 4599 914 4671 ιοετητα
932 4601 1067 4673 υεευερ.
1086 4584 1147 4658 toul}
1165 4603 1212 4674 [so]
1231 4605 1328 4673 ,1128
1346 4603 1452 4662 ιοωιιι
1469 4609 1503 4660 ε.
