3780 5532
606 503 703 557 ΚΑΤΑ
726 502 885 558 ΚΕΛΣΟΥ
905 503 963 560 vn
986 503 1027 556 28.
1046 503 1085 556 29.
1104 505 1145 556 3).
1163 502 1205 555 31.
1505 504 1560 568 181

261 675 315 738 καί
347 666 498 753 φύλαξον
530 666 594 756 τήν
624 662 707 736 δδόν
736 661 855 748 αὐτοῦ,
886 673 940 734 καὶ
967 661 1096 752 όφῶσει
1123 689 1159 734 σε
1186 669 1248 733 τοῦ
1268 667 1562 752 κατακληρονομῆ-

262 792 316 837 σαι
339 774 438 856 γῆν.“’“

346 871 441 937 XXX.
477 874 575 936 Δοκεῖ
600 869 637 934 δέ
661 892 719 951 μοι
745 871 801 934 καὶ
824 862 866 935 τά
888 871 963 951 περὶ
988 872 1060 936 τῶν
1082 870 1162 950 τῇδε
1185 869 1305 950 τιμίων
1328 864 1412 932 εῖναι
1434 871 1564 950 νομιζο-

261 971 374 1054 μένων
397 974 517 1049 λίθων,
539 960 716 1052 όποῤῥοήν
738 992 815 1034 τινα
838 969 1028 1051 λεγομένων
1049 966 1135 1051 ἔχειν
1156 960 1224 1034 άπὸ
1241 970 1313 1032 τῶν
1328 965 1365 1032 ἐν
1380 969 1422 1048 τῇ
1437 969 1564 1048 κρείτ-

229 1087 351 1138 5τονι
384 1073 428 1154 γή
459 1073 584 1148 λίθων,
617 1069 779 1152 εἰλῆφθαι
805 1069 861 1152 τῷ
884 1061 1074 1133 Πλάτωνι
1100 1059 1168 1134 άπὸ
1195 1070 1269 1134 τῶν
1303 1065 1340 1130 έν
1371 1067 1422 1149 τῶ
1452 1056 1564 1151 Ἡσαΐᾳ

261 1161 564 1254 ἀναγεγραμμένων
599 1171 675 1251 περὶ
713 1168 773 1252 τῆς
803 1159 937 1243 πόλεως
968 1169 1031 1234 τοῦ
1062 1171 1160 1244 θεοῦ,
1192 1170 1268 1252 περὶ
1299 1153 1338 1249 ἧς
1369 1166 1563 1250 γέγραπται·

263 1262 379 1352 ,θήσω
411 1264 470 1347 τὰς
497 1261 650 1350 ἐπάλξεις
677 1285 739 1332 σου
765 1266 880 1332 ίασπιν
905 1268 961 1332 καὶ
987 1262 1067 1343 τούς
1094 1270 1211 1345 λίθους
1238 1287 1298 1332 σου
1326 1265 1444 1341 λίθους
1469 1283 1565 1347 κρυσ-

263 1361 390 1435 τάλλου
416 1374 471 1435 καὶ
498 1362 561 1436 τὸν
583 1357 764 1451 περίβολόν
786 1385 847 1433 σου
868 1367 987 1444 λίθους
1009 1362 1206 1444 ἐκλεκτοὺςα
1227 1369 1282 1432 καὶ
1305 1357 1420 1431 πάλιν·
1449 1358 1566 1449 ,θήσω

264 1462 304 1533 τά
335 1460 472 1552 θεμέλιά
503 1487 564 1536 σου
593 1459 815 1549 σάπφειρον.“
856 1457 919 1531 τόν
950 1467 1011 1547 μὲν
1041 1453 1104 1532 σίν
1130 1460 1221 1548 παρά
1249 1458 1438 1532 Πλάτωνι
1465 1456 1564 1550 άλλη·

215 1581 247 1634 10
263 1569 443 1650 γοροῦντες
469 1569 582 1649 μῦθον
608 1565 641 1632 οί
669 1556 871 1648 σεμνότερον
898 1559 941 1630 τὰ
961 1567 1025 1631 τοῦ
1047 1556 1241 1646 φιλοσόφου
1261 1556 1476 1649 ἐξειληφότες
1498 1567 1566 1648 διη-

264 1667 411 1750 γοῦνται,
436 1661 496 1744 τὰς
519 1668 553 1732 δὲ
576 1667 795 1748 προφητείας,
818 1655 877 1744 ἀφ’
893 1649 945 1728 ῶν
967 1655 1199 1748 στοχαζόμεθα
1219 1668 1275 1728 καὶ
1291 1657 1353 1729 τὸν
1367 1656 1566 1729 Πλάτωνα

264 1763 450 1848 εἰληφέναι,
478 1763 510 1832 οί
536 1767 703 1848 συγγενῶς
731 1777 802 1839 τοῖς
829 1755 1022 1846 προφήταις
1051 1767 1107 1828 καὶ
1141 1763 1268 1840 ἐνθέοις
1298 1758 1481 1844 βιώσοντες
1511 1766 1566 1828 καὶ

262 1857 378 1930 πάντα
409 1857 472 1930 τὸν
501 1860 626 1948 χρόνον
659 1855 847 1939 ἀναθέντες
877 1864 920 1944 τῇ
953 1855 1098 1942 ἐξετάσει
1129 1865 1202 1928 τῶν
1232 1860 1334 1946 ἰερῶν
1361 1856 1567 1947 γραμμάτων

264 1977 337 2040 τοῖς
367 1963 568 2046 ἐπιτηδείοις
598 1956 652 2028 διὰ
682 1965 757 2041 βίου
785 1957 1007 2045 καθαρότητα
1034 1964 1089 2026 καί
1118 1957 1181 2046 τὴν
1207 1964 1282 2043 περὶ
1305 1956 1348 2027 τά
1371 1967 1448 2028 θεῖα
1471 1965 1567 2043 φιλο·

215 2079 246 2130 15
262 2057 408 2147 μάθειαν
429 2055 709 2146 παραστήσουσιν.

347 2154 426 2246 ήμῖν
448 2164 483 2228 δὲ
504 2164 725 2246 προκείμενον
747 2147 789 2245 ήν
812 2161 915 2241 δεῖξαι
937 2148 993 2227 ότι
1015 2152 1107 2246 ἡμεῖς
1128 2163 1188 2245 μὲν
1208 2153 1270 2226 οδκ
1287 2152 1355 2226 άπὸ
1372 2150 1567 2245 Ἑλλήνων

264 2251 526 2344 ήΠλάτωνος
553 2255 595 2326 τά
621 2263 697 2342 περὶ
725 2261 785 2343 τῆς
816 2251 910 2342 άγίας
938 2261 1005 2344 γῆς
1032 2253 1227 2345 εἰλήφαμεν·
1256 2260 1378 2326 ἐκεῖνοι
1408 2260 1458 2339 δὲ,
1488 2255 1568 2325 νεῶ-

264 2383 357 2443 τεροι
383 2354 557 2445 γενόμενοι
582 2352 623 2425 οὐ
649 2351 756 2443 μόνον
782 2361 847 2426 τοῦ
868 2351 1096 2442 ἀρχαιοτάτου
1118 2357 1290 2438 Μωυσέως
1311 2352 1396 2426 ἀλλὰ
1418 2362 1473 2424 καὶ
1496 2361 1568 2424 τῶν

263 2464 435 2527 πλείστων
468 2463 673 2544 προφητῶν,
710 2451 788 2542 ήτοι
824 2455 1099 2542 παρακηκόασί
1133 2483 1242 2526 τινων
1278 2456 1568 2542 αἰνιοσομένων

212 2575 246 2630 20
263 2562 339 2646 περὶ
361 2564 435 2626 τῶν
456 2553 642 2637 τοιούτων,
665 2548 689 2642 ’ἢ
717 2561 771 2624 καὶ
799 2573 873 2636 ταῖς
894 2555 995 2640 ίεραῖς
1016 2553 1218 2642 ἐντυχόντες
1238 2574 1382 2644 γραφαῖς
1404 2581 1568 2641 παραποι-

264 2653 405 2744 ήσαντες
427 2651 512 2726 αδτά
536 2651 677 2726 τοιαῦτά
701 2681 775 2724 τινα
797 2659 950 2742 περὶτῆς
970 2663 1210 2739 κρείττονος
1232 2651 1380 2743 εἰρήκασι
1404 2659 1480 2742 γῆς.
1516 2677 1568 2724 σα-

265 2764 340 2842 φῶς
367 2752 398 2827 δ’
422 2750 441 2826 ὁ
464 2751 610 2843 Ἀγγαῖος
638 2761 841 2842 παρίστησιν
868 2747 953 2824 άλλο
980 2759 1041 2842 μὲν
1064 2754 1148 2824 εἰναι
1171 2754 1256 2843 ,τήν
1279 2752 1404 2842 ξηράν“
1429 2747 1513 2822 ἄλλο
1534 2757 1569 2822 δὲ

265 2854 349 2943 ,τήν
372 2861 474 2944 γῆν,“
499 2854 605 2941 ξηράν
626 2861 742 2923 καλῶν
765 2851 902 2939 ταύτην,
926 2845 1013 2940 ἐφήή
1038 2859 1143 2942 ἐσμεν.
1181 2859 1268 2942 λέγει
1291 2858 1326 2923 δὲ
1349 2846 1474 2932 οὕτως·
1498 2853 1589 2946 ,ἐτι

264 2947 354 3040 άπαξ
376 2955 442 3042 έγῶ
465 2962 563 3024 σείσω
587 2951 650 3023 τὸν
673 2948 847 3036 οὐρανὸν
869 2957 923 3021 καὶ
941 2951 1035 3040 <τήν>
1054 2959 1126 3042 γῆν
1147 2961 1201 3022 καὶ
1225 2952 1288 3041 τήν
1311 2950 1417 3040 ξηράν
1435 2958 1490 3020 καὶ
1506 2950 1569 3038 τήν

214 3072 246 3124 25
266 3051 470 3124 θάλασσαν.“

349 3157 474 3222 XXXI.
507 3147 632 3238 Ὥσπερ
665 3157 699 3220 δὲ
734 3148 837 3233 αὐτὸς
870 3149 934 3238 τήν
969 3149 1121 3240 διήγησιν
1154 3149 1355 3222 ἀνατίθεται
1386 3156 1449 3220 τοῦ
1479 3148 1569 3236 παρὰ

266 3250 453 3323 Πλάτωνι
474 3250 595 3340 μύθου,
615 3255 770 3335 κειμένου
794 3255 862 3336 <έν>
883 3254 934 3337 τῶ
954 3258 1112 3326 Φαίδωνι,
1136 3258 1245 3338 λέγων
1262 3247 1355 3320 τάδε·
1383 3258 1421 3319 τί
1444 3253 1483 3318 δὲ
1506 3248 1569 3318 διὰ

266 3351 425 3424 τούτων
455 3356 681 3440 ἐμφανίζει,
715 3345 760 3417 οὐ
789 3357 911 3418 παντὶ
946 3358 1098 3437 γνῶναι
1129 3350 1281 3442 ῥᾴδιον·
1317 3354 1349 3419 εἰ
1383 3348 1431 3437 μή
1464 3343 1570 3430 ὅστις

265 3455 424 3521 ἐπαΐειν
456 3450 640 3532 δύναιτο,
664 3455 702 3518 τί
731 3442 818 3517 ποτ’
841 3451 950 3518 ἐστὶν
981 3453 1109 3520 ἐκεῖνο
1142 3445 1160 3522 ό
1188 3474 1321 3537 φησιν·
1352 3446 1431 3531 ,ὑπ’
1455 3446 1569 3520 άσθε-

215 3559 374 3634 εονείας
403 3558 469 3621 καὶ
500 3553 750 3638 βραδυτῆτος
777 3543 846 3634 οὐχ
874 3559 878 3630 Ι
908 3553 1018 3630 οίόυς
1056 3577 1098 3618 τε
1133 3550 1237 3620 εἶναι
1264 3554 1484 3633 διεξελθεῖν
1513 3542 1569 3618 ἐπ’
1592 3559 1642 3614 716

349 3739 367 3792 4
389 3738 451 3806 vgl.
470 3738 558 3802 Plato,
577 3735 692 3789 PhAdon
709 3734 845 3804 05511111
864 3753 888 3805 p.
904 3733 988 3790 1101)
1002 3735 1033 3788 A.
1051 3766 1083 3774 —
1101 3737 1115 3790 7
1139 3735 1247 3800 1εε.54,
1263 3738 1301 3790 12.
1319 3765 1352 3774 -
1372 3737 1389 3791 8
1409 3735 1516 3798 ἰεε.54,
1531 3740 1570 3790 11.

267 3853 298 3861 -
318 3823 356 3878 10
376 3823 437 3891 Vgl.
455 3823 526 3876 oben
545 3821 568 3872 V
587 3824 627 3886 05,
646 3821 671 3874 S.
690 3821 723 3875 68
741 3819 768 3874 Ζ.
786 3823 819 3872 25
838 3837 862 3872 u.
884 3819 919 3872 VI
937 3821 978 3882 22,
998 3821 1022 3874 S.
1042 3821 1075 3875 92
1093 3821 1119 3873 Ζ.
1136 3825 1157 3874 1.
1178 3852 1204 3858 -
1228 3821 1268 3875 20
1287 3820 1375 3888 Hagg.
1394 3821 1417 3882 2,
1437 3821 1459 3874 6.
1479 3851 1510 3859 -
1530 3821 1570 3874 20

268 3906 327 3975 VgI.
347 3907 432 3970 Plato,
452 3907 566 3960 PhAdon
584 3905 648 3974 Cap.
668 3903 754 3957 LVIII
773 3922 798 3974 p.
818 3906 867 3960 109
880 3905 902 3956 D
916 3904 946 3958 E.

351 4075 369 4129 2
389 4092 437 4128 vor
455 4082 509 4144 γῆν
526 4081 558 4136 -I-
577 4067 628 4142 τήν
646 4071 837 4140 MAusgg.15
855 4071 990 4142 εἰλῆφθαι
1008 4079 1049 4147 τῷ
1064 4067 1196 4128 Πλάτωνι
1215 4073 1338 4126 schreibe
1357 4073 1409 4134 ich,
1428 4070 1571 4140 εἰληφέναι

267 4154 318 4213 τὸν
331 4155 473 4214 Πλάτωνα
492 4160 706 4225 Mcorr·Ausgg.‚
726 4155 872 4226 εἰληφέναι
889 4163 931 4212 τῶ
949 4153 1077 4212 πλάτωνι
1096 4161 1139 4224 ΑΙ
1156 4158 1174 4212 θ
1195 4153 1366 4228 σάπφειρον]
1385 4175 1405 4210 π
1423 4158 1452 4209 in
1464 4159 1570 4210 Correo·

266 4251 311 4300 tur
328 4248 353 4299 A
368 4249 372 4314 Ι
394 4239 625 4316 δλλογοροῡιτες
641 4244 685 4306 ΑΙ
706 4242 744 4295 10
761 4236 858 4308 μόθον
875 4247 898 4295 A
914 4245 918 4309 1
940 4243 1031 4296 hinter
1049 4237 1230 4312 ἐξειληφότες
1247 4251 1279 4305 ÷
1297 4239 1421 4311 λέγοναι.
1440 4243 1509 4294 doch
1528 4259 1573 4294 ex·

267 4332 406 4401 pungunt,
424 4334 449 4385 A
473 4335 476 4397 Ι
501 4329 847 4398 14ne02I10011·Ausgg.
866 4321 945 4398 παρά
963 4331 987 4380 A
1011 4337 1015 4394 Ι
1041 4327 1079 4382 19
1098 4327 1191 4396 τινων]
1210 4327 1278 4381 uber
1295 4348 1305 4381 ι
1323 4327 1453 4396 getilgter
1472 4328 1574 4380 Accent

267 4420 291 4470 A
306 4418 310 4482 Ι
326 4416 364 4470 20
386 4410 648 4484 παραποιήσαντες]
669 4409 685 4482 η’
704 4413 875 4480 Abergeschr.
894 4412 1005 4476 111120
1029 4399 1045 4480 ἦ
1063 4415 1087 4463 Α
1106 4400 1138 4479 ἧς
1155 4416 1256 4480 Ausgg.
1273 4413 1277 4479 Ι
1294 4411 1332 4466 24
1350 4405 1427 4480 (τὴν)
1447 4411 1511 4477 stige
1528 4411 1572 4464 ich

268 4501 319 4554 mit
336 4502 365 4554 Μ
383 4518 409 4554 u.
428 4501 481 4554 den
498 4503 600 4568 Ausgg.
619 4499 664 4552 ein
684 4501 688 4564 Ι
713 4499 751 4553 20
773 4502 825 4552 τοῦ
842 4499 889 4550 Βο.
908 4497 1005 4557 {Notae
1023 4517 1048 4565 p.
1066 4500 1126 4564 401)
1145 4497 1204 4551 Del.
1223 4499 1262 4570 τῷ
1281 4496 1410 4566 1111585.
1431 4498 1435 4560 Ι
1455 4496 1492 4551 27
1514 4494 1572 4562 (ἐν)

269 4585 333 4653 fflge
360 4587 404 4640 ich
431 4585 482 4639 mit
508 4586 550 4638 M²
576 4603 601 4640 u.
629 4585 682 4636 den
712 4587 812 4651 Ausgg.
840 4583 883 4635 ein
911 4591 914 4648 Ι
941 4581 981 4636 20
1007 4575 1088 4646 οίους
1110 4599 1159 4636 αυτ
1182 4575 1260 4646 οίους
1283 4598 1351 4636 corr.
1372 4586 1397 4635 A
1424 4583 1427 4646 Ι
1454 4579 1485 4636 τέ
1506 4585 1531 4635 A
1548 4575 1573 4634 τ’

269 4673 370 4740 Amgg.
