3780 5538
351 451 411 512 288
890 441 1118 496 ΩΡΙΓΕΝΟΥΣ

349 613 501 687 πείσεις
531 600 599 674 εἶτ’
621 599 782 690 ἄλλους,
805 601 852 676 όν
881 602 1063 676 κάκεῖνοι
1093 599 1232 686 ἁλῶσι,
1254 609 1318 674 καὶ
1340 600 1488 688 ἄλλους
1510 602 1567 676 ἐπ’
1590 601 1658 676 ἄλ-

350 718 450 790 λοις,
481 710 594 794 μέχρι
624 701 792 775 πάντων
819 711 899 775 τῶν
926 727 988 774 σοι
1008 707 1266 792 πειθομένων
1288 697 1571 794 ἁλισκομένων
1592 715 1659 794 μία

351 835 410 889 τις
433 801 531 894 ἄρχῆ
553 801 847 893 σωφρονῆσασα
873 811 938 874 καί
959 807 1227 890 προειδομένη
1250 802 1297 872 τὸ
1320 811 1539 892 συμβαῖνον
1562 803 1659 876 πόν-

350 933 420 986 τας
455 900 568 992 ὖμᾶς,
605 910 700 991 πρὶν
735 900 860 992 αὐτὴν
894 908 1216 992 προαπολέσθαι,
1252 909 1442 990 παγγενεί
1474 909 1658 977 διολέσει.

315 1015 332 1068 5
350 1009 456 1076 εἰπεῖν
483 1008 519 1074 δὲ
544 1009 621 1090 περὶ
647 999 783 1074 τούτων
805 999 865 1091 οὐχ
886 1007 973 1092 αἱρεῖ
993 998 1107 1092 λόγος,
1130 998 1172 1073 ου’
1193 1001 1256 1091 γὰρ
1279 1007 1366 1092 λέγει
1388 1033 1440 1084 τις
1462 999 1559 1092 ἡμῶν
1579 1010 1656 1091 περὶ

350 1113 437 1176 τῶν
459 1109 531 1175 νῦν
552 1098 853 1187 βασιλευόντων
875 1096 944 1186 ὅτι,
966 1102 1026 1174 ἐὰν
1048 1107 1285 1184 πεισθέντες
1307 1097 1447 1186 ἁλῶσι,
1469 1103 1562 1185 τούς
1582 1100 1655 1192 μετ’

350 1201 475 1286 αὐτοὺς
509 1199 615 1274 πόλιν
650 1210 848 1290 πείσομεν,
884 1199 1082 1274 κάκείνων
1118 1197 1303 1272 ἁλόντων
1338 1199 1442 1273 πόλιν
1471 1201 1552 1284 τούς
1581 1202 1655 1292 ἑξῆς

349 1311 549 1391 πείσομεν.
590 1298 703 1372 πόθεν
734 1308 770 1372 δὲ
800 1310 856 1374 καί
886 1299 1071 1390 ἆπέῤῥιψεν
1106 1293 1161 1372 ότι
1190 1300 1278 1372 κατὰ
1312 1301 1471 1391 διαδοχὴν
1503 1297 1553 1372 ἀεὶ
1584 1310 1656 1372 τῶν

349 1400 503 1490 ὑστέρων
532 1407 792 1490 πειθομένων
823 1397 901 1491 ῆμῑν
923 1407 978 1472 καὶ
1009 1396 1288 1489 ἁλισκομένων
1311 1400 1365 1472 διὰ
1387 1400 1429 1472 τὸ
1450 1400 1494 1490 μῆ
1516 1397 1655 1490 ἀμύνεσ-

300 1510 332 1564 10
349 1513 411 1572 θαι
443 1501 523 1584 τούς
553 1509 733 1590 πολεμίους
761 1509 827 1590 μία
859 1530 919 1582 τις
940 1496 1038 1589 ἆρχῆ
1063 1496 1360 1589 σωφρονῆσασα
1386 1507 1451 1569 καὶ
1472 1505 1657 1588 προετέο-

348 1607 444 1690 μένη
476 1599 521 1672 τὸ
551 1608 774 1690 συμβαῖνον
803 1607 992 1689 παγγενεὶ
1019 1595 1104 1688 ῆμᾶς
1130 1605 1317 1684 διολέσει;
1345 1595 1419 1670 ἀλλ’
1442 1603 1530 1672 ἔοικε
1554 1610 1657 1686 φλυα-

349 1708 423 1788 ρίας
458 1705 495 1770 ἐν
531 1697 668 1783 τούτοις
703 1699 779 1788 ἑξῆς
816 1697 1001 1770 συνάπτων
1028 1707 1083 1770 καί
1114 1695 1209 1770 τοῦτ’
1238 1694 1297 1786 ἀφ’
1328 1700 1451 1770 ἑαυτοῦ
1480 1695 1656 1787 ἇπεῤῥοιβ-

351 1805 494 1887 δηκέναι.

433 1919 557 1987 LXXII.
586 1914 682 1986 Μετὰ
705 1921 740 1986 δὲ
763 1922 870 1986 ταῦτα
893 1911 992 2003 εόχῆν
1013 1941 1092 1984 τινα
1113 1915 1221 1985 είπών
1244 1911 1324 2003 τῆν·
1352 1920 1385 1985 εί
1406 1913 1477 2002 γὰρ
1500 1913 1546 2003 δι)
1570 1910 1658 1985 οἶόν

300 2031 332 2085 15
350 2045 391 2087 τε
415 2021 469 2098 είς
491 2015 558 2086 ένα
581 2021 856 2103 συμφρονῆσαι
878 2009 1003 2100 νόμον
1025 2012 1119 2095 τοὺς
1138 2012 1211 2103 τῆν
1230 2009 1358 2084 Ἀσίαν
1379 2020 1443 2082 καὶ
1459 2011 1660 2103 Εὐρώπην

350 2121 416 2186 καὶ
438 2113 588 2203 Λιβύην
612 2106 807 2204 Ἕλληνάς
833 2142 874 2184 τε
899 2119 963 2182 καὶ
984 2110 1206 2201 βαρβάρους
1228 2107 1317 2202 α’χρι
1343 2110 1530 2200 περάτων
1552 2141 1659 2185 νενε-

349 2219 565 2304 μημένους,
588 2210 759 2286 ἀδύνατον
774 2220 879 2285 τοῦτο
894 2217 1032 2300 νομίσας
1048 2212 1132 2283 εἰναι
1147 2216 1298 2301 ἐπιφέρει
1313 2205 1368 2284 ότι
1390 2207 1409 2282 ὁ
1430 2218 1555 2284 τοῦτο
1577 2210 1659 2284 026-

350 2341 470 2402 μενος
495 2313 604 2384 οἶδεν
634 2309 759 2384 οὐδέν.
803 2317 832 2382 εί
862 2317 898 2382 δὲ
927 2311 988 2402 χρῆ
1019 2319 1075 2382 καὶ
1105 2307 1199 2382 τοῦτ’
1224 2317 1338 2395 εἰπεῖν,
1367 2317 1535 2395 λελέξεται
1562 2306 1659 2401 ὀλίγα

352 2419 398 2496 είς
431 2411 494 2484 τὸν
524 2408 649 2496 τόπον,
677 2408 838 2501 δεόμενον
865 2418 995 2502 πολλῆς
1021 2408 1204 2498 ἐξετάσεως
1224 2419 1279 2482 καὶ
1301 2415 1521 2500 κατασκευῆς,
1550 2415 1595 2494 είς
1617 2411 1658 2482 τό

299 2527 334 2582 20
353 2519 505 2602 φανῆναι
532 2509 572 2583 οὕ
597 2509 705 2601 μόνον
727 2511 875 2584 δυνατὸν
897 2508 1061 2584 ἀλλὰκαὶ
1083 2507 1210 2602 ἀληθὲς
1232 2509 1273 2582 τὸ
1295 2507 1478 2600 λεγόμενον
1499 2518 1573 2598 περὶ
1595 2518 1658 2582 τοῦ

353 2616 407 2696 είς
435 2615 502 2684 ένα
533 2618 812 2701 συμφρονῆσαι
843 2609 969 2699 νόμον
997 2617 1068 2684 πᾶν
1097 2609 1139 2682 τὸ
1167 2608 1314 2700 λογικόν.
1356 2613 1389 2681 σί
1414 2617 1476 2699 μὲν
1501 2602 1564 2681 οὖν
1588 2607 1656 2681 ἀπὸ

352 2717 415 2801 τῆς
435 2718 565 2794 Στοᾶς,
587 2709 876 2801 ἐπικρατήσαντος
898 2705 946 2795 σός
968 2709 1044 2784 οἶόν
1066 2741 1104 2782 τε
1126 2717 1189 2782 τοῦ
1210 2714 1426 2799 ἰσχυροτέρου
1447 2717 1521 2781 τῶν
1542 2705 1658 2781 ἄλλων

353 2817 529 2900 στοιχείου,
553 2809 618 2900 τῆν
638 2809 863 2900 ἐκπύρωσιν
885 2813 1018 2883 ἐσεσθαι
1039 2808 1185 2882 πάντων
1206 2812 1251 2893 είς
1272 2815 1340 2899 πῦρ
1362 2810 1657 2898 μεταβαλλόντων.

353 2907 446 3000 ἡμεῖς
472 2913 508 2980 δὲ
535 2914 596 2998 τῆς
623 2915 760 2999 λογικῆς
786 2910 919 2998 φύσεώς
942 2939 1051 3000 φαμεν
1074 2904 1156 3000 ὅλης
1176 2916 1340 2998 κρατῆσαί
1361 2937 1448 2980 ποτε
1468 2907 1532 2980 τὸν
1554 2908 1659 2999 λόγον

300 3031 335 3085 25
352 3016 408 3080 καί
443 3014 668 3098 μεταποιῆσαι
702 3015 814 3080 πᾶσαν
849 3010 961 3100 ψυχὴν
997 3013 1043 3094 είς
1078 3009 1142 3099 τῆν
1176 3011 1298 3080 ἑαυτοῦ
1327 3006 1537 3098 τελειότητα,
1573 3008 1659 3080 ἐπὰν

441 3230 479 3285 15
498 3229 560 3298 vgl.
579 3229 650 3284 oben
669 3229 681 3282 Ι
700 3231 740 3285 14.
757 3229 799 3284 24.
824 3229 849 3283 V
866 3232 908 3283 41.
926 3260 959 3268 -
977 3230 1017 3286 28
1035 3231 1099 3300 vgl.
1117 3230 1189 3285 oben
1206 3230 1231 3283 V
1250 3233 1291 3297 15,
1309 3230 1335 3284 S.
1353 3231 1386 3284 16
1403 3229 1429 3282 Z.
1448 3229 1492 3284 2f.

440 3415 456 3468 l
482 3407 532 3469 εἶτ’
554 3415 602 3470 Βο.
620 3414 719 3482 (Notae
736 3431 762 3483 p.
780 3415 842 3481 409)
864 3413 922 3468 Del.
942 3417 964 3482 (Ι
983 3415 1033 3470 ῖ95
1054 3417 1134 3468 Anm.
1153 3415 1179 3482 a)
1205 3408 1258 3470 εἶδ’
1276 3414 1305 3468 in
1328 3407 1390 3468 οὐδ’
1407 3415 1518 3469 corr.A
1545 3412 1572 3469 εί
1594 3406 1620 3468 θ’
1638 3415 1660 3466 Ρ

353 3497 521 3568 MVAusgg.
545 3500 550 3567 Ι
573 3494 673 3568 ἁλῶσι]
693 3491 711 3552 ἃ
729 3515 779 3552 aus
796 3491 815 3551 σί
834 3498 909 3566 (oder
928 3492 947 3552 α’
966 3516 1014 3553 aus
1032 3490 1079 3566 ἄλ)
1102 3515 1170 3553 corr.
1193 3501 1217 3552 A
1241 3501 1246 3568 Ι
1270 3499 1289 3554 2
1312 3491 1520 3568 ἁλισκομένων]
1540 3489 1559 3552 ἇ
1576 3493 1661 3553 ευειί

354 3583 430 3650 (oder
452 3577 471 3637 εί
495 3601 544 3638 aus
562 3575 611 3653 ἄλ)
634 3599 702 3638 corr.
720 3585 746 3636 A
765 3585 769 3651 Ι
789 3581 881 3637 hinter
899 3575 1099 3652 ἁλισκομένων
1116 3591 1148 3648 -ί-
1167 3577 1373 3651 ἇλισιιομένιυν,
1397 3583 1469 3637 doch
1492 3583 1660 3654 expungiert.

355 3669 379 3722 A
394 3669 398 3735 Ι
412 3668 464 3736 μία
488 3667 612 3724 schreibe
635 3667 681 3720 ich
698 3665 750 3721 mit
767 3665 847 3721 Keim
866 3665 977 3736 (Celsus’
996 3668 1114 3724 Wahres
1131 3669 1220 3736 wort,
1238 3667 1265 3722 S.
1283 3668 1334 3723 138
1351 3670 1431 3722 Anm.
1449 3669 1483 3736 2),
1502 3668 1558 3737 vgl.
1575 3671 1662 3723 unten

353 3753 380 3806 Z.
400 3754 445 3815 10;
475 3751 502 3808 εἰ
533 3747 572 3822 μῆ
609 3752 675 3807 oder
709 3745 798 3821 ῆμία
833 3751 897 3806 lieet
929 3752 977 3808 Βο.
1007 3754 1104 3822 (Notae
1126 3772 1150 3824 p.
1173 3753 1248 3821 409),
1284 3743 1344 3821 ἅμα
1372 3755 1507 3822 AAusgg.
1532 3755 1537 3821 1
1564 3754 1581 3808 θ
1608 3771 1661 3808 σισ-

354 3833 574 3909 φροίββνῆσασα
601 3837 650 3906 [so]
677 3853 726 3891 aus
753 3831 944 3907 σωφροσένης
966 3853 1033 3891 corr.
1051 3841 1090 3891 Α2
1112 3839 1117 3907 Ι
1141 3837 1160 3892 4
1188 3831 1277 3906 αι’πῆν
1299 3837 1346 3892 Βο.
1365 3836 1463 3906 (Notae
1480 3855 1505 3908 p.
1524 3839 1584 3906 409)
1602 3838 1660 3892 Del.

355 3923 377 3987 (Ι
397 3924 446 3978 ῖ95
465 3924 545 3976 Anm.
563 3922 587 3991 ε)
606 3915 678 3990 αὐτῆ
695 3922 719 3973 Δ
737 3911 810 3990 αὐτὴ
827 3919 991 3992 PMAusgg.
1011 3925 1015 3992 Ι
1036 3919 1166 3992 διολέσει]
1185 3941 1209 3979 ει
1227 3921 1295 3976 halb
1313 3921 1454 3976 ετΙοεεΙιεα
1472 3923 1496 3976 A
1516 3924 1552 3990 ΙΙΙ
1573 3917 1663 3978 είπεῖν

354 4004 385 4061 δέ
403 4002 599 4077 περὶτούτων
617 3999 669 4075 οὐχ
688 4001 767 4076 αἱρεῖ
781 3999 869 4076 λόγος
887 4007 1008 4062 εοΙιτεὶίιε
1025 4007 1071 4060 ich
1088 4007 1140 4062 mit
1157 4007 1216 4061 Del.
1235 4007 1257 4076 (Ι
1276 4007 1325 4062 795
1343 4007 1423 4060 Anm.
1437 4007 1473 4074 ἀ),
1493 4000 1662 4077 ἀπολογεῖσ-

355 4094 409 4146 θαι
431 4095 498 4164 περὶ
521 4087 633 4148 τούτων
656 4085 707 4158 οὐχ
726 4091 805 4161 αίρεῖ
819 4084 908 4160 λόγος
925 4081 1060 4146 vermiltet
1076 4091 1124 4146 Bo.
1140 4091 1238 4160 (Notae
1255 4109 1281 4162 p.
1293 4091 1362 4160 409),
1380 4087 1442 4146 ἐπεί
1459 4088 1489 4146 δὲ
1505 4085 1581 4163 πρὸς
1597 4088 1663 4148 τοὺ-

355 4193 415 4230 τοιν
434 4170 487 4232 οὐκ
505 4173 568 4245 ἐρεῖ
582 4171 670 4245 λόγος
687 4176 820 4242 AAnugg.
845 4176 849 4242 )
873 4175 914 4240 τίς
931 4175 979 4246 [so]
997 4177 1049 4230 auf
1061 4176 1148 4230 Rasur
1165 4180 1191 4231 A
1214 4177 1218 4244 Ι
1245 4176 1259 4231 1
1286 4167 1427 4245 ἁλόντων)
1448 4167 1465 4230 ἅ
1484 4193 1532 4232 aus
1550 4171 1569 4232 ἀ
1586 4178 1663 4246 (oder

357 4254 442 4314 τίοαε
462 4253 512 4329 ἁθ)
532 4261 642 4316 οοετ.Α
665 4261 669 4327 Ι
693 4249 940 4330 θὰλισκομένοιν]
959 4253 977 4315 ἆ
995 4279 1044 4315 aus
1062 4255 1081 4316 τί
1098 4261 1175 4330 (odor
1192 4255 1212 4316 εί
1230 4278 1278 4315 aus
1297 4252 1345 4328 ἁθ)
1363 4277 1431 4315 oorr.
1450 4262 1547 4330 Alll
1573 4264 1661 4329 φλυα-

357 4345 430 4414 ρίας)
450 4345 480 4400 ία
499 4346 549 4400 auf
563 4344 652 4400 Rasur
670 4345 694 4396 A
714 4345 719 4411 Ι
739 4343 777 4398 12
801 4336 1037 4417 ἆτιεροιβδηκέναι
1055 4351 1081 4401 A
1096 4348 1100 4414 Ι
1117 4347 1154 4402 16
1172 4346 1264 4401 hinter
1281 4339 1389 4416 Διβύην
1406 4353 1439 4411 -)-
1455 4350 1664 4409 κατοικοῦντας

357 4429 452 4493 PDel.‚
474 4431 529 4499 vgl.
548 4434 633 4484 unten
650 4428 676 4483 S.
694 4429 746 4484 290
763 4427 790 4483 Ζ.
808 4430 841 4482 11
852 4428 870 4482 f.
886 4431 890 4496 Ι
906 4429 946 4484 28
964 4430 1056 4486 hinter
1073 4424 1194 4486 ἔσεσθαι
1207 4439 1239 4496 ÷
1251 4429 1369 4500 λέγουσι
1387 4431 1437 4486 Hb.
1456 4447 1501 4484 am
1512 4429 1599 4494 Rand,
1618 4429 1661 4499 Sp.

357 4512 395 4565 im
407 4513 476 4570 Text
493 4514 633 4582 unriehtig
650 4511 755 4580 insolge
768 4511 887 4568 falscher
899 4515 1110 4584 Interpunktion
1124 4517 1129 4584 Ι
1145 4515 1185 4572 24
1201 4515 1347 4588 κρατῆσαί
1360 4515 1403 4568 bis
1415 4515 1448 4570 25
1460 4514 1661 4583 μεταποιῆσαι)

356 4591 754 4668 κρατῆσειν-μεταποιήσειν
772 4601 908 4653 εεεωυίεί
926 4599 1007 4654 (ὶυίεέ
1030 4599 1084 4668 (bei
1102 4599 1160 4655 Del.
1179 4601 1191 4654 Ι
1210 4601 1259 4656 195
1278 4601 1358 4652 Anm.
1376 4599 1409 4668 1).
