3790 5526
341 433 399 492 104
887 423 1121 482 ΩΡΙΓΕΝΟΥΣ·

341 585 521 670 στάσεως
543 582 563 677 ἢ
586 596 768 676 σχοινίον
789 585 1014 672 ἀθανασίας
1040 584 1061 678 ἢ
1088 597 1205 672 λίθος
1228 587 1420 678 μακάριος
1443 583 1463 680 ἢ
1486 598 1645 680 σίδηρος

341 683 496 778 ἀγάπης
518 683 538 776 ἢ
560 696 705 771 σκῦτος
727 682 842 776 άγιὸν
858 691 997 778 ΙέστινΙ.
1033 684 1129 778 ἢτίς
1144 696 1278 778 γραῦς,
1298 694 1362 761 ἐπὶ
1377 697 1432 780 τῷ
1448 696 1643 779 βαυκαλῆ·

340 809 406 858 σαι
435 795 598 859 παιδίον
627 795 760 878 μῦθον
788 788 1002 881 ἐπᾴδουσα,
1037 795 1205 860 τοιαῦτα
1237 795 1467 877 ψιθυρίζειν
1498 787 1568 860 ούκ
1597 785 1644 860 ἀν

339 884 535 976 ᾐσχύνθη;
554 892 593 974 Ιέ
595 886 774 970 ντούτοις
799 893 835 958 δέ
857 895 951 960 δοκεῖ
968 917 1026 978 μοι
1048 888 1166 978 φύρειν
1185 917 1228 960 τα
1243 912 1543 978 παρακουσματαο
1560 895 1643 960 Κέλ-
1663 903 1715 956 658

306 1001 406 1070 σσος.
445 986 534 1070 εἰκὸς
560 986 623 1075 γάρ
651 982 720 1070 ὅτι,
744 992 773 1058 εἲ
799 1019 832 1058 τι
859 1013 1001 1078 ηκουσεν
1023 992 1275 1077 οἱασδηπστοῦν
1298 993 1467 1112 αἱρέσεως
1476 995 1643 1076 λεξείδιον,

338 1084 383 1176 μὴ
406 1086 584 1173 τρανῶσας
605 1084 689 1158 αύτό
716 1081 780 1158 κάν
805 1087 893 1158 κατά
919 1087 961 1159 τὸ
987 1087 1137 1179 βούλημα
1163 1093 1290 1179 ἐκείνης
1316 1087 1402 1160 ἀλλὰ
1430 1087 1473 1159 τὰ
1499 1086 1645 1177 ῥημάτια

339 1183 565 1276 συμφορήσας,
587 1191 801 1256 ἐπεδείκνυτο
823 1192 861 1257 ἐν
884 1206 955 1269 τοῖς
976 1193 1079 1276 μηδὲν
1106 1191 1340 1276 ἐπισταμένοις
1365 1185 1448 1276 μήτε
1472 1195 1545 1258 τῶν
1571 1186 1645 1277 ἠμε-

339 1292 451 1375 τέρων
470 1284 556 1376 μήτε
577 1293 650 1356 τῶν
671 1291 708 1356 ἐν
729 1304 803 1368 ταῖς
825 1283 1038 1375 αἱρέσεσιν“
1009 1317 1057 1369 ως
1079 1282 1143 1374 ἄρα
1163 1283 1297 1358 πάντα
1319 1285 1366 1357 τὰ
1388 1293 1645 1376 Χριστιανῶν

339 1386 508 1475 γινώσκοι.
551 1393 656 1456 τοῦτο
679 1389 715 1454 δὲ
738 1391 843 1474 δῆλον
864 1404 955 1456 ποιεί
973 1394 1029 1455 καὶ
1050 1381 1071 1474 ἡ
1092 1391 1294 1475 προκειμένη
1318 1393 1413 1472 λέξις.

290 1527 323 1580 10
421 1506 548 1570 XXXV.
588 1499 630 1571 Τὸ
656 1508 717 1590 μὲν
747 1499 809 1589 γάρ
838 1507 982 1589 χρῆσθαι
1012 1509 1238 1589 προφητῶν
1269 1499 1408 1590 λόγοις
1439 1498 1535 1592 ἡμῶν
1564 1507 1644 1583 ἐστι,

339 1609 414 1721 τῶν
434 1599 679 1690 παριστάντων
692 1596 818 1689 Ἰησοῦν
834 1602 917 1671 εἶναι
933 1599 997 1670 τὸν
1010 1607 1325 1721 προκεκηρυγμένον
1342 1597 1397 1672 ύπ’
1413 1599 1529 1672 αὐτῶν
1544 1608 1644 1690 Χρισ-

340 1699 403 1772 τὸν
424 1707 480 1770 καὶ
507 1698 782 1772 ἀποδεικνύντων
808 1705 845 1771 ἐκ
872 1707 945 1770 τῶν
965 1707 1193 1788 προφητικῶν
1220 1699 1262 1771 τά
1289 1705 1325 1771 ἐν
1348 1719 1420 1783 τοῖς
1442 1697 1644 1790 εὐαγγελίοις

339 1805 501 1888 περὶτοῦ
521 1797 624 1890 Ἰησού
644 1806 880 1889 πληρωθέντα.
924 1797 965 1870 τὸ
988 1806 1023 1869 δέ
1044 1799 1222 1882 κύκλους
1250 1803 1313 1870 ἐπὶ
1341 1799 1507 1882 κύκλοις
1535 1807 1643 1888 λέγειν

339 1896 425 1986 τάχα
451 1907 511 2026 μέν
540 1907 596 1971 καὶ
623 1907 683 1989 τῆς
708 1905 953 1988 προειρημένης
979 1902 1071 1969 ἐστιν
1096 1902 1262 1987 αἱρέσεως,
1290 1898 1423 1988 κύκλῳ
1445 1908 1644 1986 περιλαμβα-

290 2025 321 2077 15
338 1998 461 2126 νούσης
482 2001 539 2086 ἑνΙ,
563 1995 605 2087 ἦν
626 2023 728 2085 φασιν
750 2001 834 2068 εἶναι
857 1997 921 2086 τὴν
942 2006 1015 2068 τῶν
1037 1993 1130 2070 ολων
1150 1999 1262 2088 φυγὴν
1283 2006 1337 2068 καὶ
1361 1999 1541 2082 Λευϊαθάν,
1563 1998 1644 2082 τούς

339 2098 439 2170 ἑπτὰ
462 2097 585 2171 τῶν’
565 2105 820 2187 αρχοντικῶν
839 2097 1022 2179 κύκλους,
1045 2095 1131 2185 τάχα
1151 2103 1186 2167 δὲ
1201 2095 1296 2170 κα1’
1275 2097 1344 2169 απὸ
1359 2127 1423 2170 του
1408 2095 1643 2187 ’Ἐκκλησιασ-

338 2205 401 2269 τοῦ
427 2203 497 2270 ἐστι
520 2195 738 2285 παράκσυσμα
760 2201 931 2284 λέγοντος·
962 2206 1102 2280 Ι,κυκλοῖ
1120 2205 1257 2267 κυκλῶν
1274 2196 1455 2285 πορεύεται
1477 2196 1518 2268 τὸ
1540 2204 1641 2268 πνεῦ-

338 2327 392 2387 μα,
414 2307 470 2368 καὶ
491 2303 546 2368 ἐπὶ
568 2297 740 2378 κύκλους
763 2293 868 2366 αύτού
891 2299 1082 2383 ἐπιστρέφει
1104 2293 1145 2366 τὸ
1167 2303 1325 2386 πνεῦμα“

423 2395 463 2468 τὸ
487 2394 515 2468 δ
538 2393 761 2484 ἀπορροίας
783 2400 996 2483 ἐκκλησίας
1020 2399 1200 2484 ἐπιγείου
1226 2404 1289 2467 καὶ
1314 2404 1535 2487 περιτομῆς
1557 2395 1641 2486 τάχα

255 2518 323 2572 151)Υ
340 2494 475 2585 ἐλήφθη
498 2493 566 2566 ἀπὸ
588 2503 653 2566 τοῦ
675 2493 742 2566 ύπό
766 2523 871 2564 τινων
894 2502 1048 2585 λέγεσθαι
1070 2500 1280 2583 ἐκκλησίας
1299 2503 1303 2586 Ι
1322 2496 1417 2580 τινὸς
1438 2501 1643 2586 ἐπουρανίου

338 2603 394 2668 καὶ
416 2603 610 2684 κρείττονος
637 2601 762 2677 αἰῶνος
788 2591 1011 2682 ἀπύῤῥοιαν
1039 2597 1123 2665 εἶναι
1148 2593 1214 2684 τὴν
1241 2601 1296 2666 ἐπὶ
1323 2603 1382 2686 γῆς
1412 2602 1641 2686 ἐκκλησίαν,

338 2701 395 2765 καὶ
417 2701 636 2784 περιτομῆς
662 2723 757 2776 τινος
783 2696 820 2763 ἐν
845 2703 1021 2784 καθαρσίῳ
1048 2702 1116 2766 τινὶ
1141 2697 1211 2765 ἐκεῖ
1233 2703 1450 2786 γεγενημένης
1476 2696 1643 2782 σύμβολον

338 2797 426 2865 εἶναι
448 2793 511 2883 τὴν
532 2799 569 2864 έν
591 2801 641 2883 τῷ
661 2790 755 2882 νόμῳ
777 2799 1013 2882 γεγραμμένην.
1050 2793 1278 2882 Προυνικδν
1303 2801 1341 2865 δέ
1361 2825 1451 2866 τινα
1472 2804 1597 2884 σοφίαν
1612 2801 1644 2867 οἱ

340 2891 408 2968 άπὸ
434 2893 660 2965 Οὐαλεντίνου
683 2889 884 2982 ὀνομάζουσι
897 2892 985 2963 κατὰ
1001 2892 1065 2982 τὴν
1082 2901 1345 2984 πεπλανημένην
1361 2895 1495 2966 ἑαυτῶν
1509 2904 1642 2982 σοφίαν,

287 3017 321 3073 25
339 3025 378 3085 ης
404 2991 573 3081 σύμβολον
600 2996 684 3064 εἶναι
709 2991 893 3078 βούλονται
923 3000 977 3063 καὶ
1009 2992 1140 3064 δῶδεκα
1170 2995 1280 3065 ἐτεσιν
1311 2997 1570 3084 αίμοῤῥσοῦσαν·
1601 2991 1644 3085 ἣν

338 3091 554 3184 παρακούσας
576 3089 594 3164 ὁ
617 3087 683 3183 ύμα
704 3090 817 3164 πάντα
840 3089 963 3180 φύρων
979 3091 1021 3163 τὰ
1042 3088 1214 3180 Ἑλλήνων
1228 3101 1284 3164 καὶ
1299 3095 1478 3182 βαρβάρων
1500 3103 1644 3166 καὶτῶν

339 3199 376 3264 ἐν
402 3211 475 3275 ταῖς
506 3196 667 3280 αἱρέσεσιν
693 3193 765 3263 είπε
792 3188 846 3262 τύ·
867 3198 1098 3280 Προυνικοῦ
1129 3220 1246 3275 τινος
1276 3191 1444 3282 δύναμιν
1475 3195 1645 3283 ῥέουσαν

339 3297 552 3378 παρθένου.

423 3496 441 3551 8
460 3493 523 3562 vgl.
541 3495 613 3548 oben
631 3497 642 3548 Ι
662 3497 701 3558 12,
720 3496 731 3547 Ι
750 3497 783 3549 64
800 3493 826 3546 Ζ.
846 3495 883 3548 12.
902 3525 936 3532 -
955 3495 993 3549 13
1011 3493 1073 3562 vgl.
1092 3493 1162 3547 oben
1181 3495 1218 3548 Vl
1236 3497 1277 3560 30,
1296 3497 1322 3550 S.
1341 3498 1374 3551 99
1392 3496 1417 3550 Z.
1430 3499 1476 3560 313
1495 3497 1536 3562 33,
1555 3497 1581 3552 S.
1595 3500 1645 3553 102

336 3580 363 3636 Ζ.
381 3581 422 3634 28.
446 3609 478 3618 -
503 3579 538 3634 11
563 3580 642 3634 Pred.
658 3580 712 3633 Sal.
731 3583 755 3642 1,
773 3581 797 3634 6.
815 3608 848 3616 —
866 3578 905 3634 23
930 3579 993 3647 Vgl.
1011 3579 1043 3632 A.
1062 3577 1235 3647 Hilgenfeld,
1252 3581 1303 3634 Die
1322 3581 1510 3650 Ketzergeseh.
1529 3581 1576 3635 δυσ
1593 3581 1643 3635 Ur·

336 3665 427 3719 christ.
446 3666 471 3719 S.
489 3665 548 3718 234.
567 3665 625 3718 239.
643 3665 701 3716 212.
719 3665 776 3718 249.
799 3694 832 3702 -
855 3663 894 3718 25
913 3662 975 3731 Vgl.
994 3663 1092 3718 matth.
1109 3665 1135 3730 9,
1152 3666 1264 3719 20-22.
1292 3666 1381 3720 Mark.
1398 3669 1422 3728 5,
1441 3669 1549 3722 25-34.
1576 3667 1644 3721 Luh.

336 3751 361 3814 8,
372 3750 475 3804 43-«18
491 3767 517 3803 u.
535 3749 670 3808 Ιτεααευε,
688 3749 758 3800 Adv.
777 3749 850 3802 haer.
868 3749 879 3800 Ι
899 3751 922 3813 1,
940 3751 964 3802 5.
982 3745 1125 3817 Ιδρίρὴαο,
1143 3748 1239 3803 Ραοοτ.
1258 3750 1270 3802 Ι
1288 3751 1329 3812 31,
1349 3755 1388 3804 14.

424 3917 482 3972 211.
501 3935 546 3970 am
564 3916 643 3969 Rand
660 3908 704 3986 διρ
721 3932 774 3969 von
793 3916 812 3968 Ι.
831 3915 897 3968 oder
915 3914 948 3966 11.
966 3911 998 3964 H.
1016 3917 1041 3967 A
1055 3914 1094 3982 12
1114 3909 1217 3981 σκύτος
1236 3917 1366 3987 AAusgg.
1382 3920 1386 3986 Ι
1403 3914 1499 3987 ΙέοτινΙ
1519 3934 1572 3971 von
1590 3918 1643 3971 mir

336 4002 408 4054 nach
425 4001 447 4053 P
464 4001 516 4054 mit
533 4003 580 4056 Bo.
599 4000 696 4070 (Notae
713 4019 739 4070 p,
757 4001 830 4066 396),
853 3999 902 4052 der
919 3997 990 4051 auch
1008 3991 1025 4067 ἢ
1043 3999 1171 4054 δυΙιίυίετ
1189 4002 1322 4056 streichen
1341 4003 1411 4066 will,
1429 4021 1455 4056 u.
1473 4003 1532 4058 DA
1551 4004 1573 4072 (Ι
1592 4006 1641 4058 651

336 4089 417 4140 Anm.
434 4085 462 4154 k)
481 4087 582 4154 getilgt
600 4085 639 4152 13
656 4085 761 4154 μῦθον]
780 4080 877 4153 μέθον
894 4085 930 4146 Α;
948 4099 996 4137 vor
1012 4085 1109 4150 μῦθον
1125 4085 1162 4139 isb
1178 4087 1252 4141 wohl
1273 4082 1450 4156 (μεθύουσα)
1464 4087 1641 4157 αυεςείυΙΙεα,

336 4170 391 4240 vgl.
409 4172 495 4224 unten
513 4169 609 4234 1137,
628 4170 653 4224 S.
671 4171 721 4226 106
739 4171 765 4226 Ζ.
783 4171 816 4224 22
838 4172 842 4236 Ι
866 4164 1013 4243 ἐπᾴδουσα
1036 4168 1158 4224 schreibe
1175 4171 1234 4236 ich,
1257 4171 1311 4241 vgl.
1329 4175 1415 4226 unten
1434 4172 1471 4225 VI
1489 4173 1530 4234 37,
1548 4171 1573 4226 S.
1592 4175 1643 4230 106

336 4255 362 4307 Z.
378 4255 423 4320 22;
451 4249 601 4325 ἐπάγουσα
620 4256 750 4323 AAusgg.
776 4256 780 4322 Ι
803 4254 822 4309 9
845 4247 1000 4323 γιγνώσκοι
1018 4255 1148 4322 AAusgg.
1173 4259 1177 4322 Ι
1202 4256 1240 4310 11
1265 4248 1311 4310 ὕπ’
1329 4253 1424 4310 αὐτῶν
1440 4257 1577 4326 MAusgg.
1595 4249 1642 4312 ὑπ’

337 4333 426 4394 αύτδν
448 4341 472 4392 A
497 4341 501 4408 Ι
526 4340 564 4395 14
591 4333 861 4412 περιλαμβανούσης
882 4337 981 4390 1119011·
991 4338 1093 4406 Ausgg.
1121 4336 1377 4409 περιλαμβάνουσα
1399 4344 1424 4394 Α
1448 4343 1452 4408 Ι
1478 4341 1514 4397 l?
1543 4344 1648 4396 κυκλοῖ

335 4427 449 4478 κυκλῶν
466 4425 538 4478 LXX
547 4428 648 4494 Ausgg.
666 4419 766 4479 κύκλοι
783 4417 897 4477 κύκλων
913 4425 938 4476 A
952 4424 957 4489 Ι
973 4422 1010 4478 21
1032 4419 1138 4486 αἰῶνος
1158 4423 1291 4492 MAusgg.
1311 4421 1382 4479 αέῶν
1399 4429 1421 4479 Α
1438 4426 1497 4493 125
1515 4427 1574 4495 καί]
1592 4421 1645 4496 τὴν

337 4511 474 4562 vermutet
492 4509 573 4562 Guiet
590 4508 644 4575 (bei
659 4508 719 4561 Del.
737 4507 750 4560 l
768 4508 819 4562 658
836 4510 915 4560 Anm.
930 4508 957 4575 d)
973 4510 977 4576 Ι
997 4503 1223 4578 αΙμορροουσιιν
1241 4508 1289 4578 [so]
1303 4513 1327 4562 A
1340 4505 1545 4581 αἱμορροῦσαν
1562 4511 1620 4565 Del.
1639 4513 1642 4578 Ι

340 4593 380 4648 28
399 4591 558 4664 παρθένον]
577 4589 724 4646 πανθένον
741 4595 772 4644 A.
