3758 5564
663 474 756 530 ιιεει
774 473 910 529 ευμεν
933 473 983 546 εε,
1001 477 1026 530 ε.
1043 477 1068 533 ε.
1086 477 1109 531 ι.
1127 477 1152 531 8.
1496 484 1556 548 379

251 634 338 726 πρὸς
364 637 445 722 τούς
469 642 525 707 καί
552 633 630 726 ἡμίν
652 629 867 726 ὀφλήσοντας
887 643 943 709 καί
964 636 1009 728 μὴ
1030 633 1294 724 ἀποδεδωκότας
1315 639 1380 730 τὴν
1402 635 1557 729 όφειλὴν·

252 743 308 807 καί
334 733 480 826 μάλιστα
506 735 566 807 ἐάν
592 735 637 826 μὴ
663 736 975 824 ἐπιλανθανώμεθα
1002 745 1075 809 τῶν
1101 743 1147 822 εἰς
1168 736 1210 810 τὸ
1232 749 1331 812 θείαν
1353 736 1431 830 ἡμῖν
1451 767 1556 828 παρα-

253 842 490 926 νενομημένων
514 843 571 906 καί
597 841 658 924 τῆς
683 841 751 921 ,είς
777 835 820 908 τὸ
843 830 953 926 ὕφος(
974 834 1103 922 ἀδικίας
1131 833 1210 928 ἡμίν
1231 846 1457 929 λελαλημένης
1479 835 1556 929 ἤτοι

252 932 339 1006 κατά
366 930 506 1024 ἄγνοιαν
531 941 593 1024 τῆς
618 931 779 1024 ἀληθείας
805 929 826 1024 ἢ
852 935 940 1008 κατὰ
962 943 1200 1028 δυσαρέστησιν
1221 937 1286 1028 τὴν
1307 937 1394 1028 πρὸς
1415 939 1458 1012 τά
1480 963 1556 1028 συμ-

218 1059 234 1110 5
251 1031 359 1119 βάντα
381 1031 459 1124 ἡμῖν
480 1031 708 1122 περιστατικά

335 1161 362 1222 7.
403 1155 431 1220 εί
468 1155 502 1222 δὲ
530 1149 575 1241 μὴ
606 1147 799 1240 βουλόμεθα
829 1147 1016 1244 πρᾳότεροι
1051 1160 1203 1240 γίνεσθαι
1239 1153 1326 1242 πρὸς
1363 1152 1442 1237 τούς
1478 1149 1557 1243 ἡμῖν

253 1245 483 1340 όφλήσαντας,
509 1245 696 1338 πεισόμεθα
723 1248 765 1321 τὰ
792 1257 854 1322 τοῦ
880 1250 923 1322 τά
950 1249 1095 1334 ,ἑκατὸν
1117 1249 1279 1342 δηνάρια“
1302 1261 1352 1345 τῷ
1377 1247 1555 1342 ὁμοδούλῳ

251 1348 295 1439 μὴ
323 1346 616 1438 συγχωρήσαντος,
644 1344 764 1422 ὅντινα
789 1356 1121 1440 προσυγχωρηθέντα
1147 1351 1235 1424 κατά
1257 1351 1321 1442 τὴν
1342 1359 1497 1443 κειμένην
1519 1356 1556 1424 ίν

252 1455 302 1539 τῷ
336 1445 514 1538 εὐαγγελίῳ
545 1449 742 1540 παραβολὴν
772 1447 942 1540 ἐνειλήσας
971 1447 1147 1538 ἐκπράσσει
1173 1446 1191 1522 δ
1220 1448 1385 1542 δεσπότης
1409 1450 1452 1522 τά
1473 1479 1555 1539 προ·
1631 1483 1633 1486 ·

200 1570 234 1624 10
252 1555 543 1638 συγκεχωρημένα,
571 1555 680 1638 λέγων
702 1546 812 1639 αύτῷ·
840 1556 989 1640 ,πονηρὲ
1016 1556 1114 1620 δοῦλε
1134 1557 1190 1620 καί
1212 1545 1364 1640 όκνηρὲ,“
1385 1547 1469 1636 ,ούκ
1491 1553 1556 1621 ἔδει

251 1652 383 1738 ἐλεῆσαί
412 1673 448 1719 σε
479 1647 542 1720 τὸν
569 1644 758 1720 σύνδουλόν
784 1673 858 1734 σου,
882 1646 929 1733 οἷς
950 1646 1044 1738 κάγαό
1068 1673 1104 1720 σε
1125 1645 1286 1740 ἦλέησα;“
1309 1647 1430 1734 βάλετε
1451 1646 1557 1721 αύτδν

251 1750 337 1830 ,,είς“
360 1747 424 1837 τὴν
438 1747 647 1838 ,,φυλακὴν,“
661 1748 747 1833 ,ἕως
769 1744 889 1838 ἀποδῷ
909 1755 980 1820 πᾶν
1004 1747 1045 1820 τὸ
1068 1744 1368 1838 όφειλόμενον.“
1404 1753 1555 1839 ἑπιφίρει

253 1852 287 1916 δὲ
314 1845 451 1928 τούτοις
477 1843 497 1919 ό
524 1846 652 1936 κύριος·
681 1842 819 1932 ,οὕτως
839 1855 894 1918 καί
916 1843 994 1937 ύμῖν
1017 1843 1036 1920 ό
1056 1848 1170 1938 πατὴρ
1193 1843 1212 1920 δ
1234 1845 1392 1936 σάράνιος
1413 1847 1554 1940 ποιήσει,

251 1943 310 2015 ἐὰν
331 1944 375 2036 μὴ
398 1942 527 2036 ἀφῆτε
548 1947 689 2031 ἕκαστος
710 1953 763 2038 τῷ
785 1944 923 2036 ἀδελφῷ
947 1943 1052 2018 αύτοῦ
1073 1944 1141 2019 ἀπὸ
1164 1955 1238 2019 τῶν
1259 1956 1409 2035 καρδιῶν
1429 1946 1555 2037 ύμῶν.“

201 2065 233 2119 15
251 2049 383 2131 λέγουσι
401 2053 518 2134 μέντοι
541 2073 576 2136 γε
597 2065 776 2136 μετανοεῖν
792 2065 864 2130 τοῖς
879 2053 924 2128 είς
940 2043 1024 2136 ἡμᾶς
1039 2042 1267 2136 ἡμαρτηκόσιν
1286 2043 1469 2136 ἀφετέον,
1491 2041 1556 2118 κάν

249 2142 413 2228 πολλάκις
439 2152 544 2217 τοῦτο
572 2141 590 2216 ό
622 2140 835 2234 ὀφειλέτης
865 2141 962 2235 ἡμῶν
983 2152 1083 2233 ποιῇ·
1106 2146 1206 2232 ,,ἐάν“
1228 2146 1290 2237 γάρ
1311 2145 1473 2232 ,ἑπτάκις
1494 2152 1555 2237 τῆς
1664 2171 1666 2178 ’

250 2239 371 2333 ἡμέρας
392 2241 556 2335 άμάρτη,“
580 2253 691 2336 φησὶν,
713 2251 782 2331 ,εἰς
808 2253 864 2317 σὲ“
887 2242 926 2330 ,δ
953 2243 1100 2333 ἀδελφός
1122 2256 1205 2318 σου“
1219 2253 1295 2332 ,καί
1322 2244 1461 2331 ἑπτάκις
1486 2249 1555 2318 ἐπι-

250 2350 379 2432 στρέφῃ
401 2351 524 2434 λέγων·
546 2353 714 2434 μετανοῶ,
737 2342 904 2435 ἀφήσεις
925 2341 1050 2434 αύτῷ.“
1079 2341 1140 2435 ούχ
1161 2342 1253 2436 ἡμεῖς
1268 2351 1303 2417 δὲ
1316 2355 1456 2435 χαλεποί
1468 2343 1555 2434 πρὸς

250 2441 330 2527 τούς
359 2443 403 2533 μὴ
433 2451 699 2533 μετανοοῦντας,
730 2441 803 2517 ἀλλ’
827 2446 960 2528 ἑαυτοῖς
990 2448 1023 2516 οί
1049 2452 1203 2519 τοιοῦτοί
1224 2452 1285 2518 είσι
1306 2454 1465 2536 πονηροί·
1494 2439 1555 2531 ,,ό“

199 2560 234 2615 20
249 2540 312 2631 γάρ
332 2539 601 2633 ,ἀπωθούμενος
625 2551 781 2616 παιδείαν
805 2561 893 2634 μισεῖ
916 2541 1073 2616 ἑαυτόν“·
1102 2544 1193 2634 πλὴν
1217 2552 1272 2615 καί
1294 2549 1370 2634 ἐπίΙ
1390 2553 1465 2618 τῶν
1486 2575 1554 2618 τοι·
1573 2563 1624 2618 255

251 2640 366 2712 ούτων
400 2641 465 2732 τὴν
497 2652 683 2732 θεραπείαν
706 2650 823 2741 Ιπαντί
857 2640 978 2734 τρόπῳ
1010 2650 1175 2735 ζητητέον
1205 2649 1397 2734 ἐγγενέσθαι
1428 2651 1480 2736 τῷ
1511 2643 1555 2716 τά

249 2737 362 2811 πάντα
390 2746 641 2832 διαστραφέντι,
675 2741 723 2828 αδς
753 2750 836 2834 μηδὲ
862 2749 1104 2814 συναισθέσθαι
1131 2751 1205 2815 τῶν
1230 2747 1472 2816 ίδίωνκακιῦν
1498 2772 1554 2832 με·

248 2839 347 2912 θύειν
379 2848 415 2914 δὲ
445 2848 554 2932 μέθην
583 2838 836 2934 όλεθριωτέραν
858 2849 919 2934 τῆς
940 2841 1030 2928 ,ἀπὸ
1051 2848 1176 2928 οίνου,“
1203 2843 1268 2932 τὴν
1294 2841 1362 2916 ἀπὸ
1390 2851 1453 2916 τοῦ
1480 2857 1554 2915 σκο-

249 2945 368 3029 τισμοῦ
390 2948 451 3032 τῆς
471 2950 597 3026 κακίας.

198 3082 231 3136 25
332 3065 359 3129 8.
400 3053 482 3129 δδί
508 3065 642 3141 Λουκᾶς
668 3059 787 3130 εἰπάν·
817 3055 940 3146 ,ἀφες
969 3057 1064 3150 ἡμῖν
1094 3058 1165 3143 τάς
1195 3055 1390 3149 ἀμαρτίας
1420 3054 1554 3147 ἡμῶν“

249 3159 334 3244 (ἐπεί
355 3155 399 3228 τά
421 3153 643 3248 ἁμαρτήματα
665 3154 925 3246 ὀφειλόντων
947 3156 1061 3249 ἡμῶν
1081 3165 1137 3230 καί
1158 3157 1203 3248 μὴ
1223 3153 1462 3230 ἀποδιδόντων
1476 3181 1553 3229 συν-

335 3411 350 3466 l
371 3410 434 3482 vgl.
452 3411 551 3466 Matth.
571 3413 610 3478 18,
629 3414 671 3468 30.
689 3415 731 3470 34.
746 3443 779 3454 -
798 3415 817 3470 8
838 3413 898 3484 Vgl.
916 3414 989 3470 Psal.
1008 3415 1049 3479 72,
1066 3415 1091 3470 8.
1109 3444 1142 3453 -
1164 3415 1179 3470 7
1198 3411 1263 3483 vgl.
1279 3411 1377 3466 Matth.
1390 3411 1431 3479 18,
1444 3413 1554 3468 23-35.

249 3527 281 3536 -
300 3496 339 3552 10
363 3497 426 3568 vgl.
445 3497 544 3553 Matth.
562 3499 603 3562 25,
621 3498 663 3553 26.
691 3498 732 3563 18,
752 3499 794 3554 33.
812 3500 853 3554 30.
871 3501 913 3555 34.
930 3529 963 3539 -
983 3499 1022 3554 18
1044 3498 1262 3563 1051051835.
1284 3526 1317 3536 -
1341 3497 1380 3553 10
1404 3496 1467 3566 vgl.
1485 3495 1553 3550 Luk.

249 3581 288 3648 17,
306 3584 332 3636 4.
350 3583 374 3636 3.
392 3613 425 3622 -
444 3582 483 3638 10
502 3583 580 3636 Prov.
600 3585 640 3648 16,
660 3587 675 3638 1
694 3584 745 3652 (15,
763 3585 814 3652 32).
832 3613 866 3624 ·-
885 3583 924 3639 22
947 3582 1193 3652 vgl.Prov.20,1.
1221 3581 1334 3646 ίεε.28,
1353 3585 1376 3635 1.
1395 3583 1419 3636 7.
1438 3580 1553 3652 [5121]

246 3666 345 3721 Μείίίε.
364 3668 406 3729 24,
424 3669 466 3723 49.
495 3667 563 3720 Luk.
582 3668 622 3731 12,
640 3669 682 3723 45.
707 3667 828 3724 I'Phess.
845 3669 870 3735 5,
889 3671 962 3722 7.-
983 3667 1022 3723 25
1040 3667 1108 3722 Luk.
1128 3669 1167 3730 11,
1184 3668 1210 3722 4.

331 3885 348 3938 8
369 3887 419 3940 καί
444 3891 494 3955 τῆς
520 3883 561 3951 είς
585 3879 619 3941 τδ
643 3876 724 3955 ύψσς
750 3879 860 3950 ἀδικίας
885 3883 953 3954 ἡμῖν
977 3881 1178 3954 ίελοιλημένης]
1204 3886 1254 3940 καί
1279 3887 1338 3939 τῶν
1359 3881 1400 3950 είς
1420 3877 1455 3939 τό
1478 3873 1553 3953 ύψσς

247 3963 355 4033 ἀδικίας
372 3959 441 4038 ἡμῖν
457 3967 659 4038 λελαλημένων
675 3970 740 4025 lieet
756 3971 834 4026 Βειιί.
853 3970 908 4040 (bei
926 3969 985 4023 Del.
1003 3970 1015 4022 I
1033 3971 1083 4025 254
1101 3971 1181 4023 Anm.
1200 3967 1224 4038 f)
1243 3969 1313 4024 ohne
1332 3968 1427 4024 Grund
1441 3966 1482 4037 14
1503 3969 1553 4036 τῆς

247 4048 383 4123 ἀληθείας
394 4053 517 4108 schreibe
529 4055 574 4108 ich
587 4055 638 4109 mit
649 4055 731 4124 Angl.
744 4054 799 4124 (bei
810 4055 869 4109 Del.
882 4056 894 4109 1
906 4054 986 4124 εισι)
1004 4071 1030 4107 u.
1043 4053 1199 4122 οε1.(1254
1212 4055 1292 4107 Anm.
1305 4053 1337 4122 f),
1355 4057 1409 4108 τοῦ
1426 4045 1553 4121 ἀληθοῦς

246 4138 324 4192 Βευί.
334 4137 472 4207 (είιευδε.);
483 4144 534 4208 τῆς
545 4134 672 4209 ἀληθοῦς
682 4139 812 4209 TAusgg.
827 4139 832 4207 Ι
847 4138 867 4194 θ
879 4133 1033 4209 δνειλὴσας]
1048 4132 1174 4209 ἀνηλεῶς
1185 4138 1248 4192 liest
1260 4137 1399 4206 Benh(bei
1410 4135 1490 4190 D01.1
1502 4135 1552 4191 254

246 4227 326 4278 Anm.
344 4225 385 4292 g),
412 4217 569 4292 ἀπειλήσας
589 4224 672 4294 Angl.
690 4225 724 4294 (ε.
742 4241 768 4278 ε..
786 4223 827 4291 Ο.)
850 4224 922 4278 ohne
944 4223 1051 4288 Grund,
1075 4223 1130 4292 νηί.
1147 4223 1265 4292 Hosyeh.
1283 4239 1302 4276 ε.
1321 4240 1347 4276 v.
1364 4216 1503 4290 ἐνείληται
1524 4235 1551 4273 ιι.

245 4307 344 4361 Μείίίι,
364 4308 404 4375 18,
421 4309 463 4364 30.
481 4309 515 4363 34
538 4311 542 4377 1
569 4308 607 4364 14
628 4303 726 4378 αὐτοῦ]
746 4300 835 4364 αίποῦ
850 4308 936 4362 Lond.
960 4309 965 4376 Ι
990 4309 1029 4364 18
1047 4325 1073 4364 u.
1087 4308 1123 4364 17
1143 4301 1268 4376 ἑπτάκις]
1286 4301 1356 4362 ἑπτά
1373 4306 1396 4359 Τ
1416 4306 1420 4374 Ι
1441 4307 1480 4362 10
1501 4309 1553 4374 τῆς

246 4409 298 4446 von
316 4393 338 4447 I.
350 4392 382 4446 H.
395 4392 603 4462 iibergesehr.'l'
618 4396 622 4462 Ι
638 4393 677 4450 20
695 4389 741 4448 ἐπί
758 4397 817 4448 τῶν
833 4387 976 4447 τοιούτων
992 4391 1115 4447 schreibe
1127 4391 1173 4446 ich
1184 4391 1236 4446 mit
1252 4391 1311 4446 Del.
1324 4389 1551 4459 (1254455111),

246 4473 293 4531 ἐπί
304 4480 346 4551 τῷ
357 4475 481 4550 τοιούτῳ
494 4478 571 4532 Βεοί.
585 4477 718 4546 (ebenda),
738 4473 784 4533 ἐπί
795 4481 855 4532 τῶν
871 4471 1035 4532 ποιούντων
1051 4477 1181 4546 TAusgg.
1197 4479 1201 4545 Ι
1217 4477 1255 4533 21
1275 4475 1365 4530 ίιὶαίεε
1382 4471 1552 4546 ἐγγενέσθαι

246 4569 278 4625 -ί-
297 4554 386 4630 αύτὴν
402 4562 483 4630 Angl.
507 4568 541 4631 (a.
560 4579 585 4618 ε.
603 4562 656 4629 0.),
684 4562 733 4616 der
760 4557 922 4617 ποιούντων
947 4561 1090 4616 beibehalt
1113 4562 1117 4628 Ι
1141 4561 1181 4617 20
1204 4552 1294 4631 ἡμῶν]
1322 4551 1391 4631 ἡμῖν
1416 4562 1552 4614 τετωυίεί

246 4646 326 4715 Angl.
344 4647 378 4715 (ε.
397 4663 420 4700 ε..
439 4645 480 4716 0.)
498 4646 643 4716 unrichtig.
