3772 5526
373 481 410 541 10
914 471 1136 526 ανινιιιιονν

369 634 461 724 παρὰ
491 632 606 706 πάντα
634 633 677 705 τὰ
706 639 760 706 ἐπὶ
790 641 850 725 γῆς
880 637 974 722 ἔθνη.
1016 639 1200 723 γέγραπται
1229 637 1314 721 γοῦν
1343 637 1381 703 ἐν
1408 639 1675 722 Δευτερονομίῳ·

370 740 448 818 ,καί
469 734 513 824 μή
536 762 622 805 ποτε
645 730 836 822 ἀναβλέψας
857 738 904 816 είς
925 731 988 804 τόν
1010 730 1185 822 οάρανόν
1205 736 1260 802 καί
1281 733 1366 802 ίδοὸν
1389 729 1453 802 τὸν
1474 724 1591 819 ήλιον
1612 737 1676 802 καὶ

285 844 354 899 119Γ
370 831 437 922 τήν
467 831 639 921 σελήνην
669 841 734 904 καί
764 833 858 916 τούς
886 829 1082 922 ἀίστέρας,
1104 827 1219 902 πάντα
1240 831 1305 903 τόν
1325 827 1454 917 κόσμον
1475 835 1539 901 τοῦ
1561 826 1676 918 οάρα-

369 937 456 1017 νοῦ,
493 938 678 1022 πλανηθείς
712 933 993 1022 προσκυνήσῃς
1032 927 1149 1013 αὐτοῖς
1183 937 1239 1001 καί
1275 929 1456 1019 λατρεόσης
1491 925 1623 1012 αδτοίς,
1655 959 1676 1000 α

335 1047 350 1100 5
368 1028 526 1119 ἀπένειμε
553 1030 668 1121 κύριος
697 1027 716 1102 ό
745 1028 827 1115 θεός
848 1055 910 1103 σου
930 1039 1012 1104 πᾶσι
1034 1050 1107 1113 τοῖς
1129 1033 1242 1102 ἔθνεσι
1263 1049 1337 1112 τοῖς
1357 1026 1523 1100 ὑποκάτω
1545 1029 1676 1110 παντὸς

367 1136 434 1202 τοῦ
463 1127 649 1222 ούρανοῦ.
693 1127 778 1221 ἡμᾶς
808 1128 839 1202 δ’
862 1133 957 1216 ἔλαβε
985 1130 1099 1218 κύριος
1126 1125 1146 1200 ό
1172 1127 1254 1212 θεδς
1275 1137 1331 1200 καὶ
1353 1127 1510 1218 ἐξήγαγεν
1532 1124 1618 1218 ἡμᾶς
1639 1132 1676 1198 ἐκ

367 1236 429 1319 τής
456 1238 600 1320 καμίνου
628 1236 690 1320 τῆς
712 1235 861 1320 σιδηρᾶς,
890 1235 925 1316 ἐξ
946 1229 1132 1318 Αἰγύπτου,
1166 1231 1250 1300 εἶναι
1278 1229 1364 1300 λαὸν
1391 1224 1488 1316 αὐτῷ
1510 1229 1676 1316 ἔγκληρον

368 1327 416 1413 σός
445 1333 482 1402 ἐν
510 1337 554 1418 ’τῇ
582 1325 686 1422 ήμέρᾳ
711 1328 849 1416 ταύτη.“
884 1335 1021 1418 ,,γένος“
1044 1337 1162 1400 τοίνυν
1183 1327 1386 1414 ,,ἐκλεκτὸν“
1407 1334 1464 1398 καὶ
1487 1335 1677 1410 ,βασίλειον

367 1427 567 1518 ίεράτευμα“
588 1435 644 1499 καὶ
665 1431 791 1511 ,ἔθνος
813 1421 929 1516 ἀγιονίί
950 1435 1006 1500 καὶ
1034 1428 1139 1512 ·,,λαὸς
1167 1433 1213 1511 είς
1234 1433 1468 1516 περιποίησιν(
1489 1432 1675 1513 κληθέντες

318 1542 350 1594 10
367 1527 436 1602 άπὸ
459 1533 544 1599 θεοῦ
568 1529 652 1599 εῖναι
674 1523 693 1598 ὁ
712 1523 870 1615 Ἐβραίων
892 1529 983 1614 λαὸς,
1005 1537 1083 1616 περὶ
1105 1556 1146 1599 συ
1168 1533 1221 1616 τῷ
1234 1523 1376 1615 Ἀβραὰμ
1398 1533 1582 1614 προείρητο
1605 1521 1673 1596 ἀπὸ

368 1635 430 1718 τῆς
463 1626 551 1716 πρός
578 1622 687 1698 αότδν
716 1631 780 1696 τοῦ
804 1633 923 1714 κυρίου
945 1633 1076 1717 φωνῆς·
1105 1623 1320 1714 ,ἀνάβλεψον
1342 1631 1388 1708 εἰς
1410 1624 1474 1698 τόν
1496 1621 1674 1712 ου’ρανὸν

367 1735 423 1798 καὶ
456 1724 646 1817 ἀρίθμησον
668 1725 748 1808 τοὺς
770 1722 958 1816 ἀστέρας,
981 1731 1008 1796 εί
1036 1724 1162 1815 δυνήσῃ
1192 1730 1412 1814 ἐξαριθμῆσαι
1441 1721 1576 1806 αὐτούς.
1618 1729 1673 1792 καὶ

368 1829 461 1898 εἷπεν
489 1821 600 1916 αότηό·
630 1819 742 1907 οὕτως
771 1829 864 1897 ἐσται
893 1824 935 1898 τό
964 1831 1093 1915 σπέρμα
1121 1835 1213 1910 σου,“
1235 1820 1299 1895 οὐκ
1328 1825 1443 1913 ἔμελλε
1469 1821 1533 1912 τήν
1555 1826 1674 1894 ἐλπίδα

368 1930 454 2014 ἔχων
476 1921 571 1997 οὕτω
594 1931 750 2015 γενέσθαι
771 1922 819 2008 σός
841 1928 874 1996 οἱ
896 1929 933 1996 ἐν
963 1921 1122 2016 οδρανῷ
1146 1922 1310 2011 ἀστέρες
1331 1941 1572 2012 προσκυνεῖν
1594 1927 1673 1992 ἐκεί-

317 2039 348 2092 15
367 2054 462 2110 νους,
499 2025 550 2109 οἷς
585 2029 622 2095 ἐκ
658 2030 721 2096 τοῦ
756 2030 905 2095 συνιέναι
936 2032 993 2095 καὶ
1022 2044 1137 2114 τηρεῖν
1168 2023 1231 2098 τὸν
1261 2020 1367 2112 νόμον
1398 2029 1460 2095 τοῦ
1490 2028 1576 2093 θεοῦ
1607 2027 1672 2107 ἐξο-

365 2131 547 2213 μαιοῦσθαι
577 2125 725 2213 ἔμελλον.
766 2132 822 2195 καί
852 2123 915 2213 γάρ
941 2131 1095 2195 λέλεκται
1120 2123 1206 2210 πρὸς
1228 2120 1365 2206 αὐτούς·
1393 2121 1527 2210 ,κύριος
1550 2116 1568 2192 ό
1591 2119 1673 2203 θεὸς

365 2221 461 2314 ὑμῶν
488 2220 681 2312 ἐπλήθυνεν
702 2221 800 2313 ὑμᾶς,
831 2231 887 2293 καί
909 2221 985 2294 ίδοό
1016 2227 1092 2294 ἐστε
1118 2220 1261 2311 σήμερον
1283 2221 1362 2294 «aasz
1389 2221 1432 2293 τὰ
1458 2217 1584 2308 ἀστρα
1611 2227 1674 2291 τοῦ

366 2323 540 2414 οὐρανοῦ
566 2328 618 2410 τῷ
640 2319 795 2410 πλήθει.“
838 2331 895 2392 καὶ
918 2327 956 2392 ἐν
977 2328 1030 2411 τῷ
1053 2321 1178 2411 Δανιὴλ
1201 2329 1236 2394 δὲ
1258 2319 1512 2411 προφητεόεται
1532 2327 1675 2390 τοιαῦτα

365 2431 442 2511 περὶ
464 2431 538 2493 τῶν
559 2420 646 2492 κατὰ
669 2421 733 2510 τήν
755 2418 951 2494 ἀνάστασιν·
981 2428 1057 2507 ,καὶ
1079 2425 1117 2492 ἐν
1141 2427 1192 2510 τῷ
1213 2427 1321 2509 καιρῷ
1344 2424 1461 2509 ἐκείνῳ
1481 2417 1675 2508 σωθήσεται

314 2519 385 2594 206
416 2518 498 2603 λαός
529 2545 590 2592 σου
616 2527 683 2605 πᾶς
714 2516 732 2592 ό
759 2525 982 2610 γεγραμμένος
1004 2525 1041 2592 ἐν
1064 2529 1106 2610 τῇ
1128 2529 1244 2611 βίβλῳ·
1273 2528 1329 2592 καὶ
1350 2526 1475 2591 πολλοὶ
1497 2527 1571 2590 τῶν
1592 2530 1674 2590 καθ·

366 2618 539 2692 ευδόντων
567 2625 604 2692 ἐν
632 2628 692 2710 γῆς
718 2621 851 2709 χώματι
879 2618 1166 2710 ἐξεγερθήσονται,
1198 2613 1296 2692 οὗτοι
1327 2623 1373 2703 είς
1404 2617 1497 2708 ζωήν
1523 2620 1673 2702 αίοόνιον,

365 2729 421 2793 καί
458 2711 557 2792 οὗτοι
592 2723 639 2802 εἰς
668 2715 858 2808 ὀνειδισμὸν
889 2727 945 2790 καὶ
973 2719 1132 2810 αίσχόνην
1162 2721 1319 2792 αἰώνιον·
1357 2727 1413 2789 καὶ
1446 2719 1478 2790 οί
1506 2724 1674 2797 συνιέντες

366 2819 598 2910 ἐκλάμψουσιν
629 2815 677 2901 σός
708 2814 728 2908 ή
759 2815 956 2908 λαμπρότης
987 2827 1050 2891 τοῦ
1078 2819 1325 2909 στερεοόματος,
1356 2825 1411 2888 καὶ
1439 2815 1507 2889 ἀπὸ
1530 2825 1605 2888 τῶν
1627 2822 1673 2886 δι-

365 2929 475 2992 καίων
496 2927 570 2991 τῶν
592 2925 736 2990 πολλῶν
758 2915 807 3001 αἷς
828 2922 861 2989 οἱ
883 2915 1046 3008 ἀστέρες
1072 2925 1118 3002 είς
1140 2919 1221 3001 τοὺς
1240 2925 1366 3001 αἰῶνας
1387 2923 1443 2988 καὶ
1466 2919 1546 2987 ἐτι.“
1590 2909 1674 2987 ὅθεν

314 3039 347 3092 25
364 3025 420 3090 καί
450 3013 469 3090 δ
491 3025 626 3100 Παῦλος
656 3018 771 3100 λαβών
800 3021 837 3088 ἐν
868 3037 940 3102 τοῖς
965 3025 1042 3107 περὶ
1067 3016 1283 3100 ἀναστάσεως
1309 3041 1404 3106 φησι·
1432 3023 1510 3104 ,καί
1532 3015 1672 3104 στόματα

364 3115 549 3208 ἐπουράνια
578 3123 635 3187 καὶ
664 3116 804 3205 σώματα
834 3121 974 3208 ἐπίγεια·
1001 3114 1075 3190 ἀλλ’
1099 3121 1195 3205 ἑτέρα
1224 3125 1285 3208 μὲν
1315 3114 1336 3206 ή
1362 3125 1436 3189 τῶν
1458 3121 1674 3203 ἐπουρανίων

364 3215 460 3306 δόξα,
490 3217 588 3306 ἑτέρα
619 3221 654 3288 δὲ
683 3212 703 3304 ή
730 3226 804 3288 τῶν
825 3223 991 3307 ἐπιγείων.
1035 3213 1121 3308 άλλη
1142 3215 1224 3303 δόξα
1246 3213 1375 3306 ήλίου,
1402 3224 1458 3288 καί
1480 3211 1567 3303 άλλη
1590 3211 1673 3300 δόξα

364 3315 546 3407 σελήνης,
577 3325 633 3386 καί
656 3312 741 3406 άλλη
765 3313 846 3402 δόξα
872 3313 1062 3406 ἀστέρων·
1092 3314 1217 3406 ἀστήρ
1245 3316 1307 3406 γάρ
1330 3313 1497 3406 ἀστέρος
1519 3319 1670 3403 διαφέρει

363 3422 399 3490 ἐν
420 3413 511 3504 δόξη.
552 3409 648 3487 οὕτω
670 3411 765 3505 καλή
787 3413 967 3498 ἀνάστασις
988 3425 1062 3488 τῶν
1083 3425 1242 3504 νεκρῶν.“

312 3535 345 3588 30
447 3513 487 3587 ου’
515 3521 633 3586 τοίνυν
664 3507 706 3603 ἦν
738 3510 881 3603 εὔλογον
911 3515 992 3598 τούς
1018 3520 1237 3604 διδαχθέντας
1262 3523 1485 3605 μεγαλοφυῶς
1506 3511 1672 3603 δπερανα-

362 3622 487 3699 βαίνειν
509 3611 623 3686 πάντα
645 3614 688 3686 τὰ
711 3612 986 3704 δημιουργήματα
1007 3621 1063 3685 καὶ
1085 3619 1233 3702 ἐλπίζειν
1254 3614 1297 3686 τὰ
1319 3609 1439 3703 ἄριστα
1461 3623 1536 3703 περὶ
1552 3613 1670 3687 αὐτῶν

446 3801 464 3856 2
491 3801 570 3855 Deut.
588 3803 618 3869 4,
637 3803 677 3856 19.
695 3802 736 3856 20.
759 3830 792 3840 -
819 3801 837 3856 8
865 3801 928 3871 Vgl.
946 3803 958 3856 1
977 3803 1050 3857 Ρείι.
1068 3804 1096 3867 2,
1114 3805 1131 3859 9
1150 3803 1212 3872 [Jes.
1230 3805 1276 3869 43,
1295 3801 1336 3856 20.
1354 3805 1395 3857 21.
1420 3801 1507 3856 Exod.
1526 3803 1566 3866 19,
1585 3803 1620 3871 6).
1637 3831 1670 3842 -

360 3889 395 3942 11
422 3887 489 3942 Gen.
509 3889 554 3951 15,
572 3889 596 3943 5.
623 3915 656 3926 —
684 3887 723 3942 16
748 3886 934 3953 Deut.1,10.
961 3917 994 3927 —
1022 3887 1061 3944 19
1088 3888 1158 3942 Dan.
1177 3888 1222 3951 12,
1241 3891 1264 3942 1.
1283 3888 1307 3942 2.
1326 3888 1350 3940 3.
1378 3915 1411 3926 —·
1441 3887 1480 3944 25
1508 3887 1603 3943 IKor.
1629 3891 1670 3954 15,

360 3974 402 4028 40.
419 3973 461 4026 41.
479 3972 520 4025 42.

444 4131 461 4186 4
486 4126 690 4204 κροσκυνὴσης
706 4135 731 4186 A
753 4123 963 4201 προσκυνήσεις
981 4129 1082 4199 Ausgg.
1105 4132 1110 4198 1
1134 4125 1293 4202 λατρεύσης
1310 4135 1335 4185 Δ
1353 4125 1521 4201 λατρεύσεις
1538 4133 1639 4197 Ausgg.
1665 4131 1667 4194 ί

360 4216 374 4269 1
393 4210 526 4285 καμήνσυ
543 4217 567 4269 Α
582 4217 586 4283 1
603 4216 643 4272 10
662 4208 741 4284 λαός]
759 4209 855 4285 λόγος,
874 4215 945 4268 doeh
963 4215 1126 4285 expungiert
1142 4231 1168 4269 u.
1187 4233 1233 4269 am
1250 4216 1330 4270 Rand
1350 4233 1404 4270 von
1421 4217 1441 4270 Ι.
1457 4214 1492 4284 [2]
1505 4214 1537 4268 H.
1555 4219 1583 4269 ¹<
1599 4205 1671 4276 λαός

360 4301 384 4352 A
399 4301 403 4367 Ι
420 4300 458 4355 16
477 4293 598 4366 ἔμελλον
615 4299 754 4370 ΔΗσ.8ρ.,
773 4299 828 4369 vgl.
847 4299 918 4354 oben
936 4300 962 4353 Z.
975 4301 1002 4364 9;
1022 4293 1122 4366 ἐμελλε
1140 4298 1199 4354 Del.
1221 4301 1224 4368 ί
1244 4301 1279 4356 17
1302 4292 1383 4368 ὑμῶν
1400 4301 1424 4353 Α
1442 4289 1524 4368 ήμῶν
1541 4303 1643 4368 Ausgg.
1664 4299 1667 4366 Ι

361 4376 439 4453 ἐμᾶς]
460 4377 522 4439 bin
541 4384 724 4438 eorrecturA
748 4384 752 4453 Ι
775 4384 815 4439 22
840 4387 889 4439 καί
912 4372 993 4439 οὗτοι
1015 4380 1055 4447 είς
1077 4375 1241 4451 ὀνειδισμὸν
1262 4387 1311 4440 καλ
1335 4381 1471 4454 αἰσχύνην
1490 4379 1608 4438 αἰώνιον
1625 4399 1668 4436 am

360 4467 438 4522 Rand
454 4468 659 4538 nachgetragen
676 4471 713 4522 Α1
736 4470 741 4538 Ι
765 4469 805 4524 23
830 4464 1039 4538 στερευίματος]
1059 4487 1076 4540 ρ
1095 4469 1341 4537 ausgebroohenA
1366 4471 1370 4536 Ι
1393 4468 1430 4523 24
1451 4469 1501 4523 καί
1519 4461 1570 4537 ἔτι]
1588 4469 1638 4522 καί
1656 4484 1670 4522 ε

359 4551 605 4622 ausgebrochenA
628 4556 632 4621 1
657 4553 697 4610 25
721 4549 851 4622 σώματα]
870 4571 911 4620 μα
930 4553 1176 4621 ausgebroehenA
1201 4555 1204 4621 1
1230 4554 1266 4610 31
1292 4547 1397 4623 αὐτῶν]
1423 4550 1519 4609 αότῶν
1540 4553 1603 4607 lieet
1621 4553 1669 4606 Bo.

359 4637 456 4705 (Notae
473 4655 498 4707 p.
516 4639 586 4706 389).
