3708 5508
350 470 410 530 250
891 461 1113 517 ανινειιοιν

350 616 418 693 άπὸ
441 628 610 711 γενέσεως·
634 619 653 694 6
676 629 718 696 δὲ
732 621 854 712 Ἰησοῦς
876 621 960 714 ἡμᾶς
982 631 1109 712 ἐδίδαξε
1130 629 1213 714 μηδὲ
1237 630 1351 704 ,,τῶν“
1373 629 1409 695 ἐν
1431 633 1475 714 τῇ
1497 631 1653 718 ἐκκλησίᾳ

349 731 521 812 ,,μικρῶν“
551 742 791 810 καταφρονεῖν,
825 729 935 813 λέγων
966 719 1021 796 ὅτι
1054 729 1107 808 „02
1134 720 1267 812 ἄγγελοι
1298 720 1415 794 αὐτῶν
1442 724 1496 796 διὰ
1522 725 1654 810 παντὸς

349 829 508 908 βλέπουσι
542 821 582 893 τὸ
614 819 801 911 πρόσωπον
833 831 896 896 τοῦ
928 820 1058 914 πατρός
1090 851 1156 910 μου
1186 829 1249 894 τοῦ
1276 827 1313 894 ἐν
1340 819 1529 910 ούρανοίς.“
1550 833 1605 896 καὶ
1632 820 1653 896 6

349 921 530 1012 προφήτης
552 929 590 993 δέ
610 947 713 1011 φησιν
734 917 789 994 άτι
812 932 1037 1013 ,παρεμβαλεῑ
1057 919 1196 1012 ἅγγελος
1217 930 1337 1011 κυρίου
1357 922 1472 1014 κύκλῳ
1496 931 1569 994 τῶν
1591 950 1653 1011 φο-

315 1027 531 1113 5βουμένων
553 1017 661 1092 αύτὸν
681 1030 737 1092 καὶ
758 1021 894 1111 ῥύσεται
916 1019 1068 1106 αύτούς.“
1673 1043 1732 1100 768

432 1118 496 1193 ούκ
521 1117 722 1210 άναιρούμεν
749 1113 812 1192 οὖν
838 1129 893 1192 καὶ
920 1119 1012 1212 ἡμεῖς
1033 1121 1075 1194 τὸ
1097 1123 1247 1205 πολλούς
1269 1125 1353 1194 εἶναι
1376 1129 1567 1210 δαίμονας
1588 1125 1652 1192 ἐπὶ

349 1229 417 1312 γῆς
439 1217 525 1293 άλλά
547 1247 656 1309 φαμεν
678 1223 762 1292 εἶναι
787 1227 849 1308 μὲν
872 1218 995 1305 αύτούς
1016 1228 1072 1292 καὶ
1094 1221 1259 1294 δύνασθαι
1280 1225 1317 1294 ἐν
1339 1239 1411 1305 τοῖς
1433 1219 1576 1309 φαύλοις
1597 1217 1653 1292 διὰ

348 1321 413 1412 τὴν
445 1326 586 1392 ἐκείνων
616 1328 749 1404 κακίαν,
785 1327 888 1409 μηδὲν
921 1327 956 1392 δὲ
984 1320 1148 1392 δύνασθαι
1181 1319 1267 1409 πρὸς
1299 1322 1380 1405 τούς
1412 1325 1654 1407 ἐνδυσαμένους

348 1421 434 1511 ,τὴν
463 1427 658 1492 πανοπλίαν
683 1427 755 1492 τού
782 1428 902 1491 θεοῦΗ
924 1429 981 1492 καὶ
1002 1417 1237 1506 ἀναλαβόντας
1268 1421 1361 1510 ἰσχύν
1383 1419 1490 1510 ,πρὸς
1512 1415 1654 1492 16³6-

298 1533 331 1588 10
349 1527 532 1610 τιστηναι,
537 1517 630 1608 πρὸς
653 1518 714 1602 τάς
735 1527 913 1605 μεθοθείας
935 1528 998 1592 τοῦ
1020 1518 1200 1644 διαβόλου(
1221 1529 1277 1592 καί
1298 1525 1516 1611 μελετῶντας
1537 1515 1585 1591 άεὶ
1608 1517 1652 1590 τὰ

348 1625 486 1692 ἐκείνων
506 1627 721 1706 παλαίσματα
743 1625 794 1708 τῷ
817 1615 1052 1709 ἐγνωκέναι,
1031 1618 1096 1696 ,ότι
1118 1617 1181 1691 ούκ
1201 1615 1335 1692 ἐστινι
1316 1640 1394 1710 ημῖν
1416 1616 1436 1709 6
1456 1616 1548 1707 πάλη
1566 1615 1653 1706 πρὸς

348 1721 427 1810 αίμα
453 1729 508 1790 καὶ
534 1716 641 1808 σάρκα
667 1715 754 1790 ἀλλὰ
775 1717 861 1806 πρὸς
883 1719 944 1803 τὰς
965 1715 1078 1808 άρχὰς,
1100 1719 1187 1808 πρὸς
1209 1719 1270 1802 τὰς
1289 1723 1447 1806 ἐξουσίας
1468 1715 1555 1804 πρὸς
1572 1715 1654 1800 τοὺς

347 1816 623 1908 κοσμοκράτορας
646 1825 709 1890 τοῦ
730 1815 873 1901 σκότους
896 1817 1037 1904 τούτου,
1063 1817 1149 1907 πρὸς
1170 1819 1213 1890 τά
1235 1817 1442 1907 πνευματικὰ
1465 1823 1526 1906 τῆς
1546 1843 1653 1904 πονη-

348 1925 421 2006 ρίας
443 1923 480 1990 ἐν
501 1937 573 2000 τοῖς
594 1922 834 2006 ἐπουρανίοιςί

298 2058 331 2111 15
431 2039 557 2104 XXXV.
595 2031 868 2124 Κατανοήσωμεν
894 2038 930 2104 δὲ
957 2041 1012 2104 καί
1038 2031 1146 2125 ἄλλην
1172 2041 1262 2120 λέξιν
1289 2039 1353 2105 τοῦ
1376 2037 1514 2116 Κέλσου,
1537 2025 1653 2114 ούτως

263 2128 554 2223 201161066666
586 2127 605 2203 6
639 2140 708 2222 μὲν
740 2139 812 2205 τοῦ
841 2129 1059 2222 Περσῶν“
1040 2163 1059 2223 η
1089 2131 1288 2224 Ῥωμαίων
1322 2139 1516 2218 βασιλέως
1548 2141 1554 2216 Ι
1587 2153 1652 2202 σα·

349 2236 501 2324 τράπης
522 2229 629 2304 κα1’
608 2225 787 2322 ύπαρχος
813 2227 833 2322 6
860 2233 1077 2324 στρατηγὸς
1103 2229 1125 2323 6
1103 2240 1386 2322 ιέπίτροπος,
1409 2235 1468 2302 ἔτι
1488 2231 1565 2322 μὴν
1585 2238 1652 2303 καί

349 2339 385 2406 οἱ
413 2333 482 2416 τὰς
507 2337 746 2422 μικροτέρας
775 2328 894 2420 ἀρχάς
921 2361 941 2421 γ
964 2329 1230 2424 ἐπιμελείας
1210 2365 1231 2426 η
1253 2331 1467 2423 ύπηρεσίας
1490 2336 1653 2420 ἔχοντες

349 2441 445 2524 μέγα
478 2427 654 2504 δύναιντ’
676 2427 723 2502 6v
750 2429 946 2516 βλάπτειν
980 2431 1258 2524 ἀμελούμενοι,
1287 2436 1323 2504 σί
1350 2429 1382 2505 θ’
1405 2435 1582 2519 ἐναέριοί
1609 2457 1651 2500 τε

299 2542 414 2606 θθκαὶ
450 2539 621 2621 ἐπίγειοι
657 2529 857 2620 σατράπαι
892 2537 957 2604 καὶ
988 2531 1173 2606 διάκονοι
1208 2532 1325 2625 μικρὰ
1356 2529 1573 2618 βλάπτοιεν
1603 2524 1652 2600 ἂν

351 2629 621 2722 ύβριζὸμενοι;
650 2625 713 2720 ὅρα
745 2629 785 2720 66
812 2639 887 2715 πῶς
908 2629 1151 2722 άνθρωπικούς
1177 2630 1379 2721 σατράπας
1401 2637 1472 2704 τοῦ
1493 2637 1548 2702 ἐπὶ
1569 2635 1652 2702 πᾶσι

351 2739 447 2804 θεοῦ
475 2727 588 2802 καί
568 2727 769 2820 υπάρχους
791 2739 846 2802 καὶ
869 2733 1116 2822 στρατηγοὺς
1136 2741 1191 2805 καί
1214 2729 1460 2822 ἐπιτρόπους
1481 2759 1536 2802 και
1559 2729 1653 2812 τούς

350 2837 588 2924 μικροτέρας
630 2827 750 2918 άρχάς
789 2838 845 2902 καὶ
886 2836 1109 2919 ἐπιμελείας
1144 2843 1199 2905 καὶ
1233 2831 1450 2923 ὑπηρεσίας
1485 2835 1653 2918 ἔχοντας

352 2930 472 3022 είσάγει
506 2927 654 3018 μεγάλα
690 2927 946 3015 βλάπτοντας
981 2931 1061 3015 τούς
1097 2929 1349 3021 ύβρίςοντας,
1379 2929 1439 3020 ούχ
1474 2925 1568 3020 ὁρῶν
1597 2921 1654 3002 ὅτι

299 3050 332 3104 25
352 3030 428 3104 ούδέ
456 3029 564 3119 σοφὸς
590 3026 778 3116 ἄνθρωπος
804 3026 1001 3118 βλάψαι”
982 3061 1024 3102 αν
1044 3029 1205 3116 βούλοιτό
1232 3061 1309 3103 τινα
1336 3026 1408 3102 ἀλλ’
1431 3025 1493 3120 ὅση
1517 3027 1655 3151 δύναμις

350 3137 405 3204 καί
427 3131 508 3214 τούς
533 3128 768 3218 ύβρίςοντας
790 3133 1004 3220 ἐπιστρέφειν
1026 3137 1081 3202 καί
1103 3137 1269 3216 βελτιοῦν
1299 3137 1329 3202 εί
1349 3129 1393 3220 μὴ
1416 3125 1481 3220 ἆρα
1504 3127 1653 3219 Λυκούρ-

350 3261 413 3321 γου
434 3237 497 3304 τοῦ
512 3233 790 3316 Λακεδαιμονίων
812 3236 1004 3319 νομοθέτου
1024 3238 1079 3302 καὶ
1102 3238 1165 3302 τοῦ
1181 3237 1324 3313 Κιτιέως
1341 3229 1503 3320 Ζήνωνος
1522 3235 1654 3318 χείρους

352 3339 434 3403 είσίν
457 3327 597 3404 οἱκατὰ
625 3329 687 3400 τὸν
710 3335 842 3400 Κέλσον
871 3328 1071 3418 σατράπαι
1100 3338 1163 3402 καί
1194 3323 1368 3420 ύπαρχοι
1398 3337 1454 3401 καί
1484 3355 1653 3420 στρατη-

351 3441 412 3520 γοί
444 3437 515 3502 τοῦ
545 3435 599 3502 ἐπὶ
630 3437 711 3502 πᾶσι
743 3435 853 3500 θεοῦ·
884 3423 938 3502 ὅτι
961 3437 1155 3519 Λυκοῦργος
1182 3437 1251 3516 μὲν,
1280 3431 1395 3514 λαβὼν
1416 3433 1568 3516 ἐξουσίαν
1590 3433 1655 3500 τοῦ

300 3544 334 3598 30
351 3527 563 3617 ἐκκόψαντες
590 3527 696 3602 αύτού
725 3528 788 3600 τὸν
816 3524 1010 3616 ὀφθαλμὸν,
1038 3527 1078 3600 06
1105 3526 1212 3617 μόνον
1234 3526 1296 3602 ούκ
1317 3526 1468 3620 ἠμύνατο
1489 3525 1576 3600 άλλά
1597 3534 1653 3598 καὶ

352 3627 414 3702 ούκ
443 3629 612 3700 ἐπαύσατο
634 3627 839 3720 κατεπᾴδων
861 3626 970 3719 αύτῷ,
993 3629 1058 3711 ίως
1079 3625 1186 3699 αύτὸν
1211 3635 1334 3700 πείσειε
1356 3638 1567 3716 φιλοσοφεῖν,
1591 3625 1654 3717 26-

438 3835 455 3890 l
479 3833 658 3903 1311111111.
678 3831 717 3896 18,
737 3837 777 3890 10.
800 3862 834 3872 -
856 3831 876 3888 4
897 3831 968 3886 Psal.
987 3835 1028 3898 33,
1046 3833 1071 3887 8.
1094 3863 1126 3870 -
1149 3833 1168 3888 8
1190 3832 1253 3902 vgl.
1271 3831 1369 3904 Ephoe.
1387 3833 1412 3896 6,
1431 3834 1470 3886 11.
1492 3863 1526 3872 -
1547 3831 1567 3888 6
1590 3831 1654 3901 vgl.

352 3917 450 3988 Ephes.
468 3921 492 3980 6,
514 3919 554 3974 10.
572 3919 613 3972 11.
636 3949 668 3957 -
692 3918 729 3974 11
750 3917 895 3988 Ερίιεεθ,
915 3917 954 3970 12.
978 3947 1011 3954 -
1033 3917 1073 3974 26
1095 3917 1158 3987 vgl.
1176 3917 1319 3984 Plutarch,
1342 3915 1602 3988 Lyeurg.cap.x1.
1621 3945 1654 3956 -·

352 4003 389 4058 31
412 4001 473 4072 Vgl.
491 4000 617 4066 Ρεειεοο,
635 4003 693 4056 Τίτε
711 3995 862 4072 fragments
879 4001 910 4056 σί
925 4001 996 4056 Zeno
1013 4001 1069 4056 and
1088 4001 1234 4058 Cleanthes
1250 4019 1276 4072 p.
1294 4001 1344 4057 233
1362 4001 1412 4056 No.
1430 4005 1471 4058 51.

437 4187 456 4244 2
475 4178 630 4252 διαπαντὸς
646 4189 671 4241 A
686 4187 690 4254 Ι
707 4186 744 4242 11
763 4185 959 4256 παλαίσματα]
978 4187 1050 4240 Δσαθ
1067 4186 1134 4240 uber
1152 4203 1169 4240 σ
1187 4185 1287 4254 ςείὶίςί
1304 4185 1348 4254 ΔΙ
1365 4185 1404 4242 18
1421 4185 1513 4241 hinter
1532 4181 1656 4252 σκάτους

353 4297 385 4354 -1-
397 4295 451 4346 τοῦ
467 4286 573 4353 αἰῶνος
589 4287 678 4342 ΡΒεί.
694 4290 698 4357 Ι
715 4287 828 4344 15-16
847 4305 892 4342 am
904 4287 984 4341 Rand
1001 4261 1053 4344 26
1068 4292 1105 4343 A¹
1120 4292 1125 4357 1
1140 4289 1179 4344 21
1198 4280 1403 4358 άνθρινπικούς
1414 4287 1656 4358 ΡΜΜΜοεςςς

353 4369 544 4446 ἀνθρωπικῶς
565 4371 888 4442 vermutetDel.(1768
905 4376 985 4428 Anm.
1004 4373 1032 4440 b)
1055 4373 1132 4428 nicht
1153 4371 1306 4443 glflcklich;
1332 4367 1520 4444 ἀνθρωπικὰς
1541 4375 1564 4428 A
1588 4375 1593 4440 Ι
1614 4371 1655 4429 20

353 4459 444 4514 hinter
459 4461 591 4530 βελτιοῦν
608 4457 653 4512 ein
671 4457 781 4512 Buchnt
800 4457 952 4512 sumaim
968 4461 993 4512 Δ
1012 4459 1016 4526 Ι
1035 4457 1072 4513 27
1092 4455 1203 4522 κιτιέινς
1220 4459 1244 4512 Δ
1262 4455 1400 4524 ίίιττιέως
1416 4457 1518 4526 Amgg.
1534 4457 1590 4524 161
1611 4449 1657 4512 αύ·

355 4543 403 4617 τῷ]
422 4543 478 4610 vgl.
496 4543 568 4597 oben
585 4543 597 4596 1
614 4543 639 4606 6,
657 4542 669 4594 I
687 4543 720 4596 59
742 4541 769 4595 Ζ.
788 4542 827 4597 10.
852 4541 890 4594 lv
907 4543 949 4604 33.
967 4543 979 4596 l
997 4543 1047 4600 303
1065 4542 1091 4596 Z.
1108 4543 1153 4604 33ς
1180 4541 1229 4596 der
1251 4541 1334 4596 Dativ
1355 4541 1416 4596 hier
1437 4539 1572 4609 aufffllig,
1591 4539 1657 4596 abet

356 4625 427 4680 wohl
445 4625 522 4681 nieht
539 4643 572 4680 zu
590 4629 677 4692 corn!
697 4626 802 4682 πείσειε
820 4626 942 4680 schreibe
959 4627 1015 4690 ich,
1033 4629 1117 4697 πείσρ
1134 4627 1182 4683 Βο.
1200 4625 1298 4694 (Notae
1315 4645 1340 4697 p.
1358 4627 1418 4694 406)
1437 4625 1496 4680 Del.
1514 4625 1604 4682 πείσει
1624 4627 1656 4678 Δ.
