<?xml version="1.0" encoding="UTF-8"?>
<!DOCTYPE html PUBLIC "-//W3C//DTD XHTML 1.0 Transitional//EN"
    "http://www.w3.org/TR/xhtml1/DTD/xhtml1-transitional.dtd">
<html xmlns="http://www.w3.org/1999/xhtml" xml:lang="en" lang="en">
 <head>
  <title>
</title>
<meta http-equiv="Content-Type" content="text/html;charset=utf-8" />
  <meta name='ocr-system' content='tesseract 3.04.00' />
  <meta name='ocr-capabilities' content='ocr_page ocr_carea ocr_par ocr_line ocrx_word'/>
</head>
<body>
  <div class='ocr_page' id='page_1' title='image "./diegriechischen01wissgoog/diegriechischen01wissgoog_0311.png"; bbox 0 0 3780 5532; ppageno 0'>
   <div class='ocr_carea' id='block_1_1' title="bbox 625 483 1542 548">
    <p class='ocr_par' dir='ltr' id='par_1_1' title="bbox 625 483 1542 548">
     <span class='ocr_line' id='line_1_1' title="bbox 625 483 1542 548; baseline 0.011 -10"><span class='ocrx_word' id='word_1_1' title='bbox 625 483 724 538; x_wconf 80' lang='grc' dir='ltr'><strong><em>ΚΑΤΑ</em></strong></span> <span class='ocrx_word' id='word_1_2' title='bbox 746 483 905 538; x_wconf 63' lang='lat' dir='ltr'><em>umor</em></span> <span class='ocrx_word' id='word_1_3' title='bbox 927 483 1001 541; x_wconf 83' lang='lat' dir='ltr'><em>vm</em></span> <span class='ocrx_word' id='word_1_4' title='bbox 1020 484 1063 540; x_wconf 90' lang='grc'><em>20.</em></span> <span class='ocrx_word' id='word_1_5' title='bbox 1079 483 1120 537; x_wconf 89' lang='grc'><em>21.</em></span> <span class='ocrx_word' id='word_1_6' title='bbox 1143 483 1184 537; x_wconf 90' lang='grc'><em>22.</em></span> <span class='ocrx_word' id='word_1_7' title='bbox 1482 485 1542 548; x_wconf 81' lang='grc'><em>239</em></span> 
     </span>
    </p>
   </div>
   <div class='ocr_carea' id='block_1_2' title="bbox 154 639 1618 3638">
    <p class='ocr_par' dir='ltr' id='par_1_2' title="bbox 190 639 1542 1632">
     <span class='ocr_line' id='line_1_2' title="bbox 239 639 1542 736; baseline -0.003 -20"><span class='ocrx_word' id='word_1_8' title='bbox 239 639 366 729; x_wconf 85' lang='grc' dir='ltr'><em>ύδατος</em></span> <span class='ocrx_word' id='word_1_9' title='bbox 394 674 413 734; x_wconf 97' lang='grc' dir='ltr'><em>η</em></span> <span class='ocrx_word' id='word_1_10' title='bbox 435 651 495 735; x_wconf 84' lang='grc' dir='ltr'><em>γῆς</em></span> <span class='ocrx_word' id='word_1_11' title='bbox 517 639 537 736; x_wconf 83' lang='grc' dir='ltr'><em>ἡ</em></span> <span class='ocrx_word' id='word_1_12' title='bbox 560 653 634 717; x_wconf 88' lang='grc' dir='ltr'><em>τῶν</em></span> <span class='ocrx_word' id='word_1_13' title='bbox 655 640 712 717; x_wconf 79' lang='grc' dir='ltr'><em>ἀπ’</em></span> <span class='ocrx_word' id='word_1_14' title='bbox 733 641 838 736; x_wconf 72' lang='grc' dir='ltr'><em>αὐτῆς</em></span> <span class='ocrx_word' id='word_1_15' title='bbox 859 653 1000 732; x_wconf 81' lang='grc' dir='ltr'><strong><em>καρπῶν</em></strong></span> <span class='ocrx_word' id='word_1_16' title='bbox 1022 642 1221 719; x_wconf 81' lang='grc' dir='ltr'><em>δοκούντων</em></span> <span class='ocrx_word' id='word_1_17' title='bbox 1242 649 1415 732; x_wconf 74' lang='grc' dir='ltr'><strong><em>περιέχειν,</em></strong></span> <span class='ocrx_word' id='word_1_18' title='bbox 1438 647 1542 732; x_wconf 85' lang='grc' dir='ltr'><em>δῆλον</em></span> 
     </span>
     <span class='ocr_line' id='line_1_3' title="bbox 241 739 1542 833; baseline -0.003 -17"><span class='ocrx_word' id='word_1_19' title='bbox 241 739 297 816; x_wconf 77' lang='grc' dir='ltr'><em>ὅτι</em></span> <span class='ocrx_word' id='word_1_20' title='bbox 324 749 356 817; x_wconf 78' lang='grc' dir='ltr'><em>οὶ</em></span> <span class='ocrx_word' id='word_1_21' title='bbox 383 743 424 816; x_wconf 86' lang='grc' dir='ltr'><em>τὸ</em></span> <span class='ocrx_word' id='word_1_22' title='bbox 446 755 544 815; x_wconf 77' lang='grc' dir='ltr'><em>θεῖον</em></span> <span class='ocrx_word' id='word_1_23' title='bbox 562 739 792 832; x_wconf 76' lang='grc' dir='ltr'><em>ίξητασμένως</em></span> <span class='ocrx_word' id='word_1_24' title='bbox 814 751 921 830; x_wconf 81' lang='grc' dir='ltr'><em>σέβειν</em></span> <span class='ocrx_word' id='word_1_25' title='bbox 942 751 1106 828; x_wconf 89' lang='grc' dir='ltr'><em>θέλοντες</em></span> <span class='ocrx_word' id='word_1_26' title='bbox 1128 740 1271 833; x_wconf 88' lang='grc' dir='ltr'><em>εύλογύν</em></span> <span class='ocrx_word' id='word_1_27' title='bbox 1292 772 1326 813; x_wconf 92' lang='grc' dir='ltr'><em>τι</em></span> <span class='ocrx_word' id='word_1_28' title='bbox 1348 739 1542 832; x_wconf 79' lang='grc' dir='ltr'><em>πράττοιεν,</em></span> 
     </span>
     <span class='ocr_line' id='line_1_4' title="bbox 238 840 1542 934; baseline 0 -20"><span class='ocrx_word' id='word_1_29' title='bbox 238 843 284 934; x_wconf 84' lang='grc' dir='ltr'><em>μὴ</em></span> <span class='ocrx_word' id='word_1_30' title='bbox 310 840 686 933; x_wconf 86' lang='grc' dir='ltr'><em>μεταλαμβάνοντες</em></span> <span class='ocrx_word' id='word_1_31' title='bbox 713 852 796 916; x_wconf 93' lang='grc' dir='ltr'><em>τῶν</em></span> <span class='ocrx_word' id='word_1_32' title='bbox 817 849 1051 933; x_wconf 77' lang='grc' dir='ltr'><em>δημοτελῶν</em></span> <span class='ocrx_word' id='word_1_33' title='bbox 1072 847 1235 932; x_wconf 75' lang='grc' dir='ltr'><em>ἑορτῶν.</em></span> <span class='ocrx_word' id='word_1_34' title='bbox 1277 841 1447 932; x_wconf 78' lang='grc' dir='ltr'><em>,,έορτὴ“</em></span> <span class='ocrx_word' id='word_1_35' title='bbox 1469 841 1542 930; x_wconf 87' lang='grc' dir='ltr'><em>γάρ,</em></span> 
     </span>
     <span class='ocr_line' id='line_1_5' title="bbox 241 936 1542 1034; baseline 0.002 -22"><span class='ocrx_word' id='word_1_36' title='bbox 241 936 290 1025; x_wconf 87' lang='grc' dir='ltr'><em>ῶς</em></span> <span class='ocrx_word' id='word_1_37' title='bbox 312 966 394 1032; x_wconf 90' lang='grc' dir='ltr'><em>φησι</em></span> <span class='ocrx_word' id='word_1_38' title='bbox 422 951 474 1026; x_wconf 84' lang='grc' dir='ltr'><em>τὶς</em></span> <span class='ocrx_word' id='word_1_39' title='bbox 499 950 555 1016; x_wconf 84' lang='grc' dir='ltr'><em>καὶ</em></span> <span class='ocrx_word' id='word_1_40' title='bbox 577 950 651 1016; x_wconf 90' lang='grc' dir='ltr'><em>τῶν</em></span> <span class='ocrx_word' id='word_1_41' title='bbox 672 936 879 1034; x_wconf 76' lang='grc' dir='ltr'><em>Ἑλληνικῶν</em></span> <span class='ocrx_word' id='word_1_42' title='bbox 900 953 1020 1032; x_wconf 80' lang='grc' dir='ltr'><em>σοφῶν</em></span> <span class='ocrx_word' id='word_1_43' title='bbox 1040 951 1156 1028; x_wconf 90' lang='grc' dir='ltr'><em>καλῶς</em></span> <span class='ocrx_word' id='word_1_44' title='bbox 1177 949 1294 1034; x_wconf 90' lang='grc' dir='ltr'><em>λέγων,</em></span> <span class='ocrx_word' id='word_1_45' title='bbox 1316 939 1436 1028; x_wconf 75' lang='grc' dir='ltr'><em>,οὐδὲν</em></span> <span class='ocrx_word' id='word_1_46' title='bbox 1457 939 1542 1014; x_wconf 82' lang='grc' dir='ltr'><em>ἄλλο</em></span> 
     </span>
     <span class='ocr_line' id='line_1_6' title="bbox 205 1037 1542 1134; baseline 0.002 -23"><span class='ocrx_word' id='word_1_47' title='bbox 205 1046 332 1114; x_wconf 59' lang='lat' dir='ltr'><em>mariv</em></span> <span class='ocrx_word' id='word_1_48' title='bbox 359 1037 379 1132; x_wconf 84' lang='grc' dir='ltr'>ἢ</span> <span class='ocrx_word' id='word_1_49' title='bbox 407 1041 448 1117; x_wconf 82' lang='grc' dir='ltr'><em>τὸ</em></span> <span class='ocrx_word' id='word_1_50' title='bbox 475 1042 518 1114; x_wconf 87' lang='grc' dir='ltr'><em>τά</em></span> <span class='ocrx_word' id='word_1_51' title='bbox 544 1047 668 1116; x_wconf 79' lang='grc' dir='ltr'><em>δέοντα</em></span> <span class='ocrx_word' id='word_1_52' title='bbox 690 1041 888 1132; x_wconf 50' lang='grc' dir='ltr'><em>πράττεινίί·</em></span> <span class='ocrx_word' id='word_1_53' title='bbox 916 1051 972 1116; x_wconf 86' lang='grc' dir='ltr'><em>καί</em></span> <span class='ocrx_word' id='word_1_54' title='bbox 998 1041 1149 1133; x_wconf 69' lang='grc' dir='ltr'><em>ἑορτάζει</em></span> <span class='ocrx_word' id='word_1_55' title='bbox 1172 1042 1315 1134; x_wconf 82' lang='grc' dir='ltr'><em>γεκατὰ</em></span> <span class='ocrx_word' id='word_1_56' title='bbox 1336 1039 1500 1132; x_wconf 79' lang='grc' dir='ltr'><em>α’λὴθειαν</em></span> <span class='ocrx_word' id='word_1_57' title='bbox 1522 1037 1542 1114; x_wconf 82' lang='grc' dir='ltr'>ὁ</span> 
     </span>
     <span class='ocr_line' id='line_1_7' title="bbox 240 1138 1542 1234; baseline -0.001 -21"><span class='ocrx_word' id='word_1_58' title='bbox 240 1141 303 1226; x_wconf 76' lang='grc' dir='ltr'><em>,τά</em></span> <span class='ocrx_word' id='word_1_59' title='bbox 326 1147 470 1215; x_wconf 52' lang='grc' dir='ltr'><em>δέονταί(</em></span> <span class='ocrx_word' id='word_1_60' title='bbox 490 1140 666 1232; x_wconf 87' lang='grc' dir='ltr'><em>πράττων,</em></span> <span class='ocrx_word' id='word_1_61' title='bbox 698 1138 748 1214; x_wconf 88' lang='grc' dir='ltr'><em>άεὶ</em></span> <span class='ocrx_word' id='word_1_62' title='bbox 778 1139 969 1234; x_wconf 86' lang='grc' dir='ltr'><em>εύχύμενος,</em></span> <span class='ocrx_word' id='word_1_63' title='bbox 996 1144 1050 1216; x_wconf 90' lang='grc' dir='ltr'><em>διά</em></span> <span class='ocrx_word' id='word_1_64' title='bbox 1080 1142 1210 1228; x_wconf 87' lang='grc' dir='ltr'><em>παντὸς</em></span> <span class='ocrx_word' id='word_1_65' title='bbox 1239 1141 1340 1213; x_wconf 90' lang='grc' dir='ltr'><em>θύων</em></span> <span class='ocrx_word' id='word_1_66' title='bbox 1365 1141 1426 1224; x_wconf 85' lang='grc' dir='ltr'><em>τὰς</em></span> <span class='ocrx_word' id='word_1_67' title='bbox 1451 1138 1542 1214; x_wconf 85' lang='grc' dir='ltr'><em>άναι-</em></span> 
     </span>
     <span class='ocr_line' id='line_1_8' title="bbox 238 1239 1541 1333; baseline -0.001 -19"><span class='ocrx_word' id='word_1_68' title='bbox 238 1239 387 1331; x_wconf 87' lang='grc' dir='ltr'><em>μάκτους</em></span> <span class='ocrx_word' id='word_1_69' title='bbox 423 1247 460 1314; x_wconf 79' lang='grc' dir='ltr'><em>ἐν</em></span> <span class='ocrx_word' id='word_1_70' title='bbox 495 1261 570 1326; x_wconf 82' lang='grc' dir='ltr'><em>ταῖς</em></span> <span class='ocrx_word' id='word_1_71' title='bbox 605 1241 692 1333; x_wconf 85' lang='grc' dir='ltr'><em>πρὸς</em></span> <span class='ocrx_word' id='word_1_72' title='bbox 727 1243 768 1316; x_wconf 85' lang='grc' dir='ltr'><em>τὸ</em></span> <span class='ocrx_word' id='word_1_73' title='bbox 798 1255 897 1316; x_wconf 87' lang='grc' dir='ltr'><em>θεῑον</em></span> <span class='ocrx_word' id='word_1_74' title='bbox 926 1240 1035 1332; x_wconf 86' lang='grc' dir='ltr'><em>εύχαίς</em></span> <span class='ocrx_word' id='word_1_75' title='bbox 1064 1252 1192 1326; x_wconf 87' lang='grc' dir='ltr'><em>θυσίας.</em></span> <span class='ocrx_word' id='word_1_76' title='bbox 1235 1241 1287 1314; x_wconf 87' lang='grc' dir='ltr'><em>διὸ</em></span> <span class='ocrx_word' id='word_1_77' title='bbox 1317 1250 1373 1314; x_wconf 86' lang='grc' dir='ltr'><em>καὶ</em></span> <span class='ocrx_word' id='word_1_78' title='bbox 1402 1253 1541 1330; x_wconf 82' lang='grc' dir='ltr'><em>μεγαλο-</em></span> 
     </span>
     <span class='ocr_line' id='line_1_9' title="bbox 239 1339 1542 1434; baseline -0.001 -22"><span class='ocrx_word' id='word_1_79' title='bbox 239 1340 411 1430; x_wconf 86' lang='grc' dir='ltr'><em>φυέστατά</em></span> <span class='ocrx_word' id='word_1_80' title='bbox 437 1372 494 1432; x_wconf 90' lang='grc' dir='ltr'><em>μοι</em></span> <span class='ocrx_word' id='word_1_81' title='bbox 520 1349 613 1416; x_wconf 79' lang='grc' dir='ltr'><em>δοκεῖ</em></span> <span class='ocrx_word' id='word_1_82' title='bbox 635 1341 725 1434; x_wconf 87' lang='grc' dir='ltr'><em>παρά</em></span> <span class='ocrx_word' id='word_1_83' title='bbox 748 1350 798 1434; x_wconf 82' lang='grc' dir='ltr'><em>τῶ</em></span> <span class='ocrx_word' id='word_1_84' title='bbox 822 1342 946 1434; x_wconf 85' lang='grc' dir='ltr'><em>Παύλῳ</em></span> <span class='ocrx_word' id='word_1_85' title='bbox 970 1349 1123 1434; x_wconf 84' lang='grc' dir='ltr'><em>εἰρῆσθαι</em></span> <span class='ocrx_word' id='word_1_86' title='bbox 1145 1340 1199 1416; x_wconf 87' lang='grc' dir='ltr'><em>τό·</em></span> <span class='ocrx_word' id='word_1_87' title='bbox 1227 1339 1372 1433; x_wconf 76' lang='grc' dir='ltr'><em>,ἡμέρας</em></span> <span class='ocrx_word' id='word_1_88' title='bbox 1394 1367 1542 1430; x_wconf 87' lang='grc' dir='ltr'><em>παρατη-</em></span> 
     </span>
     <span class='ocr_line' id='line_1_10' title="bbox 240 1439 1542 1534; baseline -0.001 -22"><span class='ocrx_word' id='word_1_89' title='bbox 240 1453 352 1530; x_wconf 77' lang='grc' dir='ltr'><em>ρεῖσθε</em></span> <span class='ocrx_word' id='word_1_90' title='bbox 373 1449 429 1514; x_wconf 86' lang='grc' dir='ltr'><em>καί</em></span> <span class='ocrx_word' id='word_1_91' title='bbox 450 1449 556 1533; x_wconf 81' lang='grc' dir='ltr'><em>μῆνας</em></span> <span class='ocrx_word' id='word_1_92' title='bbox 577 1451 632 1514; x_wconf 84' lang='grc' dir='ltr'><em>καὶ</em></span> <span class='ocrx_word' id='word_1_93' title='bbox 653 1443 790 1532; x_wconf 83' lang='grc' dir='ltr'><em>καιρούς</em></span> <span class='ocrx_word' id='word_1_94' title='bbox 811 1450 867 1516; x_wconf 84' lang='grc' dir='ltr'><em>καὶ</em></span> <span class='ocrx_word' id='word_1_95' title='bbox 889 1443 1080 1528; x_wconf 84' lang='grc' dir='ltr'><em>ἐνιαυτούς;</em></span> <span class='ocrx_word' id='word_1_96' title='bbox 1106 1449 1274 1534; x_wconf 84' lang='grc' dir='ltr'><em>φοβοῦμαι</em></span> <span class='ocrx_word' id='word_1_97' title='bbox 1295 1439 1379 1533; x_wconf 74' lang='grc' dir='ltr'><em>ὑμᾶς</em></span> <span class='ocrx_word' id='word_1_98' title='bbox 1400 1439 1445 1532; x_wconf 91' lang='grc' dir='ltr'><em>μή</em></span> <span class='ocrx_word' id='word_1_99' title='bbox 1466 1470 1542 1524; x_wconf 88' lang='grc' dir='ltr'><em>πως</em></span> 
     </span>
     <span class='ocr_line' id='line_1_11' title="bbox 190 1539 714 1632; baseline 0.004 -20"><span class='ocrx_word' id='word_1_100' title='bbox 190 1549 223 1605; x_wconf 86' lang='grc'><em>10</em></span> <span class='ocrx_word' id='word_1_101' title='bbox 239 1546 311 1630; x_wconf 76' lang='grc' dir='ltr'><em>εἰκῇ</em></span> <span class='ocrx_word' id='word_1_102' title='bbox 328 1549 512 1614; x_wconf 80' lang='grc' dir='ltr'><em>κεκοπίακα</em></span> <span class='ocrx_word' id='word_1_103' title='bbox 534 1548 580 1626; x_wconf 85' lang='grc' dir='ltr'><em>εἰς</em></span> <span class='ocrx_word' id='word_1_104' title='bbox 601 1539 714 1632; x_wconf 77' lang='grc' dir='ltr'><em>ύμᾶς.“</em></span> 
     </span>
    </p>

    <p class='ocr_par' dir='ltr' id='par_1_3' title="bbox 240 1654 1610 2047">
     <span class='ocr_line' id='line_1_12' title="bbox 322 1654 1541 1748; baseline 0 -20"><span class='ocrx_word' id='word_1_105' title='bbox 322 1662 420 1728; x_wconf 89' lang='grc' dir='ltr'><strong>ΧΧΠ.</strong></span> <span class='ocrx_word' id='word_1_106' title='bbox 455 1655 531 1730; x_wconf 77' lang='grc' dir='ltr'><em>Ἐάν</em></span> <span class='ocrx_word' id='word_1_107' title='bbox 560 1664 598 1730; x_wconf 88' lang='grc' dir='ltr'><em>δέ</em></span> <span class='ocrx_word' id='word_1_108' title='bbox 626 1687 678 1742; x_wconf 87' lang='grc' dir='ltr'><em>τις</em></span> <span class='ocrx_word' id='word_1_109' title='bbox 707 1658 794 1748; x_wconf 86' lang='grc' dir='ltr'><em>πρὸς</em></span> <span class='ocrx_word' id='word_1_110' title='bbox 820 1665 928 1730; x_wconf 85' lang='grc' dir='ltr'><em>ταῦτα</em></span> <span class='ocrx_word' id='word_1_111' title='bbox 949 1654 1173 1746; x_wconf 85' lang='grc' dir='ltr'><em>άνθυποφέρη</em></span> <span class='ocrx_word' id='word_1_112' title='bbox 1196 1656 1238 1729; x_wconf 84' lang='grc' dir='ltr'><em>τά</em></span> <span class='ocrx_word' id='word_1_113' title='bbox 1261 1665 1338 1747; x_wconf 89' lang='grc' dir='ltr'><em>περὶ</em></span> <span class='ocrx_word' id='word_1_114' title='bbox 1364 1663 1438 1729; x_wconf 93' lang='grc' dir='ltr'><em>τῶν</em></span> <span class='ocrx_word' id='word_1_115' title='bbox 1463 1654 1541 1745; x_wconf 76' lang='grc' dir='ltr'><em>παρ’</em></span> 
     </span>
     <span class='ocr_line' id='line_1_13' title="bbox 240 1752 1542 1848; baseline -0.002 -19"><span class='ocrx_word' id='word_1_116' title='bbox 240 1753 318 1848; x_wconf 77' lang='grc' dir='ltr'><em>ἡμῖν</em></span> <span class='ocrx_word' id='word_1_117' title='bbox 350 1764 524 1846; x_wconf 91' lang='grc' dir='ltr'><em>κυριακῶν</em></span> <span class='ocrx_word' id='word_1_118' title='bbox 550 1753 570 1846; x_wconf 77' lang='grc' dir='ltr'><em>ή</em></span> <span class='ocrx_word' id='word_1_119' title='bbox 590 1763 813 1846; x_wconf 86' lang='grc' dir='ltr'><em>παρασκευῶν</em></span> <span class='ocrx_word' id='word_1_120' title='bbox 839 1752 859 1846; x_wconf 82' lang='grc' dir='ltr'><em>ἡ</em></span> <span class='ocrx_word' id='word_1_121' title='bbox 886 1763 949 1828; x_wconf 87' lang='grc' dir='ltr'><em>τοῦ</em></span> <span class='ocrx_word' id='word_1_122' title='bbox 972 1755 1087 1846; x_wconf 87' lang='grc' dir='ltr'><em>Πάσχα</em></span> <span class='ocrx_word' id='word_1_123' title='bbox 1114 1753 1134 1847; x_wconf 83' lang='grc' dir='ltr'><em>ἡ</em></span> <span class='ocrx_word' id='word_1_124' title='bbox 1157 1765 1219 1848; x_wconf 82' lang='grc' dir='ltr'><em>τῆς</em></span> <span class='ocrx_word' id='word_1_125' title='bbox 1240 1763 1479 1846; x_wconf 83' lang='grc' dir='ltr'><em>Πεντηκοστῆς</em></span> <span class='ocrx_word' id='word_1_126' title='bbox 1500 1753 1542 1827; x_wconf 81' lang='grc' dir='ltr'><em>δι’</em></span> 
     </span>
     <span class='ocr_line' id='line_1_14' title="bbox 241 1851 1542 1948; baseline 0 -19"><span class='ocrx_word' id='word_1_127' title='bbox 241 1855 377 1947; x_wconf 85' lang='grc' dir='ltr'><em>ἡμερῶν</em></span> <span class='ocrx_word' id='word_1_128' title='bbox 399 1854 570 1946; x_wconf 88' lang='grc' dir='ltr'><em>γινόμενα,</em></span> <span class='ocrx_word' id='word_1_129' title='bbox 593 1863 733 1929; x_wconf 82' lang='grc' dir='ltr'><em>λεκτέον</em></span> <span class='ocrx_word' id='word_1_130' title='bbox 753 1864 809 1928; x_wconf 84' lang='grc' dir='ltr'><em>καὶ</em></span> <span class='ocrx_word' id='word_1_131' title='bbox 830 1856 917 1948; x_wconf 87' lang='grc' dir='ltr'><em>πρὸς</em></span> <span class='ocrx_word' id='word_1_132' title='bbox 940 1864 1044 1929; x_wconf 85' lang='grc' dir='ltr'><em>τοῦτο</em></span> <span class='ocrx_word' id='word_1_133' title='bbox 1068 1851 1121 1928; x_wconf 78' lang='grc' dir='ltr'><em>ὅτι</em></span> <span class='ocrx_word' id='word_1_134' title='bbox 1143 1853 1162 1928; x_wconf 85' lang='grc' dir='ltr'>ὁ</span> <span class='ocrx_word' id='word_1_135' title='bbox 1184 1863 1245 1948; x_wconf 80' lang='grc' dir='ltr'><em>μὲν</em></span> <span class='ocrx_word' id='word_1_136' title='bbox 1266 1865 1408 1942; x_wconf 92' lang='grc' dir='ltr'><em>τέλειος,</em></span> <span class='ocrx_word' id='word_1_137' title='bbox 1434 1854 1484 1928; x_wconf 77' lang='grc' dir='ltr'><em>ἀεὶ</em></span> <span class='ocrx_word' id='word_1_138' title='bbox 1505 1859 1542 1929; x_wconf 80' lang='grc' dir='ltr'><em>έν</em></span> 
     </span>
     <span class='ocr_line' id='line_1_15' title="bbox 240 1951 1610 2047; baseline -0.002 -17"><span class='ocrx_word' id='word_1_139' title='bbox 240 1977 313 2042; x_wconf 82' lang='grc' dir='ltr'><em>τοῖς</em></span> <span class='ocrx_word' id='word_1_140' title='bbox 344 1954 459 2047; x_wconf 89' lang='grc' dir='ltr'><em>λύγοις</em></span> <span class='ocrx_word' id='word_1_141' title='bbox 490 1951 540 2030; x_wconf 81' lang='grc' dir='ltr'><em>ῶν</em></span> <span class='ocrx_word' id='word_1_142' title='bbox 559 1963 564 2044; x_wconf 99' lang='grc' dir='ltr'>Ι</span> <span class='ocrx_word' id='word_1_143' title='bbox 583 1964 638 2027; x_wconf 84' lang='grc' dir='ltr'><em>καὶ</em></span> <span class='ocrx_word' id='word_1_144' title='bbox 669 1976 742 2039; x_wconf 78' lang='grc' dir='ltr'><em>τοῖς</em></span> <span class='ocrx_word' id='word_1_145' title='bbox 770 1960 877 2046; x_wconf 83' lang='grc' dir='ltr'><em>έργοις</em></span> <span class='ocrx_word' id='word_1_146' title='bbox 903 1964 959 2027; x_wconf 84' lang='grc' dir='ltr'><em>καί</em></span> <span class='ocrx_word' id='word_1_147' title='bbox 981 1975 1053 2040; x_wconf 88' lang='grc' dir='ltr'><em>τοῑς</em></span> <span class='ocrx_word' id='word_1_148' title='bbox 1075 1955 1272 2047; x_wconf 81' lang='grc' dir='ltr'><em>διανοήμασι</em></span> <span class='ocrx_word' id='word_1_149' title='bbox 1294 1963 1357 2029; x_wconf 86' lang='grc' dir='ltr'><em>τοῦ</em></span> <span class='ocrx_word' id='word_1_150' title='bbox 1380 1963 1422 2044; x_wconf 78' lang='grc' dir='ltr'><em>τῇ</em></span> <span class='ocrx_word' id='word_1_151' title='bbox 1444 1954 1542 2043; x_wconf 89' lang='grc' dir='ltr'><em>φύσει</em></span> <span class='ocrx_word' id='word_1_152' title='bbox 1559 1971 1610 2027; x_wconf 81' lang='lat'><em>759</em></span> 
     </span>
    </p>

    <p class='ocr_par' dir='ltr' id='par_1_4' title="bbox 191 2051 1543 2544">
     <span class='ocr_line' id='line_1_16' title="bbox 191 2051 1542 2148; baseline -0.001 -22"><span class='ocrx_word' id='word_1_153' title='bbox 191 2075 222 2128; x_wconf 85' lang='lat'><em>15</em></span> <span class='ocrx_word' id='word_1_154' title='bbox 238 2063 358 2146; x_wconf 80' lang='grc' dir='ltr'><em>κυρίου</em></span> <span class='ocrx_word' id='word_1_155' title='bbox 388 2053 493 2145; x_wconf 88' lang='grc' dir='ltr'><em>λύγου</em></span> <span class='ocrx_word' id='word_1_156' title='bbox 523 2063 620 2140; x_wconf 83' lang='grc' dir='ltr'><em>θεοῦ,</em></span> <span class='ocrx_word' id='word_1_157' title='bbox 651 2052 701 2126; x_wconf 89' lang='grc' dir='ltr'><em>άεί</em></span> <span class='ocrx_word' id='word_1_158' title='bbox 730 2059 823 2127; x_wconf 77' lang='grc' dir='ltr'><em>ἐστιν</em></span> <span class='ocrx_word' id='word_1_159' title='bbox 852 2053 960 2128; x_wconf 85' lang='grc' dir='ltr'><em>αύτοῦ</em></span> <span class='ocrx_word' id='word_1_160' title='bbox 990 2061 1027 2127; x_wconf 86' lang='grc' dir='ltr'><em>έν</em></span> <span class='ocrx_word' id='word_1_161' title='bbox 1058 2075 1131 2140; x_wconf 79' lang='grc' dir='ltr'><em>ταῖς</em></span> <span class='ocrx_word' id='word_1_162' title='bbox 1158 2055 1292 2148; x_wconf 85' lang='grc' dir='ltr'><em>ἡμέραις</em></span> <span class='ocrx_word' id='word_1_163' title='bbox 1317 2064 1373 2127; x_wconf 86' lang='grc' dir='ltr'><em>καὶ</em></span> <span class='ocrx_word' id='word_1_164' title='bbox 1398 2053 1449 2128; x_wconf 84' lang='grc' dir='ltr'><em>άεὶ</em></span> <span class='ocrx_word' id='word_1_165' title='bbox 1471 2051 1542 2144; x_wconf 83' lang='grc' dir='ltr'><em>άχει</em></span> 
     </span>
     <span class='ocr_line' id='line_1_17' title="bbox 238 2150 1542 2246; baseline 0 -19"><span class='ocrx_word' id='word_1_166' title='bbox 238 2155 399 2246; x_wconf 83' lang='grc' dir='ltr'><em>κυριακάς</em></span> <span class='ocrx_word' id='word_1_167' title='bbox 425 2152 561 2246; x_wconf 82' lang='grc' dir='ltr'><em>ἡμέρας·</em></span> <span class='ocrx_word' id='word_1_168' title='bbox 591 2153 678 2228; x_wconf 86' lang='grc' dir='ltr'><em>άλλά</em></span> <span class='ocrx_word' id='word_1_169' title='bbox 703 2163 759 2226; x_wconf 84' lang='grc' dir='ltr'><em>καί</em></span> <span class='ocrx_word' id='word_1_170' title='bbox 786 2152 836 2226; x_wconf 85' lang='grc' dir='ltr'><em>άεί</em></span> <span class='ocrx_word' id='word_1_171' title='bbox 862 2153 1126 2245; x_wconf 77' lang='grc' dir='ltr'><em>παρασκευάζων</em></span> <span class='ocrx_word' id='word_1_172' title='bbox 1149 2155 1271 2227; x_wconf 74' lang='grc' dir='ltr'><em>ἑαυτὸν</em></span> <span class='ocrx_word' id='word_1_173' title='bbox 1292 2155 1379 2246; x_wconf 84' lang='grc' dir='ltr'><em>πρὸς</em></span> <span class='ocrx_word' id='word_1_174' title='bbox 1400 2157 1441 2228; x_wconf 84' lang='grc' dir='ltr'><em>τὸ</em></span> <span class='ocrx_word' id='word_1_175' title='bbox 1465 2150 1542 2245; x_wconf 81' lang='grc' dir='ltr'><em>άλη</em></span> 
     </span>
     <span class='ocr_line' id='line_1_18' title="bbox 239 2251 1543 2347; baseline -0.002 -21"><span class='ocrx_word' id='word_1_176' title='bbox 239 2261 350 2339; x_wconf 90' lang='grc' dir='ltr'><em>θινῶς</em></span> <span class='ocrx_word' id='word_1_177' title='bbox 380 2261 441 2346; x_wconf 80' lang='grc' dir='ltr'><em>ζῆν</em></span> <span class='ocrx_word' id='word_1_178' title='bbox 472 2262 528 2326; x_wconf 84' lang='grc' dir='ltr'><em>καὶ</em></span> <span class='ocrx_word' id='word_1_179' title='bbox 554 2251 761 2344; x_wconf 74' lang='grc' dir='ltr'><em>ἀπεχόμενος</em></span> <span class='ocrx_word' id='word_1_180' title='bbox 790 2262 863 2326; x_wconf 91' lang='grc' dir='ltr'><em>τῶν</em></span> <span class='ocrx_word' id='word_1_181' title='bbox 888 2261 952 2325; x_wconf 83' lang='grc' dir='ltr'><em>τοῦ</em></span> <span class='ocrx_word' id='word_1_182' title='bbox 977 2262 1051 2340; x_wconf 90' lang='grc' dir='ltr'><em>βίου</em></span> <span class='ocrx_word' id='word_1_183' title='bbox 1077 2251 1185 2347; x_wconf 81' lang='grc' dir='ltr'><em>ἡδέων</em></span> <span class='ocrx_word' id='word_1_184' title='bbox 1210 2263 1265 2325; x_wconf 83' lang='grc' dir='ltr'><em>καὶ</em></span> <span class='ocrx_word' id='word_1_185' title='bbox 1293 2255 1373 2339; x_wconf 82' lang='grc' dir='ltr'><em>τούς</em></span> <span class='ocrx_word' id='word_1_186' title='bbox 1393 2255 1543 2337; x_wconf 85' lang='grc' dir='ltr'><em>πολλούς</em></span> 
     </span>
     <span class='ocr_line' id='line_1_19' title="bbox 239 2350 1542 2448; baseline 0 -22"><span class='ocrx_word' id='word_1_187' title='bbox 239 2352 459 2427; x_wconf 84' lang='grc' dir='ltr'><em>άπατῶντων</em></span> <span class='ocrx_word' id='word_1_188' title='bbox 479 2363 536 2424; x_wconf 83' lang='grc' dir='ltr'><em>καί</em></span> <span class='ocrx_word' id='word_1_189' title='bbox 556 2353 601 2444; x_wconf 87' lang='grc' dir='ltr'><em>μή</em></span> <span class='ocrx_word' id='word_1_190' title='bbox 624 2359 763 2445; x_wconf 84' lang='grc' dir='ltr'><em>τρέφων</em></span> <span class='ocrx_word' id='word_1_191' title='bbox 784 2355 848 2439; x_wconf 77' lang='grc' dir='ltr'><em>,τὸ</em></span> <span class='ocrx_word' id='word_1_192' title='bbox 871 2351 1031 2444; x_wconf 90' lang='grc' dir='ltr'><em>φρόνημα</em></span> <span class='ocrx_word' id='word_1_193' title='bbox 1052 2361 1113 2445; x_wconf 84' lang='grc' dir='ltr'><em>τῆς</em></span> <span class='ocrx_word' id='word_1_194' title='bbox 1135 2353 1278 2445; x_wconf 67' lang='grc' dir='ltr'><em>σαρκὸςα</em></span> <span class='ocrx_word' id='word_1_195' title='bbox 1297 2350 1373 2448; x_wconf 31' lang='grc' dir='ltr'><em>,ἄλλ’</em></span> <span class='ocrx_word' id='word_1_196' title='bbox 1387 2352 1542 2427; x_wconf 88' lang='grc' dir='ltr'><em>ύπωπιά-</em></span> 
     </span>
     <span class='ocr_line' id='line_1_20' title="bbox 240 2450 1543 2544; baseline 0.001 -19"><span class='ocrx_word' id='word_1_197' title='bbox 240 2465 310 2541; x_wconf 80' lang='grc' dir='ltr'><em>ζων</em></span> <span class='ocrx_word' id='word_1_198' title='bbox 341 2451 447 2525; x_wconf 86' lang='grc' dir='ltr'><em>αύτσῦ</em></span> <span class='ocrx_word' id='word_1_199' title='bbox 479 2451 545 2538; x_wconf 77' lang='grc' dir='ltr'><em>,τὸ</em></span> <span class='ocrx_word' id='word_1_200' title='bbox 564 2460 681 2544; x_wconf 51' lang='grc' dir='ltr'><em>σῶμα(</em></span> <span class='ocrx_word' id='word_1_201' title='bbox 702 2459 757 2524; x_wconf 87' lang='grc' dir='ltr'><em>καί</em></span> <span class='ocrx_word' id='word_1_202' title='bbox 790 2458 1021 2542; x_wconf 89' lang='grc' dir='ltr'><em>δουλαγωγῶν</em></span> <span class='ocrx_word' id='word_1_203' title='bbox 1054 2450 1105 2525; x_wconf 87' lang='grc' dir='ltr'><em>άεὶ</em></span> <span class='ocrx_word' id='word_1_204' title='bbox 1137 2450 1208 2544; x_wconf 82' lang='grc' dir='ltr'><em>άγει</em></span> <span class='ocrx_word' id='word_1_205' title='bbox 1235 2454 1296 2536; x_wconf 86' lang='grc' dir='ltr'><em>τάς</em></span> <span class='ocrx_word' id='word_1_206' title='bbox 1322 2453 1543 2544; x_wconf 89' lang='grc' dir='ltr'><em>παρασκευάς.</em></span> 
     </span>
    </p>

    <p class='ocr_par' dir='ltr' id='par_1_5' title="bbox 189 2547 1542 3041">
     <span class='ocr_line' id='line_1_21' title="bbox 189 2547 1541 2644; baseline -0.001 -19"><span class='ocrx_word' id='word_1_207' title='bbox 189 2577 223 2633; x_wconf 79' lang='lat'><em>20</em></span> <span class='ocrx_word' id='word_1_208' title='bbox 241 2558 290 2625; x_wconf 79' lang='grc' dir='ltr'><em>ἔτι</em></span> <span class='ocrx_word' id='word_1_209' title='bbox 317 2559 352 2624; x_wconf 80' lang='grc' dir='ltr'><em>δὲ</em></span> <span class='ocrx_word' id='word_1_210' title='bbox 375 2547 394 2624; x_wconf 81' lang='grc' dir='ltr'>ὁ</span> <span class='ocrx_word' id='word_1_211' title='bbox 416 2550 540 2642; x_wconf 91' lang='grc' dir='ltr'><em>νοήσας</em></span> <span class='ocrx_word' id='word_1_212' title='bbox 562 2547 616 2626; x_wconf 79' lang='grc' dir='ltr'><em>ὅτι</em></span> <span class='ocrx_word' id='word_1_213' title='bbox 638 2552 701 2638; x_wconf 75' lang='grc' dir='ltr'><em>,τὸ</em></span> <span class='ocrx_word' id='word_1_214' title='bbox 723 2549 833 2640; x_wconf 87' lang='grc' dir='ltr'><em>πάσχα</em></span> <span class='ocrx_word' id='word_1_215' title='bbox 854 2549 952 2642; x_wconf 87' lang='grc' dir='ltr'><em>ἡμῶν</em></span> <span class='ocrx_word' id='word_1_216' title='bbox 974 2551 1081 2643; x_wconf 78' lang='grc' dir='ltr'><em>ἐτύθη</em></span> <span class='ocrx_word' id='word_1_217' title='bbox 1104 2552 1287 2643; x_wconf 79' lang='grc' dir='ltr'><em>Χριστὸς,“</em></span> <span class='ocrx_word' id='word_1_218' title='bbox 1309 2562 1364 2626; x_wconf 85' lang='grc' dir='ltr'><em>καὶ</em></span> <span class='ocrx_word' id='word_1_219' title='bbox 1384 2553 1448 2644; x_wconf 86' lang='grc' dir='ltr'><em>χρή</em></span> <span class='ocrx_word' id='word_1_220' title='bbox 1470 2555 1541 2642; x_wconf 79' lang='grc' dir='ltr'><em>ἑορ-</em></span> 
     </span>
     <span class='ocr_line' id='line_1_22' title="bbox 240 2647 1541 2742; baseline -0.002 -16"><span class='ocrx_word' id='word_1_221' title='bbox 240 2652 354 2741; x_wconf 79' lang='grc' dir='ltr'><em>τάζειν</em></span> <span class='ocrx_word' id='word_1_222' title='bbox 384 2658 547 2724; x_wconf 82' lang='grc' dir='ltr'><em>ἐσθίοντα</em></span> <span class='ocrx_word' id='word_1_223' title='bbox 572 2659 634 2742; x_wconf 86' lang='grc' dir='ltr'><em>τής</em></span> <span class='ocrx_word' id='word_1_224' title='bbox 660 2651 783 2742; x_wconf 85' lang='grc' dir='ltr'><em>σαρκὸς</em></span> <span class='ocrx_word' id='word_1_225' title='bbox 812 2649 1013 2742; x_wconf 84' lang='grc' dir='ltr'><em>τοῦλόγου,</em></span> <span class='ocrx_word' id='word_1_226' title='bbox 1042 2651 1104 2726; x_wconf 91' lang='grc' dir='ltr'><em>ούκ</em></span> <span class='ocrx_word' id='word_1_227' title='bbox 1131 2657 1224 2726; x_wconf 84' lang='grc' dir='ltr'><em>έστιν</em></span> <span class='ocrx_word' id='word_1_228' title='bbox 1247 2647 1305 2726; x_wconf 79' lang='grc' dir='ltr'><em>ὅτε</em></span> <span class='ocrx_word' id='word_1_229' title='bbox 1327 2651 1368 2725; x_wconf 89' lang='grc' dir='ltr'><em>ού</em></span> <span class='ocrx_word' id='word_1_230' title='bbox 1388 2673 1481 2725; x_wconf 83' lang='grc' dir='ltr'><em>ποιεῖ</em></span> <span class='ocrx_word' id='word_1_231' title='bbox 1499 2652 1541 2724; x_wconf 85' lang='grc' dir='ltr'><em>τὸ</em></span> 
     </span>
     <span class='ocr_line' id='line_1_23' title="bbox 239 2747 1542 2844; baseline -0.001 -20"><span class='ocrx_word' id='word_1_232' title='bbox 239 2751 364 2842; x_wconf 81' lang='grc' dir='ltr'><em>πάσχα,</em></span> <span class='ocrx_word' id='word_1_233' title='bbox 388 2747 471 2842; x_wconf 79' lang='grc' dir='ltr'><em>ὅπερ</em></span> <span class='ocrx_word' id='word_1_234' title='bbox 494 2751 708 2842; x_wconf 75' lang='grc' dir='ltr'><em>ἑρμηνεύεται</em></span> <span class='ocrx_word' id='word_1_235' title='bbox 730 2749 940 2842; x_wconf 84' lang='grc' dir='ltr'><em>διαβατήρια,</em></span> <span class='ocrx_word' id='word_1_236' title='bbox 964 2759 1148 2839; x_wconf 86' lang='grc' dir='ltr'><em>διαβαίνων</em></span> <span class='ocrx_word' id='word_1_237' title='bbox 1169 2751 1218 2826; x_wconf 86' lang='grc' dir='ltr'><em>άεὶ</em></span> <span class='ocrx_word' id='word_1_238' title='bbox 1241 2761 1291 2844; x_wconf 82' lang='grc' dir='ltr'><em>τῷ</em></span> <span class='ocrx_word' id='word_1_239' title='bbox 1315 2761 1464 2844; x_wconf 81' lang='grc' dir='ltr'><em>λογισμῷ</em></span> <span class='ocrx_word' id='word_1_240' title='bbox 1486 2761 1542 2824; x_wconf 84' lang='grc' dir='ltr'><em>καὶ</em></span> 
     </span>
     <span class='ocr_line' id='line_1_24' title="bbox 239 2848 1542 2944; baseline 0 -20"><span class='ocrx_word' id='word_1_241' title='bbox 239 2859 344 2924; x_wconf 83' lang='grc' dir='ltr'><em>παντί</em></span> <span class='ocrx_word' id='word_1_242' title='bbox 366 2849 459 2942; x_wconf 85' lang='grc' dir='ltr'><em>λόγῳ</em></span> <span class='ocrx_word' id='word_1_243' title='bbox 481 2860 536 2922; x_wconf 87' lang='grc' dir='ltr'><em>καὶ</em></span> <span class='ocrx_word' id='word_1_244' title='bbox 557 2849 647 2939; x_wconf 80' lang='grc' dir='ltr'><em>πάσῃ</em></span> <span class='ocrx_word' id='word_1_245' title='bbox 669 2848 789 2941; x_wconf 76' lang='grc' dir='ltr'><em>πράξει</em></span> <span class='ocrx_word' id='word_1_246' title='bbox 810 2848 878 2924; x_wconf 85' lang='grc' dir='ltr'><em>άπὸ</em></span> <span class='ocrx_word' id='word_1_247' title='bbox 901 2860 975 2924; x_wconf 89' lang='grc' dir='ltr'><em>τῶν</em></span> <span class='ocrx_word' id='word_1_248' title='bbox 997 2860 1061 2926; x_wconf 82' lang='grc' dir='ltr'><em>τοῦ</em></span> <span class='ocrx_word' id='word_1_249' title='bbox 1081 2859 1156 2942; x_wconf 82' lang='grc' dir='ltr'><em>βίου</em></span> <span class='ocrx_word' id='word_1_250' title='bbox 1177 2851 1388 2944; x_wconf 90' lang='grc' dir='ltr'><em>πραγμάτων</em></span> <span class='ocrx_word' id='word_1_251' title='bbox 1410 2858 1463 2924; x_wconf 80' lang='grc' dir='ltr'><em>ἐπὶ</em></span> <span class='ocrx_word' id='word_1_252' title='bbox 1480 2852 1542 2924; x_wconf 86' lang='grc' dir='ltr'><em>τὸν</em></span> 
     </span>
     <span class='ocr_line' id='line_1_25' title="bbox 240 2947 1541 3041; baseline -0.002 -16"><span class='ocrx_word' id='word_1_253' title='bbox 240 2951 334 3037; x_wconf 87' lang='grc' dir='ltr'><em>θεὸν,</em></span> <span class='ocrx_word' id='word_1_254' title='bbox 361 2958 417 3022; x_wconf 85' lang='grc' dir='ltr'><em>καὶ</em></span> <span class='ocrx_word' id='word_1_255' title='bbox 444 2956 499 3022; x_wconf 79' lang='grc' dir='ltr'><em>ἐπὶ</em></span> <span class='ocrx_word' id='word_1_256' title='bbox 526 2950 590 3040; x_wconf 86' lang='grc' dir='ltr'><em>τήν</em></span> <span class='ocrx_word' id='word_1_257' title='bbox 615 2947 719 3023; x_wconf 85' lang='grc' dir='ltr'><em>πόλιν</em></span> <span class='ocrx_word' id='word_1_258' title='bbox 744 2947 850 3022; x_wconf 88' lang='grc' dir='ltr'><em>αύτοῦ</em></span> <span class='ocrx_word' id='word_1_259' title='bbox 873 2951 1037 3024; x_wconf 87' lang='grc' dir='ltr'><em>σπεύδων.</em></span> <span class='ocrx_word' id='word_1_260' title='bbox 1079 2951 1165 3041; x_wconf 87' lang='grc' dir='ltr'><em>πρὸς</em></span> <span class='ocrx_word' id='word_1_261' title='bbox 1187 2952 1324 3036; x_wconf 89' lang='grc' dir='ltr'><em>τούτοις</em></span> <span class='ocrx_word' id='word_1_262' title='bbox 1346 2958 1381 3022; x_wconf 81' lang='grc' dir='ltr'><em>δὲ</em></span> <span class='ocrx_word' id='word_1_263' title='bbox 1404 2947 1422 3023; x_wconf 85' lang='grc' dir='ltr'>ὁ</span> <span class='ocrx_word' id='word_1_264' title='bbox 1445 2949 1541 3024; x_wconf 88' lang='grc' dir='ltr'><em>δυνά·</em></span> 
     </span>
    </p>

    <p class='ocr_par' dir='ltr' id='par_1_6' title="bbox 188 3045 1618 3239">
     <span class='ocr_line' id='line_1_26' title="bbox 188 3045 1618 3142; baseline 0 -20"><span class='ocrx_word' id='word_1_265' title='bbox 188 3073 221 3130; x_wconf 81' lang='lat'><em>25</em></span> <span class='ocrx_word' id='word_1_266' title='bbox 238 3080 339 3142; x_wconf 85' lang='grc' dir='ltr'><em>μενος</em></span> <span class='ocrx_word' id='word_1_267' title='bbox 366 3045 439 3141; x_wconf 79' lang='grc' dir='ltr'><em>μετ’</em></span> <span class='ocrx_word' id='word_1_268' title='bbox 465 3047 626 3138; x_wconf 78' lang='grc' dir='ltr'><em>ἀληθείας</em></span> <span class='ocrx_word' id='word_1_269' title='bbox 657 3057 778 3139; x_wconf 88' lang='grc' dir='ltr'><em>λέγειν·</em></span> <span class='ocrx_word' id='word_1_270' title='bbox 807 3057 1076 3141; x_wconf 72' lang='grc' dir='ltr'><em>,συνανέστημεν</em></span> <span class='ocrx_word' id='word_1_271' title='bbox 1107 3059 1158 3142; x_wconf 82' lang='grc' dir='ltr'><em>τῷ</em></span> <span class='ocrx_word' id='word_1_272' title='bbox 1182 3058 1343 3140; x_wconf 45' lang='grc' dir='ltr'><em>Χριστῶίί</em></span> <span class='ocrx_word' id='word_1_273' title='bbox 1370 3049 1455 3124; x_wconf 81' lang='grc' dir='ltr'><em>ἀλλὰ</em></span> <span class='ocrx_word' id='word_1_274' title='bbox 1487 3060 1543 3122; x_wconf 86' lang='grc' dir='ltr'><em>καὶ</em></span> <span class='ocrx_word' id='word_1_275' title='bbox 1616 3058 1618 3062; x_wconf 76' lang='grc'><strong>’</strong></span> 
     </span>
     <span class='ocr_line' id='line_1_27' title="bbox 240 3145 1542 3239; baseline -0.002 -15"><span class='ocrx_word' id='word_1_276' title='bbox 240 3148 292 3224; x_wconf 88' lang='grc' dir='ltr'><em>τύ·</em></span> <span class='ocrx_word' id='word_1_277' title='bbox 324 3147 515 3238; x_wconf 73' lang='grc' dir='ltr'><em>,συνήγειρε</em></span> <span class='ocrx_word' id='word_1_278' title='bbox 541 3156 595 3220; x_wconf 83' lang='grc' dir='ltr'><em>καὶ</em></span> <span class='ocrx_word' id='word_1_279' title='bbox 622 3146 843 3221; x_wconf 73' lang='grc' dir='ltr'><em>συνεκάθισεν</em></span> <span class='ocrx_word' id='word_1_280' title='bbox 869 3145 954 3239; x_wconf 83' lang='grc' dir='ltr'><em>ἡμᾶς</em></span> <span class='ocrx_word' id='word_1_281' title='bbox 980 3155 1017 3222; x_wconf 80' lang='grc' dir='ltr'><em>ὲν</em></span> <span class='ocrx_word' id='word_1_282' title='bbox 1043 3169 1116 3234; x_wconf 82' lang='grc' dir='ltr'><em>τοῖς</em></span> <span class='ocrx_word' id='word_1_283' title='bbox 1142 3157 1354 3238; x_wconf 81' lang='grc' dir='ltr'><em>ἐπουρανίοις</em></span> <span class='ocrx_word' id='word_1_284' title='bbox 1381 3156 1418 3223; x_wconf 85' lang='grc' dir='ltr'><em>έν</em></span> <span class='ocrx_word' id='word_1_285' title='bbox 1441 3158 1542 3238; x_wconf 85' lang='grc' dir='ltr'><em>Χρισ-</em></span> 
     </span>
    </p>

    <p class='ocr_par' dir='ltr' id='par_1_7' title="bbox 154 3245 1543 3539">
     <span class='ocr_line' id='line_1_28' title="bbox 154 3245 1542 3341; baseline -0.008 -9"><span class='ocrx_word' id='word_1_286' title='bbox 154 3277 221 3331; x_wconf 72' lang='lat'><em>1671</em></span> <span class='ocrx_word' id='word_1_287' title='bbox 239 3257 312 3341; x_wconf 75' lang='lat' dir='ltr'><em>vq3“</em></span> <span class='ocrx_word' id='word_1_288' title='bbox 335 3245 387 3321; x_wconf 87' lang='grc' dir='ltr'><em>άεί</em></span> <span class='ocrx_word' id='word_1_289' title='bbox 409 3253 501 3321; x_wconf 86' lang='grc' dir='ltr'><em>έστιν</em></span> <span class='ocrx_word' id='word_1_290' title='bbox 520 3253 557 3319; x_wconf 82' lang='grc' dir='ltr'><em>ἐν</em></span> <span class='ocrx_word' id='word_1_291' title='bbox 578 3267 651 3332; x_wconf 80' lang='grc' dir='ltr'><em>ταῖς</em></span> <span class='ocrx_word' id='word_1_292' title='bbox 673 3255 735 3338; x_wconf 78' lang='grc' dir='ltr'><em>τῆς</em></span> <span class='ocrx_word' id='word_1_293' title='bbox 750 3253 997 3339; x_wconf 84' lang='grc' dir='ltr'><em>ΠεντηΙκοστής</em></span> <span class='ocrx_word' id='word_1_294' title='bbox 1019 3245 1162 3340; x_wconf 88' lang='grc' dir='ltr'><em>ἡμέραις,</em></span> <span class='ocrx_word' id='word_1_295' title='bbox 1185 3255 1240 3321; x_wconf 84' lang='grc' dir='ltr'><em>καί</em></span> <span class='ocrx_word' id='word_1_296' title='bbox 1255 3246 1399 3339; x_wconf 89' lang='grc' dir='ltr'><em>μάλιστα</em></span> <span class='ocrx_word' id='word_1_297' title='bbox 1415 3245 1473 3322; x_wconf 83' lang='grc' dir='ltr'><em>ὅτε</em></span> <span class='ocrx_word' id='word_1_298' title='bbox 1487 3258 1542 3321; x_wconf 86' lang='grc' dir='ltr'><em>καί</em></span> 
     </span>
     <span class='ocr_line' id='line_1_29' title="bbox 238 3344 1543 3438; baseline -0.002 -16"><span class='ocrx_word' id='word_1_299' title='bbox 238 3356 304 3435; x_wconf 84' lang='grc' dir='ltr'><em>,είς</em></span> <span class='ocrx_word' id='word_1_300' title='bbox 325 3348 366 3421; x_wconf 87' lang='grc' dir='ltr'><em>τὸ</em></span> <span class='ocrx_word' id='word_1_301' title='bbox 388 3346 567 3438; x_wconf 48' lang='grc' dir='ltr'><em>ύπερῶονίί</em></span> <span class='ocrx_word' id='word_1_302' title='bbox 594 3345 642 3432; x_wconf 85' lang='grc' dir='ltr'><em>ῶς</em></span> <span class='ocrx_word' id='word_1_303' title='bbox 674 3353 706 3420; x_wconf 83' lang='grc' dir='ltr'><em>σί</em></span> <span class='ocrx_word' id='word_1_304' title='bbox 733 3345 922 3421; x_wconf 87' lang='grc' dir='ltr'><em>άπύστολοι</em></span> <span class='ocrx_word' id='word_1_305' title='bbox 950 3355 1013 3422; x_wconf 85' lang='grc' dir='ltr'><em>τοῦ</em></span> <span class='ocrx_word' id='word_1_306' title='bbox 1038 3346 1143 3438; x_wconf 78' lang='grc' dir='ltr'><em>Ἰησοῦ</em></span> <span class='ocrx_word' id='word_1_307' title='bbox 1173 3344 1297 3434; x_wconf 84' lang='grc' dir='ltr'><em>άναβάς</em></span> <span class='ocrx_word' id='word_1_308' title='bbox 1324 3347 1474 3438; x_wconf 81' lang='grc' dir='ltr'><em>σχολάζει</em></span> <span class='ocrx_word' id='word_1_309' title='bbox 1501 3357 1543 3438; x_wconf 83' lang='grc' dir='ltr'><em>τῇ</em></span> 
     </span>
     <span class='ocr_line' id='line_1_30' title="bbox 239 3444 1543 3539; baseline 0.001 -19"><span class='ocrx_word' id='word_1_310' title='bbox 239 3446 345 3538; x_wconf 87' lang='grc' dir='ltr'><em>δεήσει</em></span> <span class='ocrx_word' id='word_1_311' title='bbox 368 3455 420 3519; x_wconf 84' lang='grc' dir='ltr'><em>καί</em></span> <span class='ocrx_word' id='word_1_312' title='bbox 443 3455 506 3537; x_wconf 78' lang='grc' dir='ltr'><em>,τῇ</em></span> <span class='ocrx_word' id='word_1_313' title='bbox 527 3455 727 3538; x_wconf 75' lang='grc' dir='ltr'><em>προσευχή,“</em></span> <span class='ocrx_word' id='word_1_314' title='bbox 740 3532 742 3538; x_wconf 25' lang='lat'><strong><em>¹</em></strong></span> <span class='ocrx_word' id='word_1_315' title='bbox 755 3444 803 3530; x_wconf 87' lang='grc' dir='ltr'><em>ῶς</em></span> <span class='ocrx_word' id='word_1_316' title='bbox 830 3445 923 3534; x_wconf 76' lang='grc' dir='ltr'><em>ἄξιος</em></span> <span class='ocrx_word' id='word_1_317' title='bbox 944 3454 1099 3537; x_wconf 85' lang='grc' dir='ltr'><em>γενέσθαι</em></span> <span class='ocrx_word' id='word_1_318' title='bbox 1122 3456 1182 3539; x_wconf 83' lang='grc' dir='ltr'><em>τῆς</em></span> <span class='ocrx_word' id='word_1_319' title='bbox 1203 3455 1412 3539; x_wconf 80' lang='grc' dir='ltr'><em>,φερομένης</em></span> <span class='ocrx_word' id='word_1_320' title='bbox 1433 3455 1543 3539; x_wconf 85' lang='grc' dir='ltr'><em>πνοής</em></span> 
     </span>
    </p>

    <p class='ocr_par' dir='ltr' id='par_1_8' title="bbox 187 3544 1543 3638">
     <span class='ocr_line' id='line_1_31' title="bbox 187 3544 1543 3638; baseline 0.001 -20"><span class='ocrx_word' id='word_1_321' title='bbox 187 3565 221 3619; x_wconf 88' lang='grc'><em>30</em></span> <span class='ocrx_word' id='word_1_322' title='bbox 236 3557 368 3637; x_wconf 46' lang='grc' dir='ltr'><em>βιαίαςίί</em></span> <span class='ocrx_word' id='word_1_323' title='bbox 390 3552 426 3634; x_wconf 75' lang='grc' dir='ltr'><em>ἐξ</em></span> <span class='ocrx_word' id='word_1_324' title='bbox 447 3544 604 3635; x_wconf 83' lang='grc' dir='ltr'><em>ούρανοῦ,</em></span> <span class='ocrx_word' id='word_1_325' title='bbox 627 3555 824 3638; x_wconf 75' lang='grc' dir='ltr'><em>βιαζομένης</em></span> <span class='ocrx_word' id='word_1_326' title='bbox 845 3554 1043 3637; x_wconf 75' lang='grc' dir='ltr'><em>ἐξαφανίσαι</em></span> <span class='ocrx_word' id='word_1_327' title='bbox 1065 3547 1130 3638; x_wconf 86' lang='grc' dir='ltr'><em>τήν</em></span> <span class='ocrx_word' id='word_1_328' title='bbox 1152 3553 1189 3620; x_wconf 85' lang='grc' dir='ltr'><em>έν</em></span> <span class='ocrx_word' id='word_1_329' title='bbox 1208 3546 1407 3636; x_wconf 79' lang='grc' dir='ltr'><em>ἀνθρώποις</em></span> <span class='ocrx_word' id='word_1_330' title='bbox 1423 3557 1543 3620; x_wconf 83' lang='grc' dir='ltr'><em>κακίαν</em></span> 
     </span>
    </p>
   </div>
   <div class='ocr_carea' id='block_1_3' title="bbox 237 3767 1543 4094">
    <p class='ocr_par' dir='ltr' id='par_1_9' title="bbox 237 3767 1543 4094">
     <span class='ocr_line' id='line_1_32' title="bbox 322 3767 1543 3840; baseline 0.001 -15"><span class='ocrx_word' id='word_1_331' title='bbox 322 3770 341 3825; x_wconf 84' lang='lat'><em>8</em></span> <span class='ocrx_word' id='word_1_332' title='bbox 363 3768 567 3840; x_wconf 71' lang='lat' dir='ltr'>‘Vgl.&#39;1&#39;hueyd.</span> <span class='ocrx_word' id='word_1_333' title='bbox 585 3769 649 3826; x_wconf 80' lang='lat'><em>170</em></span> <span class='ocrx_word' id='word_1_334' title='bbox 667 3767 735 3824; x_wconf 73' lang='grc' dir='ltr'><em>εαΕ.</em></span> <span class='ocrx_word' id='word_1_335' title='bbox 758 3799 791 3809; x_wconf 94' lang='lat'><em>-</em></span> <span class='ocrx_word' id='word_1_336' title='bbox 813 3769 831 3824; x_wconf 80' lang='lat'>8</span> <span class='ocrx_word' id='word_1_337' title='bbox 855 3767 915 3824; x_wconf 79' lang='lat' dir='ltr'>Gal.</span> <span class='ocrx_word' id='word_1_338' title='bbox 933 3772 958 3836; x_wconf 95' lang='lat'><em>4,</em></span> <span class='ocrx_word' id='word_1_339' title='bbox 977 3769 1017 3826; x_wconf 92' lang='grc'><em>10.</em></span> <span class='ocrx_word' id='word_1_340' title='bbox 1036 3772 1077 3825; x_wconf 82' lang='grc'><em>11.</em></span> <span class='ocrx_word' id='word_1_341' title='bbox 1096 3799 1129 3810; x_wconf 96' lang='lat'><em>-—</em></span> <span class='ocrx_word' id='word_1_342' title='bbox 1148 3770 1186 3826; x_wconf 86' lang='lat'><em>18</em></span> <span class='ocrx_word' id='word_1_343' title='bbox 1207 3769 1268 3838; x_wconf 78' lang='lat' dir='ltr'>Vgl.</span> <span class='ocrx_word' id='word_1_344' title='bbox 1286 3768 1363 3824; x_wconf 83' lang='lat' dir='ltr'><em>R6m.</em></span> <span class='ocrx_word' id='word_1_345' title='bbox 1382 3772 1406 3836; x_wconf 88' lang='lat'><em>8,</em></span> <span class='ocrx_word' id='word_1_346' title='bbox 1425 3772 1449 3826; x_wconf 89' lang='lat'><em>6.</em></span> <span class='ocrx_word' id='word_1_347' title='bbox 1468 3773 1492 3825; x_wconf 80' lang='lat'><em>7.</em></span> <span class='ocrx_word' id='word_1_348' title='bbox 1510 3800 1543 3810; x_wconf 93' lang='lat'><em>-</em></span> 
     </span>
     <span class='ocr_line' id='line_1_33' title="bbox 238 3851 1542 3924; baseline 0.002 -18"><span class='ocrx_word' id='word_1_349' title='bbox 238 3853 300 3924; x_wconf 80' lang='lat' dir='ltr'>Vgl.</span> <span class='ocrx_word' id='word_1_350' title='bbox 319 3856 332 3909; x_wconf 96' lang='lat' dir='ltr'>I</span> <span class='ocrx_word' id='word_1_351' title='bbox 348 3854 412 3908; x_wconf 82' lang='lat' dir='ltr'>Kor.</span> <span class='ocrx_word' id='word_1_352' title='bbox 431 3855 455 3920; x_wconf 89' lang='grc'><em>9,</em></span> <span class='ocrx_word' id='word_1_353' title='bbox 473 3855 515 3908; x_wconf 83' lang='grc'><em>27.</em></span> <span class='ocrx_word' id='word_1_354' title='bbox 533 3883 566 3892; x_wconf 95' lang='lat'><em>-</em></span> <span class='ocrx_word' id='word_1_355' title='bbox 585 3854 626 3910; x_wconf 86' lang='grc'><em>20</em></span> <span class='ocrx_word' id='word_1_356' title='bbox 644 3853 656 3906; x_wconf 95' lang='grc' dir='ltr'>Ι</span> <span class='ocrx_word' id='word_1_357' title='bbox 674 3853 738 3908; x_wconf 85' lang='lat' dir='ltr'>Kor.</span> <span class='ocrx_word' id='word_1_358' title='bbox 757 3857 781 3921; x_wconf 89' lang='lat'><em>5,</em></span> <span class='ocrx_word' id='word_1_359' title='bbox 800 3857 823 3909; x_wconf 82' lang='grc' dir='ltr'><em>λ’.</em></span> <span class='ocrx_word' id='word_1_360' title='bbox 842 3884 876 3894; x_wconf 90' lang='grc'>-</span> <span class='ocrx_word' id='word_1_361' title='bbox 893 3855 932 3910; x_wconf 88' lang='grc'><em>21</em></span> <span class='ocrx_word' id='word_1_362' title='bbox 951 3851 1014 3922; x_wconf 81' lang='lat' dir='ltr'>Vgl.</span> <span class='ocrx_word' id='word_1_363' title='bbox 1032 3853 1093 3908; x_wconf 86' lang='lat' dir='ltr'>Joh.</span> <span class='ocrx_word' id='word_1_364' title='bbox 1112 3857 1136 3920; x_wconf 90' lang='lat'><em>6,</em></span> <span class='ocrx_word' id='word_1_365' title='bbox 1154 3855 1264 3910; x_wconf 81' lang='lat'><em>52-56.</em></span> <span class='ocrx_word' id='word_1_366' title='bbox 1282 3885 1314 3894; x_wconf 95' lang='lat'>—</span> <span class='ocrx_word' id='word_1_367' title='bbox 1333 3855 1372 3912; x_wconf 91' lang='grc'><em>22</em></span> <span class='ocrx_word' id='word_1_368' title='bbox 1391 3855 1455 3924; x_wconf 83' lang='lat' dir='ltr'>Vgl.</span> <span class='ocrx_word' id='word_1_369' title='bbox 1472 3853 1542 3908; x_wconf 89' lang='lat' dir='ltr'><strong>Ono·</strong></span> 
     </span>
     <span class='ocr_line' id='line_1_34' title="bbox 237 3937 1542 4008; baseline -0.001 -15"><span class='ocrx_word' id='word_1_370' title='bbox 237 3939 353 3994; x_wconf 74' lang='lat' dir='ltr'><strong>mastica</strong></span> <span class='ocrx_word' id='word_1_371' title='bbox 369 3955 455 4004; x_wconf 78' lang='grc' dir='ltr'><em>εαοτε,</em></span> <span class='ocrx_word' id='word_1_372' title='bbox 473 3939 515 3992; x_wconf 82' lang='lat' dir='ltr'><em>ed.</em></span> <span class='ocrx_word' id='word_1_373' title='bbox 534 3937 563 3992; x_wconf 91' lang='lat' dir='ltr'><em>P.</em></span> <span class='ocrx_word' id='word_1_374' title='bbox 576 3938 610 3992; x_wconf 83' lang='lat' dir='ltr'><em>de</em></span> <span class='ocrx_word' id='word_1_375' title='bbox 627 3937 760 4008; x_wconf 67' lang='lat' dir='ltr'><em>Lagania,</em></span> <span class='ocrx_word' id='word_1_376' title='bbox 778 3941 819 4006; x_wconf 88' lang='lat'><em>64,</em></span> <span class='ocrx_word' id='word_1_377' title='bbox 838 3940 878 3994; x_wconf 84' lang='lat'><em>21.</em></span> <span class='ocrx_word' id='word_1_378' title='bbox 905 3941 944 4002; x_wconf 78' lang='lat'><em>70,</em></span> <span class='ocrx_word' id='word_1_379' title='bbox 963 3939 1004 3994; x_wconf 90' lang='grc'><em>20.</em></span> <span class='ocrx_word' id='word_1_380' title='bbox 1030 3941 1141 4004; x_wconf 60' lang='grc'><em>19217.</em></span> <span class='ocrx_word' id='word_1_381' title='bbox 1165 3941 1223 4007; x_wconf 88' lang='grc'><em>204,</em></span> <span class='ocrx_word' id='word_1_382' title='bbox 1236 3940 1277 3994; x_wconf 86' lang='grc'><em>24.</em></span> <span class='ocrx_word' id='word_1_383' title='bbox 1295 3969 1329 3978; x_wconf 89' lang='grc'>-</span> <span class='ocrx_word' id='word_1_384' title='bbox 1347 3939 1386 3995; x_wconf 79' lang='grc'><em>25</em></span> <span class='ocrx_word' id='word_1_385' title='bbox 1404 3937 1467 4008; x_wconf 83' lang='lat' dir='ltr'>Vgl.</span> <span class='ocrx_word' id='word_1_386' title='bbox 1480 3938 1542 3992; x_wconf 87' lang='lat' dir='ltr'>Kol.</span> 
     </span>
     <span class='ocr_line' id='line_1_35' title="bbox 237 4022 1542 4094; baseline -0.002 -16"><span class='ocrx_word' id='word_1_387' title='bbox 237 4025 261 4092; x_wconf 86' lang='lat'><em>2,</em></span> <span class='ocrx_word' id='word_1_388' title='bbox 280 4024 321 4080; x_wconf 86' lang='grc'><em>12.</em></span> <span class='ocrx_word' id='word_1_389' title='bbox 340 4025 364 4088; x_wconf 87' lang='lat'><em>3,</em></span> <span class='ocrx_word' id='word_1_390' title='bbox 383 4025 407 4078; x_wconf 86' lang='lat'><em>1.</em></span> <span class='ocrx_word' id='word_1_391' title='bbox 425 4051 458 4063; x_wconf 95' lang='lat'>-</span> <span class='ocrx_word' id='word_1_392' title='bbox 477 4023 516 4080; x_wconf 78' lang='grc'><em>26</em></span> <span class='ocrx_word' id='word_1_393' title='bbox 535 4022 634 4094; x_wconf 80' lang='lat' dir='ltr'>Ephes.</span> <span class='ocrx_word' id='word_1_394' title='bbox 652 4024 676 4088; x_wconf 94' lang='grc'><em>2,</em></span> <span class='ocrx_word' id='word_1_395' title='bbox 695 4025 718 4079; x_wconf 90' lang='grc'><em>6.</em></span> <span class='ocrx_word' id='word_1_396' title='bbox 737 4053 770 4062; x_wconf 98' lang='grc'>-</span> <span class='ocrx_word' id='word_1_397' title='bbox 787 4023 826 4080; x_wconf 86' lang='grc'><em>28</em></span> <span class='ocrx_word' id='word_1_398' title='bbox 845 4023 907 4093; x_wconf 82' lang='lat' dir='ltr'>Vgl.</span> <span class='ocrx_word' id='word_1_399' title='bbox 925 4026 985 4078; x_wconf 78' lang='lat' dir='ltr'><em>Act.</em></span> <span class='ocrx_word' id='word_1_400' title='bbox 1005 4025 1087 4086; x_wconf 85' lang='lat'>1,13.</span> <span class='ocrx_word' id='word_1_401' title='bbox 1106 4027 1146 4078; x_wconf 92' lang='lat'><em>14.</em></span> <span class='ocrx_word' id='word_1_402' title='bbox 1164 4053 1197 4062; x_wconf 90' lang='lat'>-</span> <span class='ocrx_word' id='word_1_403' title='bbox 1216 4023 1255 4080; x_wconf 77' lang='grc'><em>22</em></span> <span class='ocrx_word' id='word_1_404' title='bbox 1274 4023 1337 4092; x_wconf 82' lang='lat' dir='ltr'>Vgl.</span> <span class='ocrx_word' id='word_1_405' title='bbox 1355 4023 1414 4076; x_wconf 79' lang='lat' dir='ltr'><em>Aet.</em></span> <span class='ocrx_word' id='word_1_406' title='bbox 1433 4024 1458 4089; x_wconf 83' lang='lat'><em>2,</em></span> <span class='ocrx_word' id='word_1_407' title='bbox 1475 4025 1499 4078; x_wconf 88' lang='grc'><em>2.</em></span> <span class='ocrx_word' id='word_1_408' title='bbox 1517 4024 1542 4076; x_wconf 89' lang='grc'><em>3.</em></span> 
     </span>
    </p>
   </div>
   <div class='ocr_carea' id='block_1_4' title="bbox 235 4216 1542 4715">
    <p class='ocr_par' dir='ltr' id='par_1_10' title="bbox 235 4216 1542 4715">
     <span class='ocr_line' id='line_1_36' title="bbox 323 4216 1542 4292; baseline -0.002 -14"><span class='ocrx_word' id='word_1_409' title='bbox 323 4223 340 4278; x_wconf 97' lang='lat'>1</span> <span class='ocrx_word' id='word_1_410' title='bbox 365 4216 538 4292; x_wconf 86' lang='grc' dir='ltr'><em>δοκούντων]</em></span> <span class='ocrx_word' id='word_1_411' title='bbox 564 4217 697 4278; x_wconf 86' lang='grc' dir='ltr'><em>δόκοιντο</em></span> <span class='ocrx_word' id='word_1_412' title='bbox 726 4223 774 4292; x_wconf 83' lang='lat' dir='ltr'>[so]</span> <span class='ocrx_word' id='word_1_413' title='bbox 798 4225 940 4278; x_wconf 73' lang='lat' dir='ltr'>vermuten</span> <span class='ocrx_word' id='word_1_414' title='bbox 963 4222 1045 4277; x_wconf 80' lang='lat' dir='ltr'>Guiet</span> <span class='ocrx_word' id='word_1_415' title='bbox 1065 4222 1447 4291; x_wconf 77' lang='grc' dir='ltr'><em>ααδΒε1.Ι1758Αοω.ο)</em></span> <span class='ocrx_word' id='word_1_416' title='bbox 1470 4223 1542 4276; x_wconf 85' lang='lat' dir='ltr'>ohne</span> 
     </span>
     <span class='ocr_line' id='line_1_37' title="bbox 238 4301 1540 4377; baseline -0.001 -16"><span class='ocrx_word' id='word_1_417' title='bbox 238 4307 332 4361; x_wconf 86' lang='lat' dir='ltr'>Grund</span> <span class='ocrx_word' id='word_1_418' title='bbox 351 4307 355 4376; x_wconf 90' lang='grc' dir='ltr'>Ι</span> <span class='ocrx_word' id='word_1_419' title='bbox 375 4301 507 4377; x_wconf 88' lang='grc' dir='ltr'><em>δηλονότι</em></span> <span class='ocrx_word' id='word_1_420' title='bbox 523 4311 548 4361; x_wconf 86' lang='grc' dir='ltr'><strong>Α</strong></span> <span class='ocrx_word' id='word_1_421' title='bbox 563 4306 567 4375; x_wconf 96' lang='grc' dir='ltr'>Ι</span> <span class='ocrx_word' id='word_1_422' title='bbox 584 4307 602 4362; x_wconf 81' lang='grc'><strong>8</strong></span> <span class='ocrx_word' id='word_1_423' title='bbox 620 4301 669 4375; x_wconf 84' lang='grc' dir='ltr'><em>μή]</em></span> <span class='ocrx_word' id='word_1_424' title='bbox 688 4306 739 4360; x_wconf 78' lang='lat' dir='ltr'><em>mit</em></span> <span class='ocrx_word' id='word_1_425' title='bbox 756 4307 858 4376; x_wconf 73' lang='lat' dir='ltr'><strong>spitzer</strong></span> <span class='ocrx_word' id='word_1_426' title='bbox 874 4307 961 4362; x_wconf 82' lang='lat' dir='ltr'><strong>Feder</strong></span> <span class='ocrx_word' id='word_1_427' title='bbox 977 4307 1063 4360; x_wconf 79' lang='lat' dir='ltr'>nach</span> <span class='ocrx_word' id='word_1_428' title='bbox 1081 4307 1130 4361; x_wconf 85' lang='lat' dir='ltr'><em>der</em></span> <span class='ocrx_word' id='word_1_429' title='bbox 1147 4307 1290 4362; x_wconf 75' lang='lat' dir='ltr'><strong>Abschrift</strong></span> <span class='ocrx_word' id='word_1_430' title='bbox 1308 4324 1361 4361; x_wconf 90' lang='lat' dir='ltr'><em>von</em></span> <span class='ocrx_word' id='word_1_431' title='bbox 1380 4305 1402 4359; x_wconf 90' lang='lat' dir='ltr'>P</span> <span class='ocrx_word' id='word_1_432' title='bbox 1424 4325 1451 4361; x_wconf 88' lang='lat' dir='ltr'><em>u.</em></span> <span class='ocrx_word' id='word_1_433' title='bbox 1469 4307 1498 4360; x_wconf 81' lang='lat' dir='ltr'>M</span> <span class='ocrx_word' id='word_1_434' title='bbox 1515 4324 1540 4360; x_wconf 88' lang='lat' dir='ltr'><em>u.</em></span> 
     </span>
     <span class='ocr_line' id='line_1_38' title="bbox 236 4387 1539 4462; baseline -0.002 -16"><span class='ocrx_word' id='word_1_435' title='bbox 236 4409 295 4446; x_wconf 87' lang='lat' dir='ltr'><em>vor</em></span> <span class='ocrx_word' id='word_1_436' title='bbox 311 4392 359 4446; x_wconf 82' lang='lat' dir='ltr'><em>der</em></span> <span class='ocrx_word' id='word_1_437' title='bbox 376 4390 517 4445; x_wconf 79' lang='lat' dir='ltr'><strong>Abschrift</strong></span> <span class='ocrx_word' id='word_1_438' title='bbox 534 4407 589 4444; x_wconf 89' lang='lat' dir='ltr'><em>von</em></span> <span class='ocrx_word' id='word_1_439' title='bbox 608 4390 630 4443; x_wconf 92' lang='lat' dir='ltr'>V</span> <span class='ocrx_word' id='word_1_440' title='bbox 651 4389 824 4459; x_wconf 79' lang='lat' dir='ltr'>flbergesehr.</span> <span class='ocrx_word' id='word_1_441' title='bbox 844 4394 882 4445; x_wconf 70' lang='grc' dir='ltr'><em>Α8</em></span> <span class='ocrx_word' id='word_1_442' title='bbox 899 4401 932 4450; x_wconf 93' lang='grc'>&lt;</span> <span class='ocrx_word' id='word_1_443' title='bbox 950 4391 1051 4461; x_wconf 67' lang='grc' dir='ltr'><em>Ησθρ.</em></span> <span class='ocrx_word' id='word_1_444' title='bbox 1067 4391 1106 4462; x_wconf 86' lang='grc'><em>16</em></span> <span class='ocrx_word' id='word_1_445' title='bbox 1130 4387 1284 4456; x_wconf 85' lang='grc' dir='ltr'><em>διαπαντὸς</em></span> <span class='ocrx_word' id='word_1_446' title='bbox 1301 4396 1326 4446; x_wconf 80' lang='grc' dir='ltr'><strong>Α</strong></span> <span class='ocrx_word' id='word_1_447' title='bbox 1341 4394 1345 4461; x_wconf 94' lang='grc' dir='ltr'>Ι</span> <span class='ocrx_word' id='word_1_448' title='bbox 1363 4392 1477 4448; x_wconf 75' lang='grc'><strong>18-14</strong></span> <span class='ocrx_word' id='word_1_449' title='bbox 1496 4409 1539 4446; x_wconf 78' lang='grc' dir='ltr'><em>σω</em></span> 
     </span>
     <span class='ocr_line' id='line_1_39' title="bbox 235 4468 1541 4548; baseline -0.001 -19"><span class='ocrx_word' id='word_1_450' title='bbox 235 4475 316 4530; x_wconf 76' lang='grc' dir='ltr'><em>Βεαδ</em></span> <span class='ocrx_word' id='word_1_451' title='bbox 344 4493 379 4546; x_wconf 89' lang='grc' dir='ltr'><em>ση</em></span> <span class='ocrx_word' id='word_1_452' title='bbox 405 4478 442 4529; x_wconf 73' lang='lat'><em>1¹</em></span> <span class='ocrx_word' id='word_1_453' title='bbox 464 4479 468 4543; x_wconf 96' lang='grc' dir='ltr'>Ι</span> <span class='ocrx_word' id='word_1_454' title='bbox 493 4476 532 4531; x_wconf 72' lang='lat'><em>15</em></span> <span class='ocrx_word' id='word_1_455' title='bbox 560 4468 649 4530; x_wconf 81' lang='grc' dir='ltr'><em>αι’τοῦ</em></span> <span class='ocrx_word' id='word_1_456' title='bbox 675 4469 706 4528; x_wconf 85' lang='grc' dir='ltr'><em>έν</em></span> <span class='ocrx_word' id='word_1_457' title='bbox 728 4481 790 4539; x_wconf 87' lang='grc' dir='ltr'><em>ταῖς</em></span> <span class='ocrx_word' id='word_1_458' title='bbox 811 4469 940 4546; x_wconf 76' lang='grc' dir='ltr'><em>ἡμέραις]</em></span> <span class='ocrx_word' id='word_1_459' title='bbox 963 4473 994 4530; x_wconf 79' lang='grc' dir='ltr'><em>ἐν</em></span> <span class='ocrx_word' id='word_1_460' title='bbox 1015 4482 1079 4540; x_wconf 85' lang='grc' dir='ltr'><em>ταῖς</em></span> <span class='ocrx_word' id='word_1_461' title='bbox 1097 4471 1187 4532; x_wconf 76' lang='grc' dir='ltr'><em>αὐτοῦ</em></span> <span class='ocrx_word' id='word_1_462' title='bbox 1203 4473 1324 4548; x_wconf 82' lang='grc' dir='ltr'><em>ἡμέραις</em></span> <span class='ocrx_word' id='word_1_463' title='bbox 1341 4479 1476 4530; x_wconf 73' lang='lat' dir='ltr'>vermutet</span> <span class='ocrx_word' id='word_1_464' title='bbox 1493 4477 1541 4530; x_wconf 91' lang='lat' dir='ltr'><em>Bo.</em></span> 
     </span>
     <span class='ocr_line' id='line_1_40' title="bbox 236 4551 1541 4634; baseline -0.001 -18"><span class='ocrx_word' id='word_1_465' title='bbox 236 4561 333 4631; x_wconf 77' lang='grc' dir='ltr'><em>(Νοίεε</em></span> <span class='ocrx_word' id='word_1_466' title='bbox 350 4579 378 4630; x_wconf 90' lang='lat' dir='ltr'><em>p.</em></span> <span class='ocrx_word' id='word_1_467' title='bbox 395 4563 456 4630; x_wconf 80' lang='lat'>405)</span> <span class='ocrx_word' id='word_1_468' title='bbox 481 4563 484 4628; x_wconf 98' lang='grc' dir='ltr'>Ι</span> <span class='ocrx_word' id='word_1_469' title='bbox 510 4560 549 4615; x_wconf 81' lang='lat'><em>19</em></span> <span class='ocrx_word' id='word_1_470' title='bbox 568 4551 657 4614; x_wconf 72' lang='grc' dir='ltr'><em>αὑτοῦ</em></span> <span class='ocrx_word' id='word_1_471' title='bbox 674 4561 775 4628; x_wconf 82' lang='lat' dir='ltr'>Ausgg.</span> <span class='ocrx_word' id='word_1_472' title='bbox 795 4555 885 4614; x_wconf 76' lang='grc' dir='ltr'><em>αὐτοῦ</em></span> <span class='ocrx_word' id='word_1_473' title='bbox 901 4564 925 4614; x_wconf 77' lang='grc' dir='ltr'><strong>Α</strong></span> <span class='ocrx_word' id='word_1_474' title='bbox 944 4561 948 4628; x_wconf 99' lang='grc' dir='ltr'>Ι</span> <span class='ocrx_word' id='word_1_475' title='bbox 969 4561 1009 4615; x_wconf 86' lang='grc'><em>20</em></span> <span class='ocrx_word' id='word_1_476' title='bbox 1031 4559 1121 4613; x_wconf 82' lang='lat' dir='ltr'><strong>hinter</strong></span> <span class='ocrx_word' id='word_1_477' title='bbox 1144 4552 1224 4629; x_wconf 80' lang='grc' dir='ltr'><em>ἡμῶν</em></span> <span class='ocrx_word' id='word_1_478' title='bbox 1242 4567 1274 4624; x_wconf 83' lang='grc' dir='ltr'><em>-Ι-</em></span> <span class='ocrx_word' id='word_1_479' title='bbox 1293 4551 1363 4634; x_wconf 76' lang='grc' dir='ltr'><em>ύπὲρ</em></span> <span class='ocrx_word' id='word_1_480' title='bbox 1387 4553 1469 4630; x_wconf 85' lang='grc' dir='ltr'><em>ἡμῶν</em></span> <span class='ocrx_word' id='word_1_481' title='bbox 1490 4561 1541 4615; x_wconf 83' lang='grc' dir='ltr'><em>Ηδ.</em></span> 
     </span>
     <span class='ocr_line' id='line_1_41' title="bbox 237 4636 1472 4715; baseline -0.001 -14"><span class='ocrx_word' id='word_1_482' title='bbox 237 4648 292 4715; x_wconf 76' lang='grc' dir='ltr'><em>(ατο</em></span> <span class='ocrx_word' id='word_1_483' title='bbox 310 4646 398 4714; x_wconf 72' lang='lat' dir='ltr'>Rand)</span> <span class='ocrx_word' id='word_1_484' title='bbox 417 4643 527 4715; x_wconf 84' lang='lat' dir='ltr'>Sp.Del.</span> <span class='ocrx_word' id='word_1_485' title='bbox 546 4644 594 4712; x_wconf 88' lang='lat' dir='ltr'><em>(im</em></span> <span class='ocrx_word' id='word_1_486' title='bbox 611 4643 689 4710; x_wconf 76' lang='lat' dir='ltr'>Text)</span> <span class='ocrx_word' id='word_1_487' title='bbox 705 4645 709 4712; x_wconf 95' lang='grc' dir='ltr'>Ι</span> <span class='ocrx_word' id='word_1_488' title='bbox 725 4643 764 4700; x_wconf 82' lang='grc'><em>25</em></span> <span class='ocrx_word' id='word_1_489' title='bbox 783 4637 842 4709; x_wconf 87' lang='grc' dir='ltr'><em>μετ’</em></span> <span class='ocrx_word' id='word_1_490' title='bbox 860 4649 885 4699; x_wconf 87' lang='lat' dir='ltr'>A</span> <span class='ocrx_word' id='word_1_491' title='bbox 902 4636 975 4713; x_wconf 83' lang='grc' dir='ltr'><em>μετά</em></span> <span class='ocrx_word' id='word_1_492' title='bbox 993 4645 1128 4714; x_wconf 81' lang='lat' dir='ltr'>MAusgg.</span> <span class='ocrx_word' id='word_1_493' title='bbox 1145 4649 1148 4714; x_wconf 96' lang='grc' dir='ltr'>Ι</span> <span class='ocrx_word' id='word_1_494' title='bbox 1164 4645 1203 4700; x_wconf 88' lang='grc'><em>28</em></span> <span class='ocrx_word' id='word_1_495' title='bbox 1223 4646 1356 4714; x_wconf 83' lang='grc' dir='ltr'><em>σχολαζει</em></span> <span class='ocrx_word' id='word_1_496' title='bbox 1375 4645 1421 4715; x_wconf 82' lang='lat' dir='ltr'>[so]</span> <span class='ocrx_word' id='word_1_497' title='bbox 1440 4649 1472 4700; x_wconf 90' lang='lat' dir='ltr'><em>A.</em></span> 
     </span>
    </p>
   </div>
   <div class='ocr_carea' id='block_1_5' title="bbox 0 0 1896 5532">
    <p class='ocr_par' dir='ltr' id='par_1_11' title="bbox 0 0 1896 5532">
     <span class='ocr_line' id='line_1_42' title="bbox 0 0 1896 5532; baseline 0 0"><span class='ocrx_word' id='word_1_498' title='bbox 0 0 1896 5532; x_wconf 95' lang='lat' dir='ltr'><em> </em></span> 
     </span>
    </p>
   </div>
  </div>
 </body>
</html>
