3780 5532
336 416 397 480 248
874 411 1099 466 ΩΡΙΙἜΝΟΥΣ

338 570 471 660 δρύων
494 577 550 644 καὶ
572 565 720 655 ὐδατος
734 579 788 644 καὶ
804 570 921 664 ἀέρος
941 572 1268 666 μεταλαμβάνοντες·
1291 571 1376 648 ἀλλὰ
1393 581 1524 665 μᾶλλον
1539 581 1644 658 θείοις
1875 599 1876 650 Ι

342 667 497 761 ἀγγέλοις
527 688 600 755 τοῖς
628 675 682 742 ἐπί
712 680 785 744 τῶν
819 673 992 746 τοιούτων
1020 679 1249 765 τεταγμένοις,
1277 680 1401 759 σίτινες
1424 673 1567 765 αόσπερεὶ
1588 703 1644 746 κα-

341 777 482 842 λοῦνται
508 774 564 842 ἐπὶ
590 769 655 860 τὴν
681 772 797 846 ἑστίαν
818 780 882 846 τοῦ
904 770 1057 859 εὐσεβοῦς
1078 785 1135 848 καί
1156 771 1367 858 ἀκούσαντος
1388 782 1452 846 τοῦ
1473 771 1644 846 διδάσκον-

340 899 401 953 τος
432 867 536 960 λόγου
567 870 610 943 τά
642 869 768 946 τοιάδε·
797 878 886 960 ,εἴτε
916 878 1074 945 ἐσθίετε
1106 877 1172 946 εἴτε
1198 882 1337 947 πίνετε
1360 879 1427 946 είτε
1449 905 1483 946 τι
1504 894 1643 961 ποιεῖτε,

305 968 453 1042 5πάντα
486 977 532 1054 εἰς
562 971 664 1061 δόξαν
695 979 793 1045 θεοῦ
823 982 981 1044 ποιεῖτε.“
1022 981 1078 1044 καὶ
1104 971 1209 1045 πάλιν
1230 977 1267 1046 ἐν
1289 969 1382 1064 άλλῳ
1405 970 1504 1064 τόπῳ
1526 992 1644 1044 κεῖται·

339 1075 426 1157 ,εἴτε
459 1074 616 1146 ἐσθίετε
648 1079 714 1144 εἴτε
744 1081 916 1157 πίνετε,“
946 1070 1060 1145 πάντα
1096 1077 1155 1158 ,ἐν
1183 1069 1347 1162 ὀνόματί(
1378 1080 1476 1146 θεοῦ
1508 1091 1645 1154 ποιεῖτε,

341 1163 400 1244 ότε
422 1162 486 1242 οῦν
506 1178 574 1257 ,εἰς
597 1169 700 1259 δόξαν
722 1178 827 1244 θεοῦ(
848 1176 1037 1260 ἐσθίομεν
1064 1179 1119 1242 καὶ
1141 1181 1312 1261 πίνομεν
1332 1183 1337 1260 Ι
1365 1180 1421 1244 καὶ
1449 1170 1644 1246 ἀναπνέο-
1662 1190 1712 1247 166

338 1299 408 1360 μεν
438 1271 602 1343 καὶκατὰ
624 1267 812 1360 τὸνλόγον
838 1269 953 1343 πάντα
979 1269 1185 1360 πράττομεν,
1212 1271 1324 1346 οὐδενὶ
1345 1281 1419 1345 τῶν
1441 1270 1645 1362 δαιμόνων

340 1370 642 1462 συνεστιώμεθα
674 1368 760 1444 ἀλλὰ
790 1391 863 1455 τοῖς
894 1381 1002 1454 θείοις
1031 1368 1192 1461 ἀγγέλοις.
1233 1379 1288 1446 καί
1316 1373 1378 1462 γάρ
1408 1380 1499 1458 ,πᾶν
1524 1380 1645 1461 κτίσμα

290 1489 322 1545 10
339 1477 438 1542 θεοῦ
466 1469 587 1555 καλὸν,
620 1477 676 1541 καὶ
705 1466 804 1542 οὐδὲν
834 1468 1030 1560 ἀπόβλητον
1055 1469 1127 1559 μετ’
1150 1469 1357 1562 εὐχαριστίας
1379 1468 1643 1564 λαμβανόμενον·

342 1566 513 1660 ἁγιάζεται
539 1569 602 1660 γάρ
624 1569 678 1642 διά
705 1567 809 1660 λόγου
834 1577 933 1642 θεοῦ
958 1578 1014 1641 καὶ
1040 1571 1252 1658 ἐντεῦξεως.“
1295 1568 1356 1644 οὐκ
1382 1567 1424 1644 ἀν
1446 1577 1482 1642 δέ
1504 1565 1546 1661 ἦν
1568 1599 1643 1655 ,κα-

341 1669 425 1742 λόν“
458 1667 535 1772 οὐδὲ
571 1668 719 1742 δυνατόν
757 1665 964 1760 ἀγιάζεσθαι,
1001 1674 1041 1756 εί,
1077 1669 1125 1755 αός
1161 1679 1288 1756 Κέλσος
1328 1677 1448 1758 οἴεται,
1485 1679 1643 1760 δαίμοσι

342 1776 450 1842 ταῦτα
471 1773 514 1860 ἠν
535 1776 869 1860 προστεταγμένα.

424 1893 568 1959 XXXIII.
603 1883 656 1956 Ἐκ
682 1885 821 1960 τούτων
848 1894 883 1958 δὲ
910 1895 1015 1977 δῆλον
1041 1881 1096 1959 ότι
1121 1894 1177 1958 καί
1202 1885 1289 1978 πρὸς
1315 1886 1358 1958 τά
1381 1889 1455 1976 ἑξῆς
1476 1883 1570 1976 αὐτῷ
1593 1896 1642 1957 λε·

291 2004 323 2057 15
342 1995 484 2076 λεγμένα
505 1984 753 2077 ἀπηντὴσαμεν,
781 1981 895 2071 οῦτως
918 1991 1050 2075 ἔχοντα·
1078 1981 1100 2077 ἢ
1128 1996 1269 2059 τοίνυν
1289 1984 1440 2077 οὐδαμῇ
1462 1983 1643 2076 οὐδαμῶς

341 2093 515 2171 βιωτέον
546 2082 639 2158 οὐδὲ
671 2093 766 2175 τῇδε
796 2094 1062 2175 παριτητέον,
1095 2081 1116 2176 ἢ
1142 2086 1215 2160 τὸν
1246 2092 1311 2159 ἐπὶ
1337 2092 1470 2158 τοῖσδε
1495 2098 1642 2174 παρελ-

340 2182 473 2258 θόντα
504 2193 559 2269 είς
589 2184 661 2258 τόν
688 2193 776 2270 βίον
803 2191 962 2275 δαίμοσι
989 2205 1077 2268 τοῖς
1103 2185 1151 2257 τά
1177 2191 1240 2257 ἐπί
1268 2192 1337 2276 γῆς
1363 2182 1565 2276 είληχόσιν
1586 2181 1645 2256 εὐ-

340 2292 610 2375 χαριστητέον
635 2293 700 2356 καὶ
726 2283 905 2374 ἀπαρχάς
926 2293 991 2356 καὶ
1014 2283 1130 2376 εὐχάς
1152 2283 1391 2370 ἀποδοτέον,
1414 2286 1483 2370 έως
1505 2281 1551 2357 ἀν
1574 2293 1644 2372 ζῶ-

342 2414 426 2474 μεν,
449 2383 501 2469 ως
528 2379 575 2456 ἀν
597 2386 906 2473 φιλανθρώπων
929 2383 1064 2458 αὐτῶν
1087 2385 1360 2476 τυγχάνοιμεν.
1395 2394 1453 2456 καί
1473 2391 1644 2470 βιωτέον

291 2496 325 2551 20
342 2478 406 2557 οὐν
436 2481 528 2574 ἡμῖν,
556 2483 725 2556 καὶκατὰ
752 2481 941 2573 τὸνλόγον
968 2492 1039 2556 τοῦ
1065 2492 1161 2557 θεοῦ
1185 2492 1374 2570 βιωτέον,
1402 2479 1484 2557 όσον
1510 2481 1586 2556 σίόν
1607 2513 1644 2556 τε

342 2591 397 2656 καί
432 2589 563 2656 δίδοται
594 2580 668 2654 κατ’
703 2581 809 2655 αὐτόν
835 2591 960 2669 βιοῦν·
983 2590 1114 2656 δίδοται
1136 2591 1247 2656 δὲκαὶ
1269 2580 1342 2665 ὅτε,
1375 2581 1434 2655 εἴτ’
1457 2590 1645 2672 ἐσθίομεν

344 2688 409 2754 είτε
431 2693 609 2769 πίνομεν,
636 2681 771 2769 ,πάντα
794 2687 840 2767 εἰς
861 2680 962 2770 δόξαν
983 2691 1105 2757 θεσῦ“
1126 2693 1299 2774 ποιοῦμεν.
1338 2693 1394 2755 καί
1416 2680 1458 2756 οὐ
1479 2711 1644 2773 παραιτη-

343 2790 423 2855 τέον
450 2780 528 2873 ἡμῖν
555 2782 595 2854 τό
617 2789 762 2873 χρῆσθαι
787 2779 858 2874 μετ’
882 2781 1088 2873 εὐχαριστίας
1114 2791 1175 2874 τῆς
1195 2783 1281 2873 πρὸς
1302 2783 1366 2857 τόν
1386 2793 1551 2856 κτίσαντα
1571 2802 1645 2866 τοῖς

342 2880 385 2953 δι’
407 2879 491 2975 ἡμᾶς
513 2879 619 2954 αὐτοῦ
640 2881 911 2974 δημιουργήμασι.
953 2891 1009 2955 καί
1031 2887 1094 2956 ἐπὶ
1121 2891 1254 2956 τοῖσδε
1273 2891 1404 2972 μᾶλλον
1424 2881 1645 2973 παρήχθημεν

291 2995 324 3051 25
342 2981 409 3056 ὐπὸ
443 2990 515 3055 τοῦ
546 2989 644 3054 θεοῦ
676 2989 730 3065 είς
762 2981 833 3054 τὸν
864 2991 968 3068 βίον,
1000 3012 1020 3071 η
1055 2980 1107 3070 ἐφ’
1131 2984 1181 3066 οἶς
1204 2989 1331 3067 Κέλσος
1357 2988 1476 3068 οἴεται,
1503 2991 1558 3055 καὶ
1585 2980 1646 3070 οὐχ

342 3080 550 3172 ὐποκείμεθά
581 3111 618 3172 γε
650 3089 833 3172 δαίμοσιν
867 3079 951 3153 ἀλλὰ
984 3089 1040 3170 τῷ
1073 3089 1127 3154 ἐπὶ
1159 3089 1242 3154 πᾶσι
1273 3089 1355 3173 θεῷ
1389 3082 1444 3156 διά
1471 3090 1535 3156 τοῦ
1561 3079 1645 3172 ἡμᾶς

345 3179 622 3274 προσαγαγόντος
643 3178 748 3270 Ἰησοῦ
769 3190 832 3255 τοῦ
854 3189 1013 3272 Χριστοῦ.

425 3293 480 3356 καὶ
501 3282 589 3354 κατὰ
608 3278 731 3372 νόμους
748 3289 810 3371 μὲν
831 3288 929 3354 θεοῦ
950 3280 1058 3365 οὐδεὶς
1080 3287 1211 3372 είληχε
1233 3287 1386 3370 δαίμων
1407 3281 1455 3354 τά
1477 3285 1539 3352 ἐπὶ
1562 3287 1646 3371 γῆς·

342 3381 397 3453 διά
421 3388 487 3472 (δέ)
511 3381 576 3472 τὴν
602 3390 702 3470 σφῶν
726 3388 941 3472 παρανομίαν
963 3379 1049 3470 τάχα
1073 3388 1135 3472 μὲν
1156 3379 1272 3466 αὐτοῖς
1293 3378 1464 3466 διελόντες
1487 3381 1566 3464 τούς
1588 3378 1644 3452 τό·

291 3499 325 3554 30
342 3510 441 3566 πονς,
475 3485 561 3552 ἔνθα
593 3485 709 3571 ἐρημία
744 3486 812 3552 ἐστὶ
844 3480 999 3569 γνώσεως
1028 3489 1126 3552 θεοῦ
1152 3487 1207 3551 καί
1234 3488 1306 3552 τοῦ
1331 3478 1405 3552 κατ’
1427 3479 1534 3553 αὐτὸν
1556 3488 1645 3565 βίου

425 3675 554 3730 41K0r.
572 3678 613 3740 10,
631 3679 672 3732 31.
690 3707 723 3716 -
742 3677 761 3732 θ
779 3676 842 3746 vgl.
860 3677 873 3730 I
890 3675 954 3730 Xor.
973 3679 1013 3740 10,
1030 3678 1072 3733 31.
1099 3675 1160 3732 Kol.
1179 3677 1203 3743 3,
1222 3679 1262 3731 17.
1280 3707 1313 3716 -
1331 3679 1350 3733 θ
1368 3677 1380 3729 I
1397 3675 1466 3730 Tim.
1483 3679 1509 3740 4,
1526 3679 1550 3730 4.
1569 3679 1592 3732 5.
1611 3705 1644 3714 -

341 3761 377 3816 21
396 3759 459 3831 vgl.
477 3761 489 3814 1
507 3760 570 3814 Xor.
589 3764 629 3828 10,
647 3763 689 3816 31.

427 3913 446 3968 δ
465 3905 522 3967 εἴτε
541 3907 653 3967 ἐσθίετε
669 3905 726 3966 είτε
742 3911 846 3981 πίνετε]
866 3928 919 3966 von
937 3910 980 3982 Sp.
999 3928 1024 3964 u.
1043 3911 1102 3966 Del.
1121 3911 1345 4010 alsflfehlerhaste
1365 3911 1579 3981 Wiederholung
1596 3927 1645 3964 aus

342 4032 368 4086 Z.
386 4037 403 4087 4
421 4033 577 4102 ααρεεείεεα
596 4033 652 4086 und
671 4031 786 4086 deehalb
804 4033 843 4086 im
860 4032 944 4088 Τειίε
961 4033 1063 4102 getilgt
1080 4033 1086 4101 Ι
1106 4033 1124 4090 8
1142 4024 1204 4088 τιίέν
1221 4032 1269 4102 [so]
1292 4049 1347 4087 von
1365 4034 1384 4086 I.
1403 4033 1436 4086 H.
1454 4031 1645 4102 nachtrssglich

342 4135 476 4204 augefflgt
493 4137 519 4189 A
538 4136 542 4203 Ι
563 4135 600 4190 11
620 4133 650 4190 δὲ
669 4121 702 4203 ἦν
719 4137 743 4188 Δ
762 4129 785 4188 δ’
803 4121 837 4204 ἦν
853 4135 988 4204 MAusgg.
1008 4136 1012 4203 Ι
1034 4134 1147 4191 15-16
1165 4152 1210 4188 am
1228 4134 1325 4188 innern
1343 4133 1422 4188 Rand
1442 4117 1481 4200 II,
1499 4151 1550 4188 vor
1565 4152 1580 4189 ε
1597 4134 1646 4188 hat

341 4219 571 4274 wahrscheinlieh
588 4237 607 4274 ιι
623 4217 783 4288 gemunden,
802 4219 851 4272 δεε
865 4218 936 4288 jetzt
953 4217 1080 4274 verklebt
1097 4218 1141 4285 ist,
1159 4219 1183 4272 A
1198 4221 1202 4286 Ι
1219 4219 1256 4276 15
1280 4211 1296 4288 ἢ
1314 4220 1411 4275 τοίνυν
1427 4220 1563 4289 MAusgg.
1581 4211 1645 4288 ἢτοι

341 4323 392 4375 νῦν
408 4323 434 4375 Α
454 4322 458 4388 Ι
481 4320 519 4376 16
536 4317 710 4393 παριτητέον
726 4323 828 4389 Ausgg.
846 4317 1042 4391 παραιτητέον
1059 4321 1082 4374 Δ
1102 4321 1107 4388 Ι
1122 4319 1232 4389 ΙΘ-ἳβ
1249 4338 1295 4375 am
1312 4321 1391 4376 Rund
1406 4297 1443 4378 II-
1456 4325 1491 4377 A¹
1514 4325 1517 4390 Ι
1537 4321 1646 4377 21-28

341 4421 387 4460 εει
404 4403 485 4460 Βααδ
504 4423 540 4475 οη
557 4407 594 4458 A¹
618 4407 621 4474 Ι
646 4405 686 4462 29
710 4403 770 4476 (δὲ)
790 4405 855 4474 fflgo
872 4404 917 4458 ioh
934 4404 985 4458 miI
1001 4403 1029 4457 M
1047 4421 1073 4458 u.
1092 4405 1144 4460 den
1162 4407 1264 4475 Ausgg.
1283 4406 1346 4475 ein}
1369 4399 1467 4471 αίιτοῖς
1482 4406 1530 4461 Βο.
1549 4405 1646 4476 (Notae

341 4507 366 4559 p.
384 4491 446 4558 406)
463 4489 532 4557 Del„
551 4481 649 4556 αὐτοῖς
668 4489 796 4560 ΑΗδ.θρ.
811 4490 816 4558 Ι
831 4485 973 4553 διελόντες
990 4489 1113 4544 schreibe
1130 4489 1183 4556 ich,
1202 4492 1338 4547 διείλοντο
1362 4491 1409 4546 Βο.
1428 4491 1524 4560 (Notae
1542 4509 1566 4562 p.
1585 4492 1645 4558 406)

341 4572 409 4639 Del„
428 4568 557 4629 διελόντα
575 4574 702 4644 ΔΗῦ.8ρ.
