3780 5532
342 449 402 512 258
881 445 1106 499 αοιοωιοιιν

341 614 483 694 φθειρε
512 611 548 676 δὲ
579 601 599 694 ἦ
621 602 757 688 κόλασις
779 603 885 678 αὐτοῦ
908 605 950 678 τὰ
974 613 1036 678 τοῦ
1062 615 1163 679 θεοῦ
1188 603 1415 696 ἀγγέλματα
1437 600 1520 692 ἀλλ’,
1544 608 1572 676 εί
1594 610 1648 676 δεῖ

340 732 453 788 ουτως
484 701 660 795 δνομάσαι,
687 713 734 790 εἰς
760 714 886 795 γνῶσιν
907 704 993 777 αάτά
1016 702 1152 797 ἢγαγεν·
1183 704 1231 790 ῶς
1252 713 1307 778 καὶ
1329 703 1431 789 αὐτὸς
1453 701 1644 790 έδίδαξενό

339 801 460 895 Ἰησοῦς
482 813 604 894 λέγων·
627 806 706 890 ,βὰν
727 806 772 896 μὴ
796 802 815 878 ό
837 803 961 890 κόκκος
983 813 1046 879 τοῦ
1067 813 1164 880 σίτου
1185 808 1301 878 πεοῶν
1323 813 1368 890 είς
1391 805 1454 896 τὴν
1476 812 1539 895 γῆν
1560 802 1644 876 ἀπο-

340 903 444 992 θάνη,
476 903 579 989 αδτδς
610 903 715 996 μόνος
744 912 846 997 μένει·
875 905 934 977 ἐὰν
964 911 1000 977 δὲ
1031 903 1207 994 ἀποθάνῃ,
1234 906 1344 978 πολὺν
1365 904 1499 995 καρπὸν
1522 911 1646 993 φέρει.“

305 1018 322 1070 5
339 1001 532 1076 ἀποθανών
554 998 618 1076 οὖν
640 1001 679 1090 ,,δ
701 1002 825 1089 κόκκος
846 1013 910 1078 τοῦ
931 1015 1048 1078 σίτου“
1062 1001 1185 1095 Ἰησοῦς
1199 1006 1331 1092 ,πολὺν
1346 1004 1501 1094 καρπόν(
1517 1003 1643 1094 ἤνεγκε,

338 1110 393 1174 καὶ
416 1101 465 1176 ἀεὶ
489 1101 508 1175 δ
529 1105 659 1196 πατὴρ
680 1125 823 1195 προνοεῖ
842 1113 916 1176 τῶν
938 1110 975 1176 ἐκ
997 1111 1060 1176 τοῦ
1083 1103 1240 1177 θανάτου
1263 1112 1325 1177 τοῦ
1346 1102 1473 1176 κόκκου
1492 1111 1578 1192 ,ποῦ
1599 1112 1644 1174 σί-

339 1213 421 1274 του“
448 1211 680 1295 γεγενημένων
705 1213 762 1276 καί
783 1212 973 1295 γινομένων
996 1209 1045 1276 έτι
1066 1215 1122 1276 καὶ
1144 1209 1315 1294 ἐσομένων
1336 1211 1487 1295 καρπῶν.
1532 1199 1644 1286 ὅσιος

338 1295 403 1375 οὖν
424 1303 553 1394 πατὴρ
576 1299 596 1375 δ
617 1310 681 1376 τοῦ
701 1301 806 1394 Ἰησοῦ
827 1304 974 1394 πατὴρ,
1002 1311 1088 1390 ,ποῦ
1109 1309 1212 1375 ἰδίου·
1236 1305 1281 1394 μὴ
1304 1303 1503 1394 φεισάμενος
1527 1309 1643 1390 ,.υἱσῦ“

337 1400 432 1489 ,ἀλλ’
453 1401 538 1492 ὑπὲρ
569 1400 666 1493 ἡμῶν
695 1401 856 1476 πάντωνίί
886 1403 1058 1494 παραδοὺς
1089 1400 1237 1488 ,,αάτὸν“
1263 1401 1372 1493 ἀμνὸν
1398 1401 1483 1476 ὄντα
1510 1404 1642 1486 ἑαυτοῦ,

287 1512 321 1568 10
338 1499 379 1574 ἵν’
410 1498 475 1592 ἀρη
511 1502 596 1593 ,μὴν
632 1499 798 1593 δμαρτίαν
826 1511 891 1576 τοῦ
919 1501 1068 1593 κόσμου’
1098 1498 1117 1573 δ
1148 1499 1231 1590 δπὲρ
1262 1501 1392 1586 παντὸς
1423 1502 1530 1576 αὐτοῦ
1560 1501 1643 1575 ἀπο-

337 1600 498 1690 θνῄσκων
527 1600 654 1692 ,,ἀμνδς
679 1609 814 1675 θεοῦ“·
843 1600 884 1674 δι’
908 1599 949 1676 δν
977 1599 1039 1674 οάκ
1064 1599 1333 1692 ἀναγκαζόμενος
1358 1599 1431 1674 ἀλλ’
1453 1604 1543 1674 έκῶν
1564 1601 1643 1674 όπέ-

336 1729 427 1790 μεινε
448 1700 490 1772 τὰ
512 1696 581 1774 ἀπὸ
603 1709 677 1773 τῶν
698 1699 866 1791 δβριστῶν
889 1700 984 1794 αὐτῷ
1006 1703 1251 1792 προσαγόμενα.

419 1801 492 1871 είτα
513 1799 596 1892 μετὰ
619 1808 726 1872 ταῦτα
748 1797 767 1874 δ
789 1809 924 1886 Κέλσος,
948 1799 1239 1893 ἐπαναλαμβάνων
1261 1802 1324 1874 τὸν
1344 1799 1432 1891 πρὸς
1451 1803 1531 1886 τοὺς
1550 1814 1642 1890 βλα-
1716 1825 1719 1832 ’

336 1907 594 1990 σφημοῦντας
629 1901 676 1972 τὰ
713 1898 920 1990 ἀγάλματα
955 1899 1073 1991 λόγον,
1111 1910 1229 1991 φησίν·
1272 1905 1354 1974 οίδε
1390 1908 1445 1986 δὲ,
1487 1897 1557 1984 οδς
1598 1903 1642 1972 σὺ

285 2018 319 2071 15
335 2007 591 2088 βλασφημεῖς,
619 2005 715 2091 ἐνῆν
739 2009 809 2092 μὲν
835 2007 964 2072 εἰπεῖν
991 1997 1054 2074 ότι
1075 2009 1139 2073 καὶ
1161 1997 1274 2072 αάτσλ
1297 2000 1514 2086 βούλονται
1537 2007 1639 2089 (καὶ)

336 2097 400 2170 διὰ
422 2095 532 2171 τοῦτ’
554 2096 767 2189 ἀνέχονται
789 2099 1153 2191 βλασφημούμενοι·
1184 2101 1232 2172 τὰ
1254 2101 1325 2188 γὰρ
1348 2106 1410 2172 ἴσα
1432 2119 1518 2184 τοῖς
1540 2106 1642 2184 ἴσοις

334 2208 585 2288 παραβαλεῖν
614 2197 850 2288 κράτιστον·
879 2197 962 2272 ἀλλ’
985 2193 1098 2272 οὗτοί
1127 2228 1168 2289 γε
1196 2207 1261 2269 καί
1288 2197 1441 2290 σφόδρα
1467 2198 1640 2289 ἀμύνον-

335 2326 400 2368 ται
430 2298 501 2370 τὸν
531 2305 856 2388 βλασφημοῦντα,
898 2295 989 2389 ἢτοι
1020 2329 1060 2390 γε
1091 2299 1293 2388 φεύγοντα
1327 2299 1390 2370 διὰ
1422 2307 1545 2372 τοῦτο
1576 2309 1641 2372 καί

333 2394 614 2488 κρυπτόμενον
639 2394 660 2486 ἢ
683 2395 951 2486 ἁλισκόμενον
976 2407 1041 2470 καὶ
1067 2397 1356 2484 ἀπολλύμενον.
1398 2397 1440 2472 οδ
1464 2410 1640 2488 βλασφη-

282 2512 319 2568 20
333 2505 510 2586 μοῦντας
532 2526 595 2570 ουν
616 2495 692 2570 ἀλλ’
713 2495 968 2582 ἀπελαύνοντας
989 2496 1058 2571 ἀπὸ
1080 2507 1154 2571 τῶν
1175 2497 1310 2584 ξοάνων
1331 2507 1386 2570 καὶ
1409 2509 1482 2573 τῶν
1504 2499 1639 2590 ἀνθρω-

334 2605 449 2668 πίνων
478 2595 648 2686 σωμάτων
676 2606 731 2669 καὶ
758 2607 880 2686 ψυχῶν
904 2599 1128 2687 Χριστιανοὺς
1149 2595 1368 2688 ἀμύνεσθαι
1391 2609 1585 2688 νομίζουσιν
1607 2604 1639 2672 σί

334 2702 528 2784 δαίμονες.
569 2696 614 2786 μὴ
640 2706 735 2770 νοῶν
761 2697 823 2787 γὰρ
850 2695 892 2770 τὸ
920 2695 1099 2788 γινόμενον
1119 2695 1254 2788 ἀληξθές
1277 2729 1311 2771 τι
1332 2699 1419 2772 κατὰ
1441 2698 1504 2771 τὸν
1527 2697 1639 2772 τόπον
1657 2729 1706 2783 774

335 2790 354 2866 δ
377 2801 506 2878 Κέλσος
532 2801 675 2886 εἴρηκεν·
705 2793 829 2887 ἀληθὲς
854 2796 980 2886 γὰρτὸ
1004 2797 1146 2885 φαύλων
1171 2796 1373 2888 δαιμόνων
1403 2806 1640 2889 πληρουμένας

334 2892 396 2978 τάς
422 2902 495 2966 τῶν
520 2893 819 2984 καταδικαζόντων
842 2899 1068 2987 Χριστιανοὺς
1094 2897 1202 2987 φυχάς
1227 2906 1283 2970 καὶ
1305 2907 1379 2970 τῶν
1399 2895 1639 2987 προδιδόντων

284 3008 317 3061 25
334 3000 389 3064 καί
411 3003 484 3066 τῶν
506 2992 743 3067 εάδοκούντων
765 3003 983 3087 Χριστιανοῖς
1004 3009 1260 3088 προσπολεμεῖν.

416 3115 526 3184 XLIV.
560 3109 644 3182 Ἀλλ’
665 3118 736 3184 ἐπεὶ
762 3115 795 3184 a!
821 3123 923 3203 ψυχαὶ
949 3123 1024 3186 τῶν
1050 3113 1105 3184 διὰ
1126 3114 1378 3206 χριστιανισμὸν
1399 3111 1638 3203 ἀποθνησκόν-

334 3239 408 3283 των
430 3208 471 3282 δι’
491 3209 660 3296 ἐὐσέβειαν
681 3208 753 3301 μετ’
775 3210 923 3296 εὐκλείας
945 3211 1243 3303 ἀπαλλαττόμεναι
1269 3223 1333 3288 τοῦ
1354 3216 1510 3306 σώματος
1531 3213 1638 3302 καθῄ-

333 3340 416 3402 ρουν
447 3311 512 3402 τὴν
543 3311 684 3402 δύναμιν
710 3321 783 3384 τῶν
809 3309 1012 3400 δαιμόνων
1038 3322 1094 3384 καί
1116 3311 1337 3405 ἀτονωτέραν
1357 3313 1475 3388 αὐτῶν
1497 3320 1637 3386 ἐποίουν

333 3409 398 3500 τὴν
418 3411 506 3483 κατὰ
529 3420 601 3482 τῶν
624 3410 825 3500 ἀνθρώπων
846 3412 1042 3502 ἐπιβουλὴν,
1071 3413 1125 3484 διὰ
1151 3421 1259 3486 τοῦτο
1281 3416 1373 3504 οἶμαι
1395 3425 1438 3504 τῇ
1458 3422 1556 3507 πείρα
1579 3443 1638 3504 μα-

281 3521 317 3575 30
332 3506 458 3594 δόντες
479 3516 512 3582 οί
534 3516 718 3601 δαίμονες
739 3513 879 3595 ἑαυτοὺς
900 3509 1118 3601 ἡττωμένους
1140 3523 1196 3585 καὶ
1217 3522 1465 3603 κρατουμένους
1478 3512 1546 3587 δπὸ
1564 3522 1637 3585 τῶν

331 3609 514 3700 μαρτύρων
536 3617 597 3700 τῆς
618 3608 780 3700 ἀληθείας
800 3610 1022 3712 ἐφοβήθησαν
1043 3609 1148 3684 πάλιν
1163 3607 1255 3703 ἥκειν
1270 3617 1324 3684 ἐπὶ
1340 3612 1381 3686 τδ
1404 3611 1637 3704 ἀμύνεσθαι·

331 3717 387 3780 καί
409 3703 533 3794 οὕτως,
564 3713 627 3792 ἕως
648 3708 886 3783 ἐπιλάθωνται
913 3713 965 3780 ῶν
985 3707 1181 3782 πεπόνθασι
1202 3709 1332 3798 πόνων,
1356 3713 1443 3797 είκδς
1464 3715 1549 3785 εἶναι
1573 3712 1637 3802 τὴν

330 3981 355 4032 Δ
410 3895 435 4036 g
458 3895 520 3950 Joh.
540 3900 584 3964 12,
603 3899 643 3952 24.
670 3929 703 3938 -
733 3898 752 3954 8
776 3899 838 3968 vgl.
861 3898 939 3954 Rom.
956 3899 987 3964 8,
1006 3900 1046 3953 32.
1075 3929 1107 3938 —
1134 3901 1154 3956 θ
1177 3900 1238 3971 Vgl.
1257 3900 1318 3955 Joh.
1337 3904 1364 3964 1,
1382 3903 1422 3956 29.
1450 3931 1484 3942 —
1510 3901 1549 3957 25
1571 3899 1635 3970 Vgl.

357 3982 393 4034 et.
429 3983 520 4043 ,1.3.

416 4165 431 4220 1
452 4159 618 4235 ἀγγέλματα
635 4168 728 4222 PDel.
746 4162 899 4238 ἀγάλματα
917 4167 968 4223 Ηδ.
988 4185 1033 4221 am
1051 4169 1137 4234 Rand,
1156 4171 1200 4240 Sp.
1217 4170 1257 4223 im
1274 4170 1354 4234 Tem
1382 4164 1531 4239 ἀγέλματα
1550 4170 1634 4224 ΑΗὸ.

329 4249 368 4304 im
385 4249 462 4316 Text,
479 4249 522 4320 Sp.
535 4269 580 4304 am
598 4251 676 4306 Rand
692 4252 728 4321 12
745 4251 784 4317 είς
801 4252 986 4323 P²MSp.Del.
1005 4247 1045 4318 ὡς
1061 4253 1141 4309 ΑΗσ.
1157 4257 1161 4323 Ι
1178 4256 1214 4311 11
1235 4249 1268 4310 δι’
1286 4245 1322 4312 δν
1339 4247 1438 4310 Αδι’δ
1455 4255 1506 4309 Ηδ.
1524 4254 1567 4325 Sp.
1580 4255 1636 4322 (am

329 4333 417 4404 Band)
430 4351 455 4387 u.
466 4333 525 4390 Del.
539 4330 581 4392 διὸ
594 4337 638 4407 Sp.
652 4337 700 4406 (im
712 4337 790 4406 Text)
806 4339 811 4406 1
827 4339 866 4394 15
880 4339 956 4406 (καί)
969 4337 1006 4393 ist
1017 4339 1069 4393 mit
1081 4340 1110 4392 M
1122 4357 1148 4395 u.
1162 4340 1214 4395 den
1227 4342 1329 4410 Ausgg.
1341 4340 1487 4426 naeth-VIII
1499 4343 1541 4408 41,
1554 4340 1579 4394 S.
1585 4341 1635 4394 255

328 4437 398 4492 z.17
410 4437 574 4506 einzufiigen
589 4439 593 4507 Ι
611 4440 648 4494 16
661 4433 744 4494 λσαΑ
759 4443 763 4508 Ι
780 4441 819 4496 Ιθ
837 4431 1031 4508 α’λισκδμενον
1047 4445 1072 4496 Δ
1087 4443 1091 4510 1
1108 4441 1223 4498 19-20
1235 4459 1281 4495 am
1290 4441 1369 4496 Rand
1388 4426 1410 4498 ὦ
1440 4446 1477 4496 A¹
1498 4445 1502 4506 1
1518 4441 1559 4496 24
1576 4445 1636 4495 τῶν

328 4518 525 4592 προδιδόντων
545 4525 595 4577 καί
616 4529 674 4579 τῶν
691 4519 886 4580 εέδοκοόντων
908 4525 1005 4577 ΜΟΟΠ·
1016 4525 1060 4580 Jol
1070 4527 1118 4580 Bo.
1137 4525 1234 4595 (Notae
1253 4543 1278 4595 p.
1295 4527 1356 4594 40⁶)
1375 4526 1433 4581 Del.
1451 4519 1520 4591 τοὺς
1537 4527 1634 4594 προδι·

329 4603 432 4670 δόντας
449 4609 499 4660 καί
515 4602 582 4672 τοὺς
600 4603 787 4673 εέδσκοῦντας
804 4610 1087 4680 ΑΗδ.8ρ.129-δί)
1106 4629 1151 4664 am
1168 4611 1247 4664 Rand
1267 4629 1303 4680 οη
1321 4613 1365 4666 δ’.
