3780 5532
601 507 701 562 ΚΑΤΑ
725 509 887 564 ΚΕΛΣΟΥ
910 509 982 566 VIII
1005 509 1046 563 39.
1064 511 1105 564 40.
1123 511 1165 560 41.
1468 512 1528 572 255

226 674 281 758 τίηι
303 663 558 740 άπαθανεῖται.“
587 667 629 740 σύ
649 671 737 743 κατά
760 670 823 742 τὸν
844 668 1001 759 παρόντα
1024 678 1059 742 δὲ
1080 665 1199 760 καιρόν
1212 671 1283 739 ἐστι
1299 664 1529 757 διηγήσασθαι,

226 773 261 838 τί
287 775 438 856 σημαίνει
468 764 489 858 ἡ
518 775 593 856 περὶ
625 777 687 842 τοῦ
713 777 822 860 ,,<ἒπ1>
850 779 970 860 τρίτην
991 777 1045 840 καὶ
1068 767 1236 859 τετάρτην
1258 767 1393 857 γενεάν“
1416 763 1530 838 ἀποδί-

227 871 348 937 δοσθαι
371 865 431 949 τὰς
451 863 656 956 ,,άμαρτίας“
677 869 862 961 παραβολή.

309 988 388 1054 XLI.
423 986 509 1054 Εἶτα
531 982 579 1068 ιδς
601 988 633 1055 αἱ
656 993 753 1076 γρᾶες
776 985 1088 1076 διαλοιδορούμενος
1110 981 1187 1075 ἡμῖν
1210 1007 1304 1074 φησι·
1327 983 1371 1054 σύ
1391 986 1461 1072 μὲν
1483 981 1530 1052 τά

193 1079 437 1171 δάγάλματα
467 1082 627 1155 τούτων
658 1093 859 1176 λοιδορῶν
889 1093 1123 1180 καταγελᾷς,
1156 1084 1207 1167 σάς
1238 1079 1363 1156 αύτύν
1393 1111 1434 1172 γε
1460 1079 1531 1152 τὸν

230 1179 425 1253 Διόνυσον
455 1177 475 1272 ἢ
506 1181 579 1254 τὸν
598 1180 784 1274 Ἡρακλέα
813 1184 994 1275 παρόντα
1025 1192 1058 1256 εἰ
1084 1182 1360 1274 ἐλσιδόρησας,
1388 1177 1458 1254 ούκ
1485 1177 1532 1251 ἂν

229 1285 325 1363 ἰ’σως
353 1287 505 1370 χαίρων
536 1280 782 1375 άπήλλαξας·
818 1287 889 1360 τὸν
917 1294 956 1359 δὲ
987 1284 1058 1357 σὸν
1084 1283 1182 1356 θεὸν
1204 1279 1387 1372 παρόντα
1414 1310 1532 1352 κατα-

231 1389 436 1464 τείνοντες
471 1389 534 1453 καὶ
570 1383 812 1472 κολάζοντες
847 1383 963 1457 οὐδὲν
998 1391 1033 1457 οἱ
1064 1393 1189 1456 ταῦτα
1219 1380 1439 1472 δράσαντες
1469 1409 1532 1451 πε-

230 1476 432 1551 πόνθασιν
462 1479 545 1553 ἀλλ’
568 1481 658 1555 σύδὲ
689 1483 786 1574 μετά
822 1493 947 1556 ταῦτα
977 1490 1018 1556 ἐν
1050 1483 1231 1572 τοσούτῳ
1263 1488 1345 1570 βίῳ.
1388 1488 1426 1550 τί
1452 1509 1533 1550 και-

181 1598 214 1652 10
232 1577 303 1650 νὸν
334 1583 373 1665 ἐξ
401 1584 558 1652 ἐκείνου
589 1590 727 1672 γε’γονε
755 1591 810 1675 τῷ
838 1585 1107 1656 πιστεύσαντι
1135 1578 1181 1653 άν
1203 1580 1255 1666 οδς
1277 1578 1349 1652 ούκ
1371 1571 1418 1669 ἦν
1439 1584 1534 1650 ἐκεῖ·

232 1706 302 1761 νος
329 1675 549 1766 ἄνθρωπος
576 1680 670 1772 γόης
692 1681 791 1756 α’λλά
811 1691 908 1755 θεοῦ
930 1704 1037 1770 παῖς,·
1064 1691 1127 1755 καὶ
1150 1679 1168 1754 ὁ
1190 1689 1348 1772 πέμψας
1370 1675 1443 1769 άρα
1466 1678 1536 1750 τὸν

232 1775 320 1847 υἱὸν
350 1774 612 1870 ἀγγελμάτων
647 1791 771 1853 τινῶν
801 1787 932 1854 εἵνεκα
965 1779 1097 1865 οὕτως
1128 1781 1243 1872 ον’μῶς
1269 1785 1536 1861 κολασθέντα,

233 1873 285 1959 ὦς
307 1882 617 1968 συνδιαφθεῖραι
638 1889 701 1951 καὶ
729 1882 776 1953 τά
798 1880 1037 1972 άγγέλματα,
1059 1887 1233 1972 περιεῖδε
1254 1887 1318 1950 καὶ
1341 1877 1538 1951 τοσούτου

232 1972 381 2064 χρόνου
410 1975 650 2062 διελθόντος
675 1977 746 2051 ούκ
767 1981 1005 2070 ἐπεστράφη.
1048 1991 1109 2067 τίς
1132 1977 1262 2063 οὕτως
1286 1975 1447 2060 ἀνόσιος
1468 2006 1538 2048 πα-

184 2095 216 2148 15
234 2073 323 2165 ττΙρ;
351 2080 505 2161 ἐκεῖνος
532 2087 602 2166 μὲν
632 2072 705 2152 οὖν
732 2079 854 2169 τυχὸν
884 2081 1087 2168 ἐβούλετο,
1122 2080 1173 2164 ιύς
1203 2081 1291 2169 φῂς,
1322 2078 1385 2150 διά
1414 2085 1538 2168 τούτο

234 2181 526 2265 περιδβρίζετο.
569 2183 652 2252 οἵδε
675 2187 728 2265 δὲ,
756 2176 827 2264 οδς
848 2182 892 2252 σύ
913 2191 1169 2272 βλασφημεῖς,
1197 2185 1291 2270 ἐνῆν
1316 2184 1386 2267 μὲν
1412 2183 1539 2248 εἰπεῖν

236 2266 299 2346 δτι
326 2283 389 2346 καὶ
421 2273 535 2348 αύτοὶ
564 2278 783 2363 βούλονται
812 2291 876 2351 καὶ
907 2281 968 2352 διά
996 2279 1101 2353 τοῦτ’
1125 2278 1340 2368 ἀνέχονται
1366 2286 1538 2366 βλασφη-

235 2373 439 2464 μούμενοι·
477 2379 524 2447 τά
561 2377 632 2468 γάρ
669 2384 732 2450 ἲσα
768 2398 854 2462 τοῖς
889 2385 990 2462 ἰ’σοις
1026 2391 1273 2470 παραβαλεῖν
1308 2374 1539 2465 κράτιστον·

239 2481 240 2555 Ι
267 2469 349 2545 ἄλλ’
372 2466 489 2547 ούτσὶ
521 2505 561 2565 γε
592 2484 655 2548 καὶ
687 2475 842 2569 σφόδρα
868 2475 1091 2569 ἀμύνονται
1118 2479 1189 2552 τὸν
1216 2483 1538 2567 βλασφημοῦντα,
1561 2497 1611 2552 772

185 2591 219 2646 20
238 2569 328 2661 ἢτοι
359 2575 560 2664 φεύγοντα
589 2577 651 2646 διὰ
681 2585 803 2650 τοῦτο
834 2586 898 2650 καὶ
924 2575 1202 2668 κρυπτόμενον
1229 2573 1249 2667 ΙΙ
1276 2574 1541 2665 ἁλισκόμενον

238 2679 301 2742 καὶ
325 2669 614 2764 ἀπολλύμενον.

324 2893 342 2948 2
366 2894 427 2962 Vgl.
447 2894 532 2949 Exod.
551 2895 591 2959 20,
610 2899 633 2952 5.
652 2927 686 2937 -
704 2897 722 2953 5
741 2897 804 2965 Vgl.
823 2897 894 2952 oben
913 2897 977 2952 VIII
994 2897 1035 2966 38,
1054 2898 1079 2952 S.
1098 2899 1148 2952 253
1165 2897 1191 2952 Ζ.
1210 2901 1234 2954 3.
1252 2929 1286 2940 -
1305 2899 1341 2953 ll
1361 2895 1424 2965 Vgl.
1442 2895 1541 2949 Matth.

239 2977 284 3044 27,
304 2979 345 3032 54.
371 2978 459 3032 Mark.
478 2982 518 3047 15,
537 2981 578 3036 39.
604 3011 637 3020 -
666 2983 703 3038 15
732 2982 793 3050 Vgl.
811 2982 910 3037 Matth.
929 2983 970 3047 26,
987 2983 1029 3037 39.
1046 2983 1088 3036 42.
1119 2983 1207 3037 Mark.
1226 2985 1266 3048 14,
1285 2983 1325 3038 36.
1352 2981 1419 3034 Luk.
1437 2981 1479 3042 22,
1498 2980 1540 3035 42.

327 3177 344 3231 2
364 3177 441 3250 (ἐπὶ)
461 3181 526 3250 fuge
544 3182 589 3235 ich
607 3182 658 3237 mit
675 3185 723 3237 Βο.
742 3183 840 3252 (Notae
851 3203 876 3254 p.
889 3186 949 3250 406)
968 3202 994 3237 u.
1013 3185 1073 3238 Del.
1091 3184 1144 3251 ein,
1162 3183 1218 3254 νς).
1236 3184 1307 3238 oben
1325 3183 1350 3236 S.
1368 3183 1418 3237 254
1437 3182 1463 3234 Z.
1477 3183 1511 3235 24
1536 3183 1538 3248 Ι

240 3278 311 3335 4-5
328 3297 373 3334 am
390 3281 471 3335 nand
489 3269 553 3337 κελσ
570 3285 607 3336 A¹
627 3285 631 3352 Ι
652 3283 671 3338 4
688 3281 776 3356 γράες
792 3289 817 3340 A
832 3287 836 3352 Ι
851 3287 868 3340 5
891 3276 929 3349 ὡς
946 3285 970 3338 Α
990 3274 1022 3349 δς
1039 3285 1090 3339 Hp.
1109 3303 1154 3338 am
1172 3285 1258 3346 Rand,
1277 3285 1320 3355 Sp.
1331 3285 1390 3338 Del.
1409 3283 1447 3336 im
1464 3283 1541 3346 'Pexb‚

240 3364 295 3432 vgl.
307 3369 391 3419 unten
405 3366 469 3420 VIII
481 3369 522 3429 42,
535 3367 560 3422 S.
574 3369 624 3424 256
642 3367 668 3421 Ζ.
680 3371 714 3424 22
729 3373 733 3436 Ι
748 3373 767 3426 θ
785 3371 878 3424 hinter
894 3369 947 3442 βίῳ
964 3369 1165 3439 interpungiert
1182 3369 1249 3423 υ.τί
1265 3371 1370 3422 anstatt
1381 3387 1408 3422 τι
1423 3369 1461 3434 (so
1479 3367 1541 3419 Au.

240 3447 285 3503 die
303 3451 415 3519 Ausgg.)
437 3451 500 3505 liest
521 3453 569 3506 Bo.
592 3452 689 3518 (Notae
707 3471 732 3524 p.
749 3457 823 3518 406),
850 3455 905 3522 vgl.
923 3459 1008 3508 unten
1027 3455 1091 3509 VIII
1108 3457 1150 3508 42.
1171 3455 1206 3508 43
1227 3454 1263 3523 (S.
1281 3455 1330 3508 257
1349 3451 1375 3505 Z.
1393 3454 1409 3506 3
1427 3469 1453 3505 u.
1473 3452 1514 3518 19)
1537 3451 1541 3518 Ι

241 3533 280 3588 10
303 3540 344 3608 τῷ
370 3531 554 3592 πιστεύσαντι
582 3531 626 3606 δν]
649 3540 703 3592 τοῦ
729 3543 872 3593 πιστεῦσαι
894 3532 930 3594 άν
951 3540 1049 3594 ἢοδοτῖ
1071 3541 1118 3594 Βο.
1137 3538 1235 3608 (Notae
1252 3556 1277 3608 p.
1295 3538 1355 3604 406)
1375 3554 1408 3590 zu
1429 3533 1542 3604 αυτοὶ)-

239 3636 298 3672 sam
322 3621 326 3686 Ι
352 3619 390 3674 12
419 3615 605 3691 ἀγγελμάτων
631 3621 681 3676 Hp.
699 3640 724 3676 u.
743 3623 786 3694 Sp.
809 3642 854 3677 am
873 3623 964 3688 Ηευδ,
991 3624 1050 3678 Del.
1073 3625 1111 3677 im
1132 3623 1212 3688 Text;
1241 3616 1410 3692 οἷγελμιὶτων
1436 3619 1486 3673 IIS.
1505 3619 1544 3671 im

239 3702 319 3770 Text,
346 3704 390 3773 Sp.
414 3721 459 3758 am
477 3705 566 3768 Rand3
594 3699 770 3775 ἆγαλμάτων
795 3708 845 3762 IIS.
864 3709 961 3778 (Notae
979 3727 1004 3778 p.
1021 3709 1082 3777 405)
1103 3709 1146 3779 Sp.
1166 3709 1213 3776 [im
1230 3707 1320 3776 Text),
1348 3705 1447 3760 ebenso
1464 3704 1544 3758 Keim

240 3787 352 3856 (Celsus'
372 3788 489 3844 Wahres
510 3791 591 3847 Wort
614 3791 638 3845 S.
662 3793 711 3846 128
737 3795 816 3847 Anm.
838 3793 875 3861 2),
906 3793 1163 3864 δεατεαῖεμτοοὴεηδ
1193 3793 1263 3846 auch
1289 3809 1324 3845 an
1346 3791 1398 3844 den
1419 3792 1544 3860 spreren

240 3909 355 3974 Stellem
373 3873 519 3982 άγύλατῶν
537 3913 583 3984 [so]
604 3916 651 3978 A¹;
671 3913 707 3968 da
724 3914 753 3968 in
774 3919 799 3970 A
816 3915 1011 3970 sonstflberall
1029 3908 1208 3984 δγελμάτιυν
1225 3913 1282 3966 und
1301 3910 1457 3982 δγέλματα
1475 3911 1547 3964 ohne

240 3995 372 4052 Variante
399 3997 557 4052 iiberliefert
578 3999 626 4060 ist,
650 4016 680 4052 so
698 4017 771 4053 muss
789 4001 834 4054 die
851 3999 997 4067 Conjeetur
1024 3993 1210 4069 ἀγαλμάτων
1231 3997 1287 4052 und
1309 3991 1483 4067 α’γάλματα,
1502 3995 1546 4049 die

241 4081 311 4135 auch
335 4081 419 4135 durch
444 4081 488 4136 die
510 4082 706 4152 Bespreehung
723 4083 771 4138 der
788 4083 872 4137 Stella
890 4084 976 4137 durch
994 4083 1124 4153 Origenes
1143 4082 1207 4152 (vgl.
1225 4085 1310 4136 unten
1324 4083 1387 4136 VIII
1399 4083 1441 4146 43,
1458 4081 1483 4134 S.
1496 4079 1547 4136 258

241 4164 350 4233 z.1ff.)
372 4166 449 4220 nicht
471 4166 627 4238 empfohlen
645 4167 727 4230 wird‚
753 4171 824 4222 trotz
847 4168 940 4223 Keims
958 4169 1141 4238 Behauptung
1167 4170 1200 4232 (a.
1219 4183 1243 4220 a.
1262 4166 1292 4220 0.
1311 4167 1336 4220 S.
1355 4166 1405 4220 128
1422 4169 1502 4220 Anm.
1520 4165 1546 4232 2)

240 4251 478 4320 zurfickgewiesen
504 4251 615 4304 werden
635 4253 639 4318 Ι
660 4252 698 4308 13
721 4245 888 4322 ἀγγέλματα
914 4253 944 4316 Ρ,
971 4252 1014 4322 Sp.
1037 4270 1082 4306 am
1104 4251 1196 4312 Rand,
1222 4251 1282 4304 Del.
1300 4251 1339 4304 im
1356 4251 1437 4312 Text5
1462 4243 1546 4318 α’γάλ-

240 4353 319 4403 ματα
338 4335 387 4389 Hb.
406 4334 503 4402 (Notae
521 4353 545 4405 p.
557 4337 617 4401 495)
634 4336 677 4406 Sp.
698 4336 745 4404 (im
757 4337 847 4406 Τοιῖ);
867 4332 1015 4407 οἷγέλματα
1032 4339 1065 4399 A,
1084 4335 1134 4389 Ηὸ.
1153 4335 1191 4388 im
1213 4336 1293 4402 Text,
1317 4336 1360 4404 Sp.
1379 4352 1424 4388 am
1442 4334 1521 4387 Rand
1541 4335 1544 4401 Ι

241 4423 363 4492 περιεῖδε
385 4421 508 4475 schreibe
531 4419 575 4474 ich
597 4421 648 4474 mih
665 4421 714 4474 Bo.
732 4421 829 4489 (Notae
846 4440 871 4492 p.
888 4423 949 4491 406)
972 4439 998 4476 u.
1017 4420 1076 4475 Del.
1095 4422 1117 4481 ΙΙ
1136 4424 1183 4474 ΠΙ
1203 4423 1282 4473 Anm.
1301 4421 1342 4488 1),
1368 4421 1501 4489 περιϊδεῖν
1523 4421 1548 4472 Α

240 4507 342 4575 Ausgg.
358 4507 362 4572 Ι
379 4505 415 4560 16
433 4501 492 4560 οἵδε
510 4523 563 4559 von
580 4511 700 4576 ephterer
712 4505 794 4560 Hand
811 4507 839 4559 in
859 4501 918 4561 οἵδε
935 4523 1002 4560 corr.
1013 4509 1038 4559 A
1053 4509 1057 4572 Ι
1074 4496 1123 4570 οὓς
1141 4505 1251 4574 Sp.DeI,
1264 4505 1319 4574 vgl.
1331 4507 1417 4558 unten
1429 4503 1492 4557 VIII
1504 4507 1547 4567 43,

242 4591 267 4643 S.
285 4593 337 4646 258
358 4591 383 4642 Z.
403 4594 448 4653 14;
471 4583 509 4654 ὡς
528 4591 608 4644 ΔΗδ.
633 4595 636 4658 Ι
661 4591 696 4646 17
713 4590 979 4662 βλασφημούμενοι)
1004 4606 1021 4643 σ
1043 4590 1214 4659 fibergeschr.
1233 4593 1270 4643 Αι
1294 4592 1298 4656 Ι
1323 4589 1361 4644 18
1381 4582 1429 4643 ἶσα
1447 4589 1471 4642 Δ
1486 4590 1490 4656 Ι
1506 4589 1547 4643 20

242 4667 434 4743 άλισκόμενον
450 4677 482 4728 Α.
