3772 5526
355 449 395 510 58
889 441 1115 496 ΩΡΙΓΕΝΟΥΣ

355 609 601 692 δημιουργοῦ
626 608 684 693 τῷ
708 608 811 692 γένει
839 611 922 676 τῶν
946 600 1189 692 ἀνθρώπων.
1233 605 1303 674 ἐπεὶ
1332 607 1366 672 δὲ
1389 599 1591 692 φιλαλήθως
1619 600 1661 672 τὰ

354 701 443 774 κατὰ
480 701 544 774 τόν
581 698 692 773 τόπον
724 700 936 791 ἐξετάζομεν,
976 701 1127 793 φήσομεν
1164 697 1219 774 ότι
1258 697 1277 773 ό
1307 705 1511 789 Μαρκίωνος
1534 700 1662 822 γνοήρι-

354 830 417 892 μσς
437 798 611 891 Ἀπελλῆς,
648 802 807 890 αίρέσειός
834 831 928 887 τινος
958 799 1137 894 γενόμενος
1166 800 1280 891 πατὴρ
1310 809 1368 871 καὶ
1389 808 1502 890 μῦθον
1524 797 1661 890 ήγοῦμε-

355 928 416 984 νος
439 899 582 972 είναι
545 930 588 971 τα
614 897 821 974 Ἰουδαίων
842 900 1029 992 γράμματα,
1052 909 1154 991 φησὶν
1176 895 1231 974 ότι
1255 897 1378 990 μόνος
1406 891 1509 982 οὗτος
1534 904 1661 971 έπιδε

322 997 503 1089 5δήμηκε
530 1005 585 1089 τηῦ
613 1007 719 1088 γένει
745 1008 827 1072 τῶν
854 997 1095 1091 όνθριόπων.
1137 996 1217 1072 οῦδὲ
1241 999 1328 1088 πρὸς
1354 1005 1484 1072 ἐκεῖνον
1512 989 1584 1072 οῦν
1613 1003 1661 1067 λέ-

357 1127 463 1189 γοντα
484 1096 609 1189 μόνον
630 1101 1030 1191 ἐπιδεδημηκέναι
990 1131 1054 1174 τον
1067 1097 1217 1190 Ἰησοῦν
1238 1097 1307 1170 ἀπό
1330 1107 1393 1171 τοῦ
1413 1105 1499 1170 θεοῦ
1520 1117 1592 1180 τοῖς
1607 1093 1662 1168 ἇν-

356 1197 523 1283 θρώποις,
545 1195 695 1288 εῦλόγως
717 1194 760 1272 ῦν
781 1194 943 1284 όΚέλσσς
966 1206 1064 1288 φέροι
1086 1199 1129 1270 τὰ
1150 1205 1226 1287 περὶ
1249 1205 1313 1271 τοῦ
1334 1205 1389 1268 καὶ
1412 1193 1556 1279 ἄλλους
1577 1199 1662 1285 ἐλη-

357 1303 553 1382 λυθέναι,
568 1295 793 1381 ἀπιστοῦντα,
817 1295 865 1381 ιῦς
886 1308 1102 1389 προείπομεν,
1126 1317 1199 1382 ταῖς
1220 1297 1478 1385 παραδοξότερα
1498 1292 1662 1384 ἀπαγγελ-

357 1396 494 1480 λοῦσαις
522 1393 721 1468 Ἰουδαίων
749 1417 904 1485 γραφαῖς·
934 1405 1055 1488 πολλοῦ
1085 1403 1120 1469 δὲ
1149 1403 1255 1468 πλέον
1281 1392 1322 1466 οῦ
1347 1394 1552 1485 προσήσεται
1573 1390 1661 1482 ὅπερ

307 1508 341 1563 10
357 1497 446 1566 ἐοικε
474 1494 689 1584 παρακοῦσας
718 1493 786 1569 ἀπὸ
815 1503 890 1568 τῶν
915 1503 952 1568 έν
975 1529 1026 1587 τῳ
1011 1495 1149 1585 ’Ἐνώχ
1170 1501 1408 1586 γεγραμμένων
1430 1501 1619 1566 τεθεικέναι
1642 1491 1661 1566 ό

362 1599 495 1676 Κέλσος
531 1590 639 1676 οὐδεὶς
654 1602 773 1666 τοίνυν
793 1594 986 1686 έλέγχει“
965 1605 1050 1688 ημᾶς
1073 1601 1343 1684 ψευδομένους
1362 1601 1417 1666 καὶ
1433 1623 1476 1666 τα
1498 1599 1661 1666 ἐναντία

358 1685 568 1777 τιθέντας,τ
556 1689 612 1764 ότι
634 1722 671 1764 τε
695 1694 818 1782 μόνος
845 1688 1011 1786 ήλθεν“
993 1727 1011 1768 ο
1035 1696 1151 1786 σωτήρ
1174 1723 1272 1784 μων
1288 1723 1344 1765 και
1366 1689 1430 1778 ότι,
1453 1698 1524 1765 ἐπεὶ
1547 1690 1662 1765 ἄλλοι

358 1797 483 1864 πολλοὶ
512 1791 710 1877 πολλάκις
738 1794 962 1884 ἐληλύθασι.
1005 1795 1096 1868 πάνυ
1126 1803 1162 1866 δε
1188 1799 1500 1884 συγκεχυμένωςέν
1481 1821 1564 1881 ντη
1549 1798 1661 1880 ’περί

359 1899 434 1962 τῶν
463 1890 729 1980 ἐληλυθότων
757 1895 845 1983 πρὸς
875 1891 1083 1985 όνθρωπσυς
1108 1895 1289 1985 ἀγγέλων
1315 1891 1461 1980 ἐξετάσει
1482 1901 1597 1980 τίθησι
1618 1891 1662 1962 τὰ

309 2003 342 2056 15
359 1987 570 2080 ἄτρανωτως
595 1989 747 2064 ἐλθόντα
773 1999 819 2077 είς
841 1991 947 2066 αῦτόν
969 1992 1038 2067 ἀπὸ
1058 2004 1133 2067 τῶν
1155 1999 1192 2067 ἐν
1214 2002 1266 2085 τῷ
1288 1991 1392 2083 Ἐνώχ
1414 1998 1662 2083 γεγραμμένων·

359 2084 459 2161 ότινα
487 2086 561 2162 οὐδ’
585 2089 670 2162 αὐτὰ
700 2091 909 2179 φαίνεται
888 2095 1054 2183 αναγνούς
1083 2091 1160 2166 οῦδὲ
1189 2067 1356 2183 γνωρίσας
1382 2087 1436 2165 ότι
1458 2097 1495 2164 ἐν
1518 2111 1591 2174 ταῖς
1612 2095 1662 2161 ἐκ·

359 2197 510 2278 κλησίαις
532 2188 573 2263 ου’
594 2188 685 2261 πάνυ
702 2190 883 2280 φέρεται
854 2224 902 2276 ως
920 2205 997 2265 θεῖα
1012 2224 1054 2265 τα
1040 2193 1333 2283 ἐπιγεγραμμένα
1348 2199 1412 2263 τοῦ
1425 2188 1529 2279 Ἐνώχ
1544 2197 1663 2274 βιβλία·

361 2284 446 2361 ὅθεν
474 2285 697 2379 νομισθείη”
678 2320 720 2361 αν
741 2293 972 2381 ἐρριφέναι
935 2323 976 2364 το
1004 2289 1102 2382 όμοῦ
1123 2291 1320 2383 ἑξήκοντα
1347 2287 1368 2380 ἢ
1392 2288 1666 2380 ἑβδομήκοντα

360 2395 630 2478 καταβεβηκέναι,
653 2389 796 2471 κακοὺς
818 2397 1065 2481 γενομένους.

310 2517 345 2572 20
443 2509 507 2574 LV.
528 2500 635 2590 ''AII'
658 2508 713 2576 ίνα
737 2514 794 2576 καί
820 2503 1135 2596 εὐγνωμονέστερον
1157 2504 1252 2598 αῦτῷ
1276 2513 1388 2597 δῶμεν
1410 2499 1430 2578 6
1452 2505 1496 2596 μή
1519 2505 1668 2594 ἓιόρωιεν
1686 2515 1737 2571 620

362 2601 430 2676 ῦπό
454 2611 527 2674 τῶν
548 2608 585 2674 ἐν
607 2611 650 2692 τῇ
673 2611 804 2676 Γενέσει
826 2614 1074 2697 γεγραμμένων,
1103 2603 1159 2680 ὅτι
1185 2603 1338 2693 ,ἰδόντες
1361 2611 1393 2678 οί
1414 2607 1479 2677 υἱοὶ
1502 2612 1565 2675 τοῦ
1586 2607 1671 2674 θεοῦ

363 2703 425 2786 τὰς
446 2707 636 2791 θυγατέρας
665 2711 738 2775 τῶν
766 2700 968 2795 ἀνθρώπων
999 2702 1053 2780 ότι
1083 2713 1183 2779 καλαί
1204 2711 1296 2792 εἰσιν,
1320 2712 1441 2791 ἔλαβον
1464 2707 1596 2786 ἑαυτοῖς
1617 2731 1670 2791 γυ-

363 2821 480 2886 ναῖκας
510 2798 578 2874 ἀπὸ
607 2811 727 2874 πασῶν
756 2795 808 2876 ὦν
837 2810 1068 2892 ἐξελέξαντοίί·
1099 2803 1198 2879 οῦδὲν
1224 2799 1333 2895 ἧττον
1358 2813 1512 2896 καὶπερὶ
1535 2802 1671 2875 τούτων

364 2920 437 2985 τοῖς
468 2907 664 2991 δυναμένοις
694 2899 830 2974 όκοόειν
858 2911 1077 2994 προφητικοῦ
1106 2905 1320 2997 βουλήματος
1350 2912 1508 2994 πείσομεν
1535 2898 1590 2976 ότι
1616 2907 1671 2971 καί

313 3014 347 3068 25
366 3011 439 3088 τῶν
465 3000 532 3090 πρὸ
561 2998 658 3091 ήμῶν
685 3031 737 3086 τις
763 3011 873 3074 ταῦτα
899 3001 1067 3095 ἀνήγαγεν
1097 3013 1143 3088 είς
1169 3005 1232 3078 τὸν
1257 3014 1333 3095 περὶ
1356 3014 1476 3094 ψυχῶν
1498 2999 1613 3092 λόγον,
1636 3005 1673 3072 ἐν

365 3107 526 3193 ἐπιθυμίᾳ
554 3108 745 3190 γενομένων
776 3111 840 3174 τοῦ
870 3107 908 3173 ἐν
934 3105 1065 3194 σώματι
1094 3102 1297 3194 ἀνθρώπων
1323 3113 1412 3189 βίου,
1440 3099 1526 3192 ῦπερ
1549 3129 1673 3191 τροπο-

308 3213 313 3224 “
367 3209 481 3290 λογων
513 3204 637 3287 ἔφασκε
667 3206 822 3290 λελέχθαι
852 3210 1062 3294 ,θυγατέρας
1088 3201 1317 3294 ῦνθροόπωνέ(
1352 3203 1443 3294 πλήν
1472 3197 1568 3284 ὅπως
1594 3196 1673 3271 ποτ’

367 3296 410 3373 ἂν
445 3303 503 3390 ἔχη
539 3309 595 3372 καὶ
631 3300 672 3372 τὰ
702 3308 779 3390 περί
812 3303 893 3386 τοῦς
929 3302 1204 3394 ἐπιθυμήσαντας
1238 3310 1440 3394 θυγατέρων
1475 3298 1673 3390 ἀνθρώπων

451 3489 468 3544 3
490 3488 553 3557 Vgl.
572 3487 709 3557 Origenes,
728 3489 761 3542 In
778 3489 845 3544 Gen.
862 3489 937 3545 hom.
956 3491 982 3543 11
1000 3491 1016 3544 2
1034 3493 1112 3557 (tom.
1130 3490 1194 3544 VIII
1212 3509 1238 3562 p.
1256 3492 1306 3546 134
1323 3489 1365 3545 ed.
1384 3488 1508 3557 Lomm.).
1533 3485 1674 3557 Hippolyt„

368 3573 469 3627 Philos.
486 3573 538 3626 VII
556 3573 597 3628 38
619 3573 644 3626 X
660 3574 695 3628 20
716 3590 743 3626 u.
761 3572 793 3626 A.
811 3572 980 3643 Hilgenfeld,
998 3574 1049 3629 Die
1067 3575 1258 3644 Ketzergesch.
1276 3575 1323 3629 des
1341 3573 1474 3628 Urehrish
1493 3573 1519 3626 S.
1531 3571 1675 3627 536-540.

367 3658 456 3713 -16
483 3656 546 3727 vgl.
564 3655 706 3726 Origenes,
733 3657 765 3710 ln
786 3654 867 3712 Num.
889 3658 962 3714 hom.
980 3659 1097 3713 XXVIII
1120 3661 1137 3716 2
1163 3662 1238 3727 (tom.
1257 3658 1281 3712 X
1303 3677 1329 3729 p.
1348 3659 1399 3714 366
1417 3657 1459 3713 ed.
1477 3656 1601 3725 Lomm).
1635 3653 1676 3709 De

368 3742 453 3813 princ.
470 3741 509 3795 IV
528 3742 655 3798 3560111.
673 3741 739 3796 XXI
756 3759 781 3812 p.
799 3743 850 3797 476
867 3741 909 3797 εδ.
927 3743 1042 3812 Lomm.)
1060 3761 1086 3798 u.
1104 3743 1265 3810 ΤειέιιΙΙίαα,
1283 3743 1324 3798 De
1342 3744 1418 3798 cultu
1436 3743 1499 3798 fem.
1517 3742 1572 3796 13.
1596 3741 1675 3796 1110.

368 3857 402 3868 -
430 3828 468 3884 18
495 3826 558 3895 Vgl.
580 3825 694 3880 Henoch
716 3824 780 3896 Cap.
804 3825 849 3882 VI.
876 3857 910 3866 -
936 3829 973 3884 21
999 3826 1067 3882 Gen.
1084 3829 1113 3894 6,
1132 3829 1155 3882 2.
1182 3857 1215 3868 -
1242 3827 1282 3884 25
1308 3827 1372 3898 vgl.
1390 3827 1483 3893 Philo,
1506 3825 1547 3880 De
1571 3823 1676 3894 gigant„

368 3911 434 3982 Gap.
452 3910 551 3966 H-IV
569 3910 633 3980 (vol.
652 3911 665 3964 Ι
683 3928 709 3982 p.
727 3912 862 3967 263-265
880 3912 922 3966 εδ.
942 3912 1079 3983 Mangey).
1097 3941 1131 3952 -·
1149 3913 1186 3970 2⁷
1206 3912 1270 3982 vgl.
1289 3913 1356 3968 Gen.
1374 3913 1400 3979 6,
1418 3913 1441 3966 2.

455 4063 474 4118 θ
501 4054 690 4135 προσήσεται]
711 4078 746 4130 οη
770 4061 799 4114 in
816 4060 959 4118 Conectur
976 4066 1002 4118 A
1024 4065 1029 4132 Ι
1054 4063 1092 4120 12
1121 4060 1182 4120 ἐπεὶ
1199 4064 1279 4119 ΔΗσ.
1297 4063 1336 4118 im
1353 4063 1433 4128 Text,
1457 4061 1501 4132 Sp.
1519 4077 1566 4114 am
1583 4056 1677 4120 Rand;

372 4141 412 4204 ἔτι
429 4147 480 4202 Hb·
499 4165 544 4201 am
562 4145 649 4210 Remd,
668 4145 711 4216 sp.
730 4145 789 4200 να.
807 4146 845 4200 im
863 4147 932 4202 Text
946 4149 951 4216 ι
967 4147 1007 4204 ιο
1026 4150 1119 4217 αεμει
1135 4149 1180 4204 ια
1199 4152 1253 4218 (am
1271 4148 1369 4216 nand),
1387 4148 1437 4202 ει.
1455 4145 1553 4215 (Notae
1570 4161 1596 4215 p.
1609 4143 1678 4209 εον),

371 4233 431 4288 Del.
449 4233 488 4286 im
504 4231 585 4296 Text;
611 4224 714 4298 ἴδωμεν
731 4229 870 4300 AH6.Sp.‚
898 4251 907 4284 ι
934 4231 971 4286 ist
993 4231 1134 4288 vielleieht
1156 4233 1242 4288 durch
1264 4229 1456 4302 Dittogrnphie
1478 4229 1527 4284 des
1544 4229 1609 4284 Jota
1631 4225 1678 4280 ad·

371 4317 461 4388 script.
478 4333 534 4371 von
551 4309 639 4370 αὐτιῦι
658 4314 822 4368 ευίείευδευ
846 4316 850 4384 Ι
874 4313 912 4370 21
947 4315 1038 4371 hinter
1055 4309 1101 4374 ότι
1118 4319 1164 4374 ein
1181 4319 1292 4374 Buchst.
1311 4315 1464 4370 ausradiert
1481 4314 1525 4381 Al
1550 4309 1578 4368 οί
1599 4310 1679 4364 Iber·

372 4403 477 4472 geschr.
495 4405 533 4457 Α2
556 4401 560 4469 Ι
585 4399 623 4454 23
649 4392 801 4454 τοῦτονΑ
818 4393 925 4455 τοῦτον
947 4399 1083 4471 MAusgg.
1107 4405 1111 4471 Ι
1136 4403 1176 4460 24
1201 4401 1349 4472 πείσομεν]
1371 4397 1601 4480 παλινεολιεὶπῦοίι
1624 4412 1680 4449 ver·

373 4524 517 4630 {ehfieben
533 4523 578 4578 fur
598 4521 727 4589 ιειειμει
745 4519 811 4574 oder
828 4519 872 4574 ein
891 4520 1034 4576 abnnohes
1052 4523 1132 4577 που
1155 4525 1159 4592 ι
1183 4524 1221 4580 ιε
1247 4523 1355 4593 φησι]
1378 4483 1470 4592 ψηής
1488 4520 1536 4590 [so]
1556 4521 1593 4573 ει
1612 4519 1617 4586 ι
1641 4515 1678 4572 ει

374 4604 522 4667 οαοίσποτ’
539 4612 571 4665 Α.
