3780 5532
603 521 703 576 ΚΑΤΑ
729 522 889 577 ΚΚΑὶὉΥ
911 523 970 580 vu
995 523 1036 579 60.
1054 524 1095 578 61.
1113 523 1154 578 62.
1469 533 1526 596 211

227 680 512 772 ἀναγινώσκοντι,
548 676 603 755 ότι
632 682 744 756 πολλὰ
778 683 969 772 βαθύτερον
1004 689 1068 757 τοῦ
1098 681 1250 756 αάτόθεν
1283 689 1531 778 έμφαινομένον
1547 696 1596 750 Ph.
1610 697 1680 761 7115

228 786 314 871 ἔχειν
341 779 481 854 δύναται
507 787 598 867 νοῦν,
626 801 698 866 τοῖς
725 779 934 855 ἀνατιθεῑσιν
959 780 1083 867 αύτούς
1110 791 1153 872 τῆ
1175 781 1321 869 ἐξετάσει
1342 793 1405 857 τοῦ
1427 782 1530 874 λόγου

228 881 488 972 φανερούμενον,
512 887 583 970 (καὶ
605 879 875 972 φανερούμενον)
897 881 984 954 κατὰ
1006 882 1070 972 τῆν
1089 891 1093 968 Ι
1113 879 1297 973 ἀναλογίαν
1318 891 1379 974 τῆς
1402 891 1448 969 είς
1466 884 1529 958 τὸν
1547 898 1597 954 138

228 978 333 1072 λόγον
355 987 476 1072 σχολῆς
497 989 553 1052 καί
576 984 621 1064 είς
642 980 707 1071 τῆν
728 977 867 1071 ἄσκησιν
889 979 996 1054 αύτοῦ
1017 991 1216 1071 προθυμίας.

195 1127 212 1180 5
310 1105 390 1171 LXI.
430 1096 561 1173 Οῦκοῦν
586 1097 846 1170 κατεσκεύασται
869 1092 937 1183 ότι,
964 1093 1013 1182 σός
1035 1123 1115 1189 φησι
1140 1105 1276 1184 Κέλσος,
1300 1097 1530 1190 ἀγροικότε-

230 1229 300 1289 ρον
330 1201 437 1272 είποόν
470 1196 488 1272 ό
518 1197 654 1290 Ἰησοῦς·
686 1206 759 1290 ,τῷ
787 1197 989 1270 τύπτοντί
1015 1221 1050 1269 σε
1076 1201 1122 1281 εἰς
1148 1198 1212 1289 τῆν
1243 1195 1382 1288 σιαγόνα
1407 1199 1531 1288 πάρεχε

228 1309 285 1370 καὶ
313 1301 377 1390 τῆν
407 1297 536 1390 ἀλλην“
562 1309 639 1384 ,καὶ
664 1306 715 1390 τῷ
738 1305 880 1370 θέλοντί
906 1321 958 1368 σοι
979 1303 1139 1387 κριθῆναι
1160 1304 1215 1368 καὶ
1236 1297 1299 1370 τὸν
1320 1298 1449 1388 χιτῶνά
1471 1323 1533 1370 σου

231 1405 343 1482 λαβεῖν
379 1395 461 1488 ἄφες
495 1406 550 1472 καί
585 1397 626 1471 τό
657 1397 816 1488 ἱμάτιονα
846 1403 1115 1486 βιωφελέστερον
1149 1403 1301 1486 κεκίνηκε
1335 1397 1399 1469 τόν
1429 1395 1533 1488 λόγον

230 1507 285 1568 καὶ
307 1505 515 1590 παρέστησεν
541 1492 655 1582 οὕτως
681 1499 789 1570 είπών
814 1491 835 1588 ῆ
864 1493 912 1581 σός
935 1502 972 1568 έν
994 1503 1045 1587 τῷ
1074 1503 1253 1586 Κρίτωνι
1279 1496 1464 1584 Πλάτων,
1491 1491 1532 1571 οῦ

180 1618 214 1674 10
230 1593 309 1686 μηδ’
336 1594 472 1670 ἀκούειν
500 1602 636 1669 ἰδιῶται
667 1596 830 1669 δύνανται
860 1592 946 1668 ἀλλὰ
968 1591 1063 1684 μόγις
1084 1599 1117 1666 οί
1139 1593 1181 1667 τὰ
1204 1597 1362 1686 ἐγκύκλια
1382 1596 1533 1689 πρὸτῆς

232 1702 352 1787 σεμνῆς
375 1693 545 1788 Ἑλλήνων
571 1703 774 1786 φιλοσοφίας
799 1695 1040 1786 μεμαθηκότες.
1081 1703 1315 1786 κατανοητέον
1341 1703 1377 1768 δὲ
1402 1705 1456 1770 καί
1479 1691 1534 1771 ότι

232 1791 273 1866 ού
304 1803 628 1886 παραφθείρετὰι
654 1790 673 1866 ό
699 1803 777 1884 περὶ
806 1791 1017 1880 ἀνεξικακίας
1037 1800 1117 1878 νοῦς
1139 1792 1207 1866 ῦπό
1230 1801 1291 1886 τῆς
1312 1803 1386 1868 τῶν
1408 1803 1534 1884 λέξεων

232 1891 408 1980 εύτελείας,
430 1893 516 1968 ἀλλά
537 1903 592 1966 καὶ
615 1899 652 1966 έν
673 1892 788 1983 τούτῳ
812 1911 1018 1980 συκοφαντεῖ
1038 1890 1218 1984 τὸνλόγον
1233 1890 1251 1967 ό
1268 1901 1395 1980 Κέλσος
1410 1903 1531 1986 λέγων·

232 1989 333 2065 ἀλλὰ
362 2000 492 2066 τῶνδε
520 2001 592 2085 μέν
618 1999 710 2084 πέρι
730 1999 795 2064 καί
816 1991 964 2078 ἀλλων,
993 1985 1063 2065 όσα
1083 2002 1447 2084 παραφθείρουσιν,
1470 1991 1534 2084 ἀρ-

182 2118 215 2172 15
232 2100 353 2164 κείτω
380 2092 427 2165 τά
453 2099 652 2184 εἰρημένα·
679 2100 744 2164 καί
772 2087 852 2182 ότῳ
879 2095 999 2180 φίλον
1024 2095 1088 2163 ἐπὶ
1109 2101 1235 2167 πλέον
1257 2123 1295 2166 τι
1317 2091 1451 2166 αύτιῦν
1473 2106 1534 2184 ζη-

233 2209 330 2276 τεῖν,
353 2196 508 2265 είσεται.

315 2313 408 2380 LXII.
447 2316 531 2398 Φέρε
552 2315 587 2381 δὲ
608 2313 734 2399 ίύωμεν
755 2317 810 2380 καί
832 2306 875 2380 τὰ
897 2307 981 2398 ἑξῆς,
1003 2313 1041 2380 έν
1058 2307 1113 2392 ὀἷς
1132 2309 1241 2382 ταῦτά
1260 2333 1352 2401 φησι·
1381 2317 1536 2401 στῶμεν

234 2403 268 2479 δ’
295 2413 465 2480 ἐκεῖθεν·
499 2404 570 2480 οῦκ
604 2402 818 2498 ἀνέχονται
853 2408 951 2489 νεώς
982 2402 1160 2495 όρῦντες
1189 2416 1254 2479 καί
1284 2410 1440 2500 βωμούς
1471 2419 1536 2482 καὶ

234 2503 451 2598 ἀγάλματα.
494 2503 584 2579 οῦδὲ
611 2505 683 2598 γάρ
705 2507 863 2579 Σκύθαι
889 2514 1012 2578 τοῦτο
1035 2503 1127 2579 οῦδὲ
1154 2509 1320 2593 Λιβύων
1346 2513 1383 2581 οί
1406 2508 1536 2600 Νομά-

184 2613 297 2691 σοόες
327 2605 417 2679 οῦδὲ
446 2613 573 2697 Σῆρες
603 2609 639 2678 οί
669 2601 785 2678 ἀθεοι
817 2601 902 2678 οὐδ’
928 2601 1029 2678 ἀλλα
1058 2609 1159 2698 έθνη
1189 2607 1237 2679 τὰ
1267 2613 1536 2697 δυσαγέστατα

234 2715 299 2778 καὶ
321 2703 573 2798 ἀνομοότατα.
614 2701 676 2779 ότι
698 2711 738 2778 δὲ
759 2713 825 2777 καί
846 2711 993 2795 Πέρσαι
1016 2700 1147 2790 οῦτως
1170 2715 1410 2797 νομίζουσιν,
1430 2705 1537 2799 ’Κρό-

236 2813 355 2891 δοτος
391 2811 432 2878 έν
461 2811 592 2879 τοῖσδε
622 2809 786 2896 ίστορεῑ·
819 2811 997 2894 ,Πέρσας
1026 2811 1066 2876 δὲ
1095 2806 1185 2877 olda
1213 2805 1373 2898 νόμοισι
1403 2814 1537 2881 τοῖσδε

233 2913 498 2996 χρεωμένους,
534 2903 741 2997 ἀγάλματα
776 2911 845 2995 μέν
873 2911 937 2975 καί
966 2904 1121 2995 βωμούς
1154 2913 1217 2977 καί
1247 2907 1365 2991 ναούς
1394 2904 1467 2979 οῦκ
1496 2914 1538 2981 έν

236 3003 343 3098 νόμῳ
374 3011 638 3096 ποιευμένους
668 3003 889 3093 ἱδρύεσθαι,
920 3001 1018 3076 ἀλλὰ
1053 3014 1118 3076 καὶ
1144 3025 1250 3078 τοῖσι
1277 3014 1435 3079 ποιεῦσι
1461 3036 1536 3098 μω-

318 3211 337 3266 θ
360 3209 428 3264 Luk.
447 3212 471 3273 6,
489 3210 530 3265 29.
553 3237 586 3250 -
610 3207 625 3263 ί
650 3206 747 3262 Με111ι.
766 3211 791 3273 5,
808 3209 849 3263 40.
872 3236 904 3247 -
930 3207 969 3264 18
986 3206 1048 3278 Vgl.
1066 3207 1200 3262 Minucius
1218 3207 1307 3276 Fon,
1325 3207 1455 3264 Octavius
1473 3209 1537 3280 Gap.

234 3295 299 3348 VIII
316 3297 341 3349 4.
360 3325 393 3336 -
411 3294 450 3351 22
468 3291 591 3348 Ησεσάοί
607 3293 620 3346 Ι
639 3293 696 3347 131.

319 3497 335 3549 1
356 3489 451 3550 πολλὰ
471 3495 554 3548 ΦΒο.
573 3491 670 3559 (Notae
687 3509 713 3562 p.
730 3492 791 3560 403)
810 3490 869 3545 Del.
876 3491 944 3546 Rob.
961 3487 1054 3548 πολύν
1071 3491 1199 3564 ΑΗδ.θρ.
1216 3493 1220 3560 Ι
1239 3487 1403 3562 βαθύτερον
1419 3499 1473 3549 τοῦ
1491 3488 1538 3549 αύ·

234 3571 325 3636 τόθεν
342 3576 558 3649 έμφαινυμένου
577 3575 740 3632 ΦΠεΙΠοὶι.
757 3581 811 3631 τοῦ
829 3570 953 3632 ιιῦτύθεν
970 3571 1184 3646 έμφαινσμένον
1199 3569 1364 3648 βαθύτερον
1380 3577 1461 3632 ΑΗὸ.
1469 3579 1511 3650 Sp.
1533 3581 1536 3648 Ι

234 3665 253 3720 2
272 3657 377 3730 αύτούς
392 3667 495 3734 Ausgg.
514 3654 619 3727 αύτούς
634 3662 658 3715 A
671 3653 789 3725 ἑαυτούς
805 3660 904 3716 ΦΗοΙι.
920 3663 924 3728 Ι
940 3662 959 3717 θ
977 3657 1203 3733 φανερούμενον,
1222 3660 1287 3733 (καί
1305 3658 1538 3736 φανερούμενον>

234 3749 357 3804 schreibe
369 3749 415 3804 ich
426 3750 499 3804 nach
510 3745 648 3803 BGDEH
661 3745 713 3800 mit
723 3744 801 3808 nob„
813 3747 863 3800 καί
875 3740 1094 3818 φανερούμενον
1105 3746 1157 3800 Ριιί
1168 3740 1387 3816 φανερούμενον
1398 3749 1538 3818 AAusgg..

235 3833 290 3904 vgl.
302 3833 409 3888 meino
421 3829 819 3899 ,,Τε111111ε111είεισιις“θ.139
830 3829 904 3885 Nr.8
919 3831 923 3899 Ι
938 3825 1096 3900 ἀναλογίαν
1108 3829 1281 3886 ΦΠε1.Κοό.
1295 3825 1441 3904 ἀνάλογον
1452 3837 1478 3887 A
1488 3833 1538 3890 Ηὸ.

235 3919 278 3989 Sp.
294 3921 298 3986 Ι
313 3919 330 3974 4
347 3918 439 3973 hinter
455 3920 505 3974 καί
522 3915 562 3981 είς
574 3923 606 3981 -Ι-
618 3907 672 3971 τόν
689 3910 787 3986 λόγον,
806 3915 877 3969 doch
888 3914 1058 3986 expungiert,
1076 3918 1101 3969 A
1116 3919 1120 3983 Ι
1134 3918 1151 3972 5
1170 3906 1209 3981 ὥς
1227 3932 1296 3986 φησι
1309 3913 1422 3982 Κέλσος
1436 3921 1538 3988 Ausgg.

234 4003 303 4058 Rob.
322 3997 361 4069 ὡς
378 4005 449 4074 φησί
465 4000 579 4066 Κέλσος
599 4005 624 4055 A
645 3991 685 4065 όίς
701 4017 789 4070 φησιν
807 3990 823 4056 ό
841 3997 945 4064 κέλσας
966 3999 1018 4053 Pae
1027 3999 1050 4054 D
1060 3999 1082 4054 A
1093 3999 1117 4053 H
1140 3991 1156 4055 ό
1174 3992 1214 4066 όίς
1231 4017 1318 4070 φησιν
1335 3992 1351 4056 ό
1369 3999 1474 4067 κέλσας
1490 4003 1513 4056 Β
1533 4003 1536 4071 Ι

235 4089 254 4145 θ
273 4080 290 4143 ό
309 4083 416 4158 Ἰησοῦς
433 4099 465 4145 <
483 4084 654 4140 PaIBDEH
674 4086 678 4153 Ι
699 4079 828 4154 σιάγιννα
845 4083 918 4152 ΡκίΙ
938 4085 957 4140 θ
977 4074 1053 4139 ούτω
1072 4088 1097 4139 A
1112 4086 1116 4154 Ι
1133 4085 1172 4141 10
1189 4080 1253 4154 μίγδ’
1270 4085 1323 4139 AB
1340 4083 1411 4155 μηδὲ
1429 4085 1481 4140 pat
1498 4081 1538 4156 μῆ

236 4169 265 4228 δὲ
283 4171 393 4226 ΟΠΕΗ
407 4175 412 4240 Ι
426 4166 495 4242 πρὸ]
514 4163 572 4241 πρό
592 4170 658 4224 oder
674 4162 750 4238 πρός
761 4172 786 4222 A
803 4163 878 4239 πρὸς
895 4167 1087 4240 PMVH6.Sp.
1104 4171 1109 4237 Ι
1126 4169 1164 4225 18
1186 4163 1249 4240 τόν]
1268 4175 1327 4224 τῶν
1343 4169 1414 4238 pat!
1432 4162 1447 4224 ὁ
1467 4168 1539 4225 Κέλ-

236 4276 289 4322 σος
306 4255 398 4328 λέγινν
415 4256 511 4310 ΦΠεΙ.
529 4254 621 4325 λέγων
639 4245 655 4308 ό
675 4251 788 4316 Κέλσος
805 4250 1010 4324 AH6.Sp.R0b.
1035 4256 1039 4322 Ι
1065 4253 1104 4311 15
1127 4254 1179 4307 mit
1201 4251 1337 4324 εἰρημένα
1360 4255 1478 4323 endigt
1495 4253 1540 4308 die

235 4341 402 4408 Philokalia,
421 4341 485 4412 Cap.
503 4339 553 4393 XV
574 4343 603 4394 11
622 4341 657 4409 (p.
676 4337 716 4399 19,
734 4337 766 4391 21
785 4336 828 4390 ed.
846 4335 925 4406 Rob.)
947 4339 951 4399 Ι
978 4338 1090 4395 17-18
1113 4356 1158 4392 am
1176 4339 1274 4392 innam
1292 4338 1371 4392 Rand
1389 4341 1459 4394 κελσ
1476 4341 1514 4392 A¹
1535 4344 1538 4406 Ι

236 4427 273 4484 21
299 4427 465 4495 νομίζουσιν
482 4425 530 4479 Βο.
549 4421 646 4494 (Notae
663 4439 688 4492 p.
706 4421 767 4489 403)
784 4421 844 4476 Del.
864 4416 1058 4490 ὀνομάζουσιν
1075 4423 1160 4477 ΔΗὸ.
1170 4423 1215 4492 Sp.
1232 4425 1236 4492 Ι
1251 4423 1290 4478 22
1314 4421 1425 4492 πέρσας
1441 4425 1539 4478 Mm-

236 4517 339 4583 Auugg.
355 4508 477 4582 πέρσαις
494 4511 518 4564 A
541 4511 546 4577 Ι
569 4507 675 4576 τοῖσδε]
693 4509 831 4562 τοιοῖσιδε
849 4505 948 4561 Herod.
965 4509 969 4574 Ι
990 4507 1029 4562 28
1049 4503 1231 4578 χρεωμένους
1248 4507 1348 4562 Herod.
1364 4507 1542 4580 χρεομένους

237 4601 367 4667 AAusgg.
383 4601 387 4666 Ι
403 4597 452 4650 καί
468 4585 584 4667 βωμούς
600 4593 650 4646 καί
669 4583 756 4656 ναούς
773 4592 904 4660 AAusgg.
921 4593 970 4646 καί
988 4585 1073 4660 νηούς
1089 4593 1138 4646 καί
1155 4585 1271 4660 βωμούς
1288 4591 1387 4647 Herod.
1403 4597 1407 4662 Ι
1423 4593 1462 4649 24
1479 4611 1539 4650 τισι-

237 4680 380 4751 ενμένουςΙ
398 4677 612 4752 πορευομένους
629 4679 654 4730 A
668 4677 673 4744 Ι
688 4671 845 4748 ἱδρύεσθαι]
863 4671 997 4744 ίδρύσθσι
1015 4681 1039 4730 A
1054 4680 1058 4743 Ι
1073 4676 1194 4744 ποιεῦσι]
1212 4681 1333 4732 ποιοῦσι
1348 4682 1450 4748 Ausgg.

1286 4762 1338 4816 14*
