3790 5526
637 514 736 568 ΚΑΤΑ
758 511 919 568 Amor
938 513 981 570 vl
1003 514 1045 566 43.
1062 513 1104 566 44.
1122 513 1164 566 45.
1492 521 1550 580 115

244 683 361 748 στᾶσιν
382 673 569 762 κατατάξαι
590 697 659 748 που
681 681 745 746 τοῦ
767 673 898 758 παντὸς
920 675 1001 758 τοὺς
1017 671 1142 746 ούτωοὶ
1156 673 1280 758 κακούς
1294 681 1349 744 καί
1366 672 1549 763 γυμνάσιον

244 775 285 848 τό
307 773 391 865 ύπέρ
413 773 535 866 ἀρετῆς
555 782 694 866 ποιῆσαι
716 780 885 846 ἐκκεῖσθαι
902 793 974 857 τοῖς
990 779 1205 863 βουλομένοις
1219 779 1410 862 ,,νομίμως“
1427 770 1548 846 ἀθλεῖν

242 873 328 966 ύπέρ
355 882 418 948 τοῦ
444 871 552 963 αύτὴν
579 871 772 960 ἀναλαβεῖν·
799 871 840 947 ἵν’
868 873 916 959 ῶς
944 873 1065 964 χρυσὸς
1091 878 1128 944 ἐν
1150 880 1231 962 πυρὶ
1253 881 1296 962 τῇ
1318 877 1428 944 τῶνδε
1448 880 1548 965 κακίᾳ

158 985 224 1039 153v
241 982 504 1064 βασανισθέντες
525 981 580 1045 καί
600 981 604 1064 Ι
623 972 737 1046 πάντα
758 972 956 1064 πράξαντες,
979 978 1034 1044 ίνα
1059 979 1164 1062 μηδὲν
1184 979 1346 1062 κίβδηλον
1371 968 1549 1062 πρόωνται

208 1085 225 1140 5
243 1081 297 1148 ἐπὶ
320 1074 385 1166 τὴν
407 1073 547 1164 λογικὴν
569 1077 703 1146 ἑαυτῶν
726 1073 836 1163 φύσιν,
858 1070 947 1161 ᾶξιοι
969 1079 1132 1161 φανέντες
1154 1079 1215 1162 τῆς
1238 1079 1284 1156 εἰς
1306 1072 1349 1144 τά
1370 1083 1448 1144 θεία
1470 1069 1549 1144 ἀνα-

242 1173 372 1261 βάσεως
392 1171 609 1264 ἀνιμηθῶσιν
630 1171 698 1245 ύπὸ
721 1181 784 1247 τοῦ
810 1171 913 1264 λόγου
940 1177 995 1243 ἐπὶ
1016 1172 1081 1261 τὴν
1112 1169 1283 1244 ἀνωτάτω
1314 1169 1458 1243 πάντων
1490 1199 1548 1259 μα-

242 1271 432 1364 καριότητα
454 1281 520 1358 καὶ,
543 1271 585 1345 ἵν’
609 1269 722 1358 σύτως
745 1270 915 1363 όνομάσω,
938 1269 1128 1361 ἀκρώρειαν
1150 1281 1224 1344 τῶν
1246 1269 1397 1361 ἀγαθῶν.

326 1369 397 1445 ὁδ’
420 1369 604 1462 Ἑβραίων
626 1380 792 1466 διαλέκτῳ
816 1381 935 1446 Σατᾶν
955 1380 1011 1445 καί
1037 1369 1323 1462 Ἑλληνικώτερον
1347 1369 1415 1444 ύπό
1441 1403 1550 1446 τινων

243 1470 445 1563 ὀνομασθείς
476 1481 662 1557 Σατανᾶς
697 1469 1032 1564 μεταλαμβανόμενσς
1062 1475 1107 1554 είς
1137 1468 1276 1544 Ἑλλάδα
1307 1470 1429 1562 φωνήν
1455 1479 1548 1546 ἐστιν

192 1580 226 1634 10
243 1571 481 1662 ἀντικείμενος.
522 1580 589 1656 πᾶς
620 1581 654 1644 δὲ
678 1569 696 1644 ό
724 1573 788 1662 τὴν
818 1579 940 1660 κακίαν
970 1568 1128 1661 ἑλόμενος
1157 1576 1212 1642 καὶ
1244 1569 1306 1642 τὸν
1335 1568 1409 1642 κατ’
1441 1570 1548 1663 αὐτὴν

243 1681 318 1759 βίον
339 1671 388 1755 ῶς
409 1672 452 1744 τὰ
474 1674 637 1744 ἐναντία
658 1671 826 1759 πράττων
847 1679 890 1760 τῇ
917 1669 1020 1762 ἀρετῇ
1047 1677 1233 1754 Σατανᾶς
1260 1674 1341 1750 ἐστι,
1368 1679 1547 1746 τουτέστιν

242 1770 471 1860 ἀντικείμενος
493 1779 544 1861 τῷ
567 1775 631 1861 υίῷ
663 1779 735 1842 τοῦ
764 1777 874 1855 θεοῦ,
906 1770 982 1844 ἀντι
1006 1769 1200 1858 δικαιοσύνη
1229 1777 1287 1840 καί
1316 1766 1459 1860 ἀλήθεια
1490 1781 1546 1844 καί

243 1878 354 1958 σοφία.
386 1869 597 1958 κυριώτερον
612 1876 648 1941 δὲ
663 1867 892 1960 ἀντικείμενύς
907 1876 999 1942 ἐστιν
1014 1865 1032 1940 ὁ
1048 1877 1188 1958 πρῶτος
1202 1867 1347 1941 πάντων
1361 1870 1546 1962 είρηνευόν-

243 1998 317 2040 των
339 1976 394 2040 καὶ
416 1977 590 2058 μακαρίως
612 1967 805 2058 διαγόντων
827 1966 1079 2059 πτερορρυήσας
1099 1977 1155 2039 καί
1180 1969 1334 2040 ἐκπεσών
1359 1977 1419 2062 τῆς
1445 2001 1547 2062 μακα-

192 2085 224 2137 15
243 2065 413 2158 ριότητος·
442 2064 479 2153 ῦς
504 2068 592 2140 κατὰ
618 2067 682 2140 τὸν
707 2066 856 2159 Ἰεζεκιὴλ
882 2065 1129 2158 περιεπάτησεν
1154 2063 1333 2156 ,,άμωμος“
1363 2074 1400 2140 ἐν
1424 2069 1547 2156 πάσαις

243 2189 317 2252 ταις
338 2165 429 2253 ὁδοῖς
450 2167 566 2252 αύτοῦ,
583 2171 647 2253 έως
669 2166 792 2258 εύρεθῇ
810 2166 931 2258 ἀνομία
950 2173 987 2240 ἐν
1002 2164 1106 2257 αύτῷ,
1128 2165 1184 2238 καί
1199 2163 1250 2238 ῶν
1265 2165 1546 2259 ,ἀποσφράγισμα

242 2265 437 2357 ὁμοιώσεως
464 2279 468 2355 Ι
496 2275 551 2340 καί
582 2275 750 2357 στέφανος
779 2266 944 2351 κᾶλλουςίί
982 2273 1019 2339 ἐν
1054 2273 1106 2357 τῶ
1141 2272 1333 2356 παραδείσω
1365 2275 1429 2341 τοῦ
1459 2276 1546 2342 θεοῦ
1568 2283 1618 2339 661

241 2373 344 2440 οίυνεὶ
365 2379 540 2458 κορεσθεὶς
562 2377 634 2440 τῶν
656 2365 799 2455 ἀγαθῶν
819 2371 856 2437 ἐν
878 2364 1028 2459 ἀπωλείᾳ
1055 2371 1186 2454 ἐγένετο
1208 2365 1295 2438 κατά
1317 2367 1382 2441 τὸν
1403 2366 1545 2442 εἰπόντα

239 2476 409 2558 μυστικῶς
430 2468 518 2557 πρὸς
540 2464 648 2540 αὐτὸν
670 2463 787 2557 λόγον·
818 2463 992 2551 ,ἀπώλεια
1013 2471 1129 2556 ἐγένου
1154 2473 1210 2537 καὶ
1230 2462 1290 2555 ούχ
1316 2463 1474 2556 ὑπάρξεις
1500 2475 1546 2552 είς

189 2581 224 2637 20
241 2569 305 2640 τὸν
327 2573 464 2639 αίῶνα.“

324 2674 432 2739 ταῦτα
453 2673 514 2754 μὲν
537 2659 601 2739 οῦν
623 2663 719 2755 ὀλίγα
741 2663 1068 2756 ἀποτετολμημένως
1081 2673 1136 2736 καί
1151 2671 1547 2756 παρακεκινδυνευμένως

241 2774 319 2855 τῇδε
342 2775 385 2855 τῇ
407 2775 520 2856 γραφῇ
541 2765 781 2848 πιστεύσαντες
802 2771 986 2853 ἐξεθέμεθα
1007 2763 1093 2855 τάχα
1115 2761 1226 2837 οῦδέυ·
1255 2770 1283 2837 εί
1306 2771 1344 2836 δέ
1361 2795 1413 2850 τις
1428 2766 1546 2857 σχολᾶ-

242 2889 300 2949 σας
327 2873 370 2954 τῇ
396 2868 533 2956 βασάνῳ
560 2874 634 2938 τῶν
660 2869 762 2954 ἱερῶν
788 2864 994 2955 γραμμάτων
1023 2863 1244 2954 πανταχόθεν
1269 2865 1545 2957 σωματοποιήσαι
1617 2903 1622 2916 ·

241 2993 306 3036 τον
327 2973 403 3054 περὶ
426 2973 487 3055 τῆς
507 2972 624 3046 κακίας
646 2961 761 3054 λόγον,
783 2973 839 3036 καί
862 2963 910 3049 ώς
931 2962 1059 3056 ύπέστη
1081 2974 1224 3053 πρῶτον
1244 2973 1299 3036 καὶ
1321 2975 1398 3038 τίνα
1413 2966 1545 3056 τρόπον

189 3079 223 3132 25
241 3064 455 3148 καταλύεται,
478 3069 544 3134 ίδσι
567 3057 609 3134 ᾶν
633 3057 688 3134 ότι
711 3059 783 3135 ούδ
807 3061 891 3152 ὄναρ
912 3063 1111 3154 ἐφαντάσθη
1134 3067 1175 3138 τὸ
1198 3072 1372 3150 Μωῦσέως
1393 3074 1449 3138 καί
1471 3075 1544 3139 τῶν

240 3172 434 3253 προφητῶν
459 3171 536 3251 περὶ
564 3171 627 3233 τοῦ
653 3170 817 3235 Σατανᾶ
842 3163 992 3253 βούλημα
1022 3160 1104 3235 σύτε
1128 3172 1253 3248 Κέλσος
1283 3161 1365 3237 οῦτε
1396 3195 1449 3250 τις
1471 3175 1544 3238 τῶν

239 3261 307 3336 ύπὸ
329 3263 457 3335 τούτου
479 3269 541 3334 τοῦ
561 3269 716 3351 πονηροῦ
737 3269 895 3352 δαίμονος
915 3270 1180 3353 καθελκομένων
1194 3271 1250 3335 καί
1268 3271 1544 3354 κατασπωμένων

239 3359 308 3435 ἀπὸ
330 3369 416 3434 θεοῦ
441 3370 497 3432 καὶ
524 3369 585 3452 τῆς
611 3372 687 3449 περὶ
719 3360 826 3434 αύτοῦ
862 3359 970 3454 ὀρθῆς
1003 3368 1134 3446 ἐννοίας
1161 3372 1216 3435 καὶ
1246 3362 1315 3436 ἀπὸ
1346 3371 1410 3436 τοῦ
1440 3362 1544 3455 λόγου

239 3459 345 3534 αῦτοῦ
368 3461 433 3551 τὴν
454 3460 572 3552 ψυχήν.

188 3593 222 3646 30
320 3583 413 3648 XLV.
450 3575 536 3651 Ἐπεὶ
563 3583 674 3650 δὲκαὶ
698 3578 740 3650 τά
762 3587 837 3666 περὶ
860 3587 923 3650 τοῦ
945 3587 1154 3670 καλουμένου
1181 3578 1398 3670 ἀντιχρίστου
1417 3585 1543 3671 παραρ-

321 3749 340 3804 2
359 3749 421 3820 Vgl.
435 3751 461 3803 II
473 3750 542 3804 Tim.
555 3751 579 3816 2,
592 3752 616 3804 5.
635 3781 668 3788 -
687 3751 706 3806 6
725 3750 787 3820 Vgl.
801 3750 864 3804 Μαί.
877 3753 901 3815 3,
914 3753 938 3806 3.
962 3753 1051 3806 IKor.
1063 3753 1088 3819 3,
1102 3753 1141 3808 12.
1155 3755 1196 3808 13.
1209 3754 1272 3810 -8
1290 3751 1486 3822 vgl.Luk.10‚
1503 3754 1543 3808 18.

238 3835 264 3888 ΙΙ
281 3835 373 3890 Thess.
391 3836 416 3902 2,
433 3838 451 3888 4
469 3853 495 3888 u.
513 3833 689 3889 Onomastiea
706 3851 791 3900 εαοειι,
810 3835 853 3889 ed.
865 3836 895 3889 P.
909 3836 943 3890 de
954 3837 1087 3906 Lagarde‚
1105 3840 1163 3904 176,
1182 3839 1223 3893 54.
1249 3839 1306 3902 198,
1324 3840 1365 3893 55.
1376 3868 1409 3876 -
1423 3838 1460 3893 12
1479 3837 1543 3907 Vgl.

238 3921 250 3974 Ι
270 3920 333 3974 Kor.
352 3923 375 3983 1,
394 3921 435 3976 30.
462 3919 522 3974 Joh.
542 3922 582 3986 14,
600 3921 624 3974 6.
649 3923 742 3986 17,17.
766 3920 835 3976 Luk.
853 3923 893 3985 11,
909 3923 952 3977 49.
970 3951 1003 3961 -
1023 3922 1061 3978 14
1079 3923 1141 3991 Vgl.
1158 3922 1248 3986 Plato,
1265 3923 1366 3976 PhAdr.
1384 3922 1448 3992 Cap.
1466 3921 1543 3976 XXV

237 4023 262 4076 p.
275 4005 388 4060 246Βῦ
405 4022 431 4057 u.
445 4004 516 4058 oben
529 4003 567 4058 VI
584 4005 618 4057 43
631 4022 654 4058 ο.
667 4004 698 4059 Ε.
713 4035 747 4044 —-
760 4006 798 4062 15
817 4005 1543 4077 vgl.1⁴22eeh.28,15.-16V31.Eze0h.28‚12.13.

237 4119 271 4128 -
290 4089 329 4144 19
348 4089 446 4144 Ezech.
464 4089 506 4152 28,
525 4090 565 4143 19.

323 4241 339 4294 1
360 4231 483 4294 οῦτωοεί
495 4243 520 4292 A
534 4239 538 4307 l
553 4238 573 4294 4
584 4233 744 4310 πρόωνται]
756 4236 925 4310 πρόσωνται
938 4245 1075 4298 νεεωυίοί
1085 4242 1168 4298 Guiet
1180 4242 1236 4310 (bei
1248 4241 1308 4297 Del.
1320 4243 1332 4296 I
1344 4243 1395 4298 666
1406 4245 1486 4298 Anm.
1498 4241 1523 4310 f)
1538 4241 1541 4311 1

238 4327 256 4382 6
275 4327 455 4393 ανιμηθῶσιν
473 4325 495 4376 Ρ
505 4325 533 4378 Μ
544 4325 646 4393 Ausgg.
665 4318 701 4378 ἄν
718 4323 745 4380 εἰ
760 4321 800 4395 μὴ
818 4330 912 4382 θῶσιν
928 4328 977 4390 A*‚
1001 4343 1054 4380 von
1078 4331 1198 4398 sputerer
1219 4327 1344 4398 plumper
1364 4326 1447 4382 Hand
1470 4326 1544 4380 wohl

237 4425 295 4464 vor
312 4409 361 4463 der
372 4409 513 4464 Absehrift
532 4427 585 4464 von
602 4409 690 4462 PMV
708 4411 737 4463 in
750 4405 943 4481 ἀνειμηθῶσιν
959 4429 1027 4467 corr.
1043 4415 1047 4481 Ι
1063 4413 1082 4465 θ
1100 4405 1178 4468 ἐστιν
1190 4415 1215 4466 A
1230 4413 1234 4480 Ι
1250 4411 1288 4467 12
1307 4405 1428 4481 ἀληθεία
1441 4415 1465 4466 A
1480 4412 1484 4480 Ι
1501 4411 1540 4468 15

238 4484 353 4564 εύρεθῇ]
373 4513 390 4562 η
406 4493 436 4546 in
455 4493 597 4550 conentur
614 4497 658 4562 ΑΙ
676 4498 712 4552 17
733 4489 911 4565 ὁμοιώσεως]
931 4487 1040 4564 ὁμοίως
1057 4490 1111 4560 έως
1125 4500 1150 4550 A
1165 4497 1169 4564 Ι
1185 4496 1224 4551 28
1244 4497 1520 4564 σωματοποιῆσαιλ
1537 4497 1540 4566 1

237 4579 278 4634 66
295 4577 337 4632 bis
354 4578 379 4632 S.
398 4579 448 4634 116
471 4578 497 4632 Ζ.
517 4581 530 4632 1
550 4597 594 4633 am
612 4579 691 4634 Rand
710 4596 746 4648 ση
766 4596 819 4634 von
837 4581 857 4634 1.
874 4580 941 4636 oder
958 4582 991 4638 Π.
1008 4581 1041 4634 Η.
1059 4584 1084 4635 A
1107 4582 1111 4649 Ι
1135 4579 1316 4649 καλουμένου
1342 4597 1396 4635 von
1422 4584 1543 4652 spAterer

237 4681 364 4750 plumper
381 4679 462 4734 Hand
479 4681 509 4734 in
526 4678 708 4748 καλοῦμένου
726 4697 793 4735 corr.
811 4684 836 4735 A
851 4685 855 4749 Ι
870 4677 1072 4755 παραῤῥιπτεῖ]
1091 4665 1232 4753 παξιιπτεῖ
1245 4682 1294 4752 [so]
1313 4683 1345 4736 A.

1304 4768 1339 4823 3*
