3780 5532
359 494 420 556 254
903 490 1125 546 ΩΡΙΓΕΝΟΥΣ

361 647 446 740 ἡμᾶς
478 647 646 740 ἀνέγραψε
679 657 854 740 λέγοντας,
887 652 1075 740 ἐχρώμεθα·
1105 656 1217 722 καίτοι
1252 680 1286 740 γε
1318 644 1454 722 οδδ“
1412 679 1526 732 ουτως
1552 647 1666 740 ἀληθῆ

362 755 467 840 ἔλεγε,
500 755 669 839 δαίμονα
700 753 807 822 είποόν
837 750 900 822 τόν
929 749 1005 822 οίόν
1035 757 1107 822 τοῦ
1133 756 1237 821 θεοῦ.
1280 749 1367 822 κατὰ
1394 755 1454 838 μὲν
1480 753 1544 822 οὐν
1571 747 1665 840 ἡμᾶς,

359 851 441 932 τούς
463 857 625 938 λέγοντας
646 847 778 933 πάντας
800 857 989 938 δαίμονας
1011 853 1096 920 εἶναι
1119 848 1279 935 φαύλους
1302 846 1343 919 οδ
1369 845 1562 938 δαίμων
1544 879 1562 921 ο
1586 850 1666 933 τοὺς

360 948 521 1021 τοσούσδε
552 954 757 1038 ἐπιστρέψας
786 951 874 1040 πρὸς
904 948 976 1021 τὸν
1007 948 1104 1020 θεὸν
1132 945 1216 1020 ἀλλὰ
1244 947 1339 1030 θεός
1366 945 1466 1036 λόγος
1486 957 1542 1019 καὶ
1569 958 1666 1020 θεοῦ

325 1061 463 1132 ὀπαῖς·
492 1049 579 1120 κατὰ
608 1053 643 1118 δὲ
677 1056 822 1132 Κέλσον,
852 1056 956 1138 μηδὲν
978 1045 1176 1138 ἐμφήναντα
1197 1055 1273 1136 περὶ
1296 1047 1439 1135 φαύλων
1462 1046 1665 1138 δαιμόνων

360 1145 422 1218 οὐκ
458 1144 523 1219 οἶδ’
556 1142 653 1231 όπως
687 1145 936 1238 ἐπιλαθόμενον
966 1148 1102 1230 ἑαυτοῦ,
1140 1153 1291 1235 δαίμων
1323 1143 1342 1218 ό
1378 1143 1498 1236 Ἰησοῦς
1523 1153 1663 1268 εἴρηται.

360 1241 506 1368 όρτερον
526 1253 643 1336 μέντοι
666 1275 717 1335 γε
725 1247 766 1318 τά
790 1244 952 1337 λεγόμενα
973 1255 1050 1333 περὶ
1072 1254 1146 1318 τῶν
1168 1242 1298 1336 ἀσεβῶν
1313 1243 1440 1334 φθάσει
1453 1246 1537 1336 μετὰ
1551 1245 1666 1318 πάντα

361 1346 403 1417 τὰ
426 1345 593 1435 φάρμακα
614 1344 662 1434 Ι’
643 1341 728 1434 άπερ
751 1343 791 1418 οδ
812 1343 1044 1436 προσήκαντο,
1067 1351 1121 1417 ἐπὶ
1145 1347 1224 1428 τοὺς
1246 1353 1607 1435 καταλαμβανομένους
1628 1350 1665 1417 ἐν
1683 1369 1733 1422 771

360 1455 412 1535 τῇ,
436 1477 484 1529 ως
506 1440 548 1517 ἀν
571 1451 660 1517 είποι
682 1475 743 1528 τις,
766 1442 895 1534 ἀνιάτω
918 1454 1025 1538 κακίᾳ.

310 1565 343 1619 10
443 1550 504 1617 XL.
542 1553 607 1616 Καὶ
636 1541 727 1634 ἡμεῖς
758 1552 819 1634 μὲν
847 1539 866 1616 ό
893 1576 927 1616 τι
953 1553 1039 1616 ποτὲ
1065 1551 1141 1632 περὶ
1163 1541 1334 1627 κολάσεως
1356 1549 1511 1632 λέγοντες
1532 1553 1587 1614 καὶ
1610 1543 1664 1614 διά

359 1651 420 1734 τῆς
453 1651 531 1733 περὶ
564 1643 736 1727 κολάσεως
771 1649 986 1726 διδασκαλίας
1020 1643 1170 1726 πολλοὺς
1205 1640 1273 1714 ἀπὸ
1310 1651 1383 1714 τῶν
1413 1639 1664 1732 ἁμαρτημάτων

359 1748 617 1833 ε’πιστρέφομεν·
647 1740 665 1815 ό
696 1750 736 1813 δὲ
762 1742 849 1814 κατὰ
880 1741 943 1814 τόν
969 1749 1098 1813 Κέλσον
1123 1741 1250 1830 ἱερεὺς
1277 1749 1340 1813 τοῦ
1365 1738 1616 1824 Ἀπόλλωνος
1644 1737 1663 1830 ἢ

359 1850 431 1913 τοῦ
453 1843 543 1926 Διὸς
565 1845 620 1916 οία
642 1841 876 1932 ἀποκρίνεται,
898 1841 1173 1932 κατανοήσωμεν·
1204 1837 1290 1928 όφὲ,
1314 1849 1424 1931 φησὶ,
1448 1849 1556 1912 θεῶν
1578 1838 1662 1912 ἀλέ-

358 1965 445 2012 ουσι
466 1942 595 2031 μόλοι,
618 1950 682 2015 καὶ

309 2062 341 2116 15
483 2047 521 2124 ές
542 2049 698 2115 παίδων
720 2048 877 2126 παῖδας,
900 2049 964 2112 τοί
985 2070 1054 2112 κεν
1075 2038 1297 2130 μετόπισθε
1319 2048 1523 2130 γένωνται.

360 2136 422 2230 όρα
452 2147 487 2212 δὲ
521 2136 590 2231 όσῳ
623 2142 749 2213 τούτου
781 2147 916 2226 βέλτιον
947 2140 988 2210 τὸ
1023 2139 1104 2224 ,οὐκ
1130 2137 1390 2212 ἀποθανοῦνται
1411 2145 1554 2226 πατέρες
1580 2135 1663 2224 ὑπὲρ

360 2247 502 2324 τέκνων,
526 2239 603 2312 οὐδὲ
625 2246 690 2312 υἱοὶ
714 2239 973 2313 ἀποθανοῦνται
994 2238 1078 2326 δπὲρ
1100 2247 1274 2328 πατέρων·
1299 2242 1438 2322 ἕκαστος
1460 2246 1503 2326 τῇ
1518 2235 1663 2330 ἁμαρτίᾳ

360 2343 483 2411 ἑαυτοῦ
514 2337 761 2412 ἀποθανεῖταιΜ
791 2349 846 2410 καὶ
877 2347 983 2411 τοῦτο
1010 2346 1093 2423 ,τοῦ
1120 2336 1293 2428 φαγόντος
1319 2337 1382 2409 τόν
1404 2335 1540 2427 ὄμφακα
1561 2343 1662 2428 αίμω-

360 2437 533 2512 διάσουσιν
563 2444 595 2511 οί
626 2435 765 2520 όδόντες
795 2435 922 2510 αότοῦ“
950 2447 1006 2508 καὶ
1032 2437 1073 2508 τὸ
1100 2437 1192 2522 ,υἱός
1218 2434 1259 2510 οδ
1281 2437 1424 2528 λήψεται
1446 2435 1579 2510 ἀδικίαν
1600 2469 1663 2508 πα-

275 2556 342 2611 20211
361 2538 455 2626 τρὸς,
479 2549 484 2624 Ι
506 2547 562 2610 καὶ
592 2538 705 2628 πατὴρ
737 2535 778 2608 οό
804 2535 948 2627 λήψεται
975 2533 1107 2608 ἀδικίαν
1129 2540 1214 2607 οἱοῦ·
1244 2536 1437 2627 δικαιοσύνη
1458 2544 1589 2609 δικαίου
1610 2533 1662 2608 ἐπ’

360 2636 467 2710 αάτὸν
489 2643 590 2722 ἔσται,
613 2645 668 2708 καί
690 2635 813 2726 ἀνομία
834 2634 963 2726 ἀνόμου
983 2633 1034 2707 ἐπ’
1052 2635 1157 2708 αὐτὸν
1179 2641 1301 2708 ἔσται’·
1337 2638 1396 2708 ἐὰν
1419 2644 1457 2709 δέ
1477 2667 1528 2719 τις
1544 2631 1662 2727 όμοιον

360 2741 442 2809 εἶναι
461 2744 542 2827 λίγη·
563 2745 614 2827 τιῇ

486 2843 526 2921 ές
548 2841 707 2908 παίδων
730 2844 887 2922 παῖδας,
911 2845 975 2908 τοί
995 2863 1063 2906 κεν
1085 2832 1305 2924 μετόπισθε
1328 2843 1525 2927 γένωνται

359 2937 399 3010 τό
430 2935 634 3022 ,ἀποδιδοὺς
664 2933 827 3027 ἁμαρτίας
856 2941 1018 3024 πατέρων
1044 2940 1098 3006 ἐπὶ
1122 2943 1224 3006 τέκνα
1250 2941 1304 3007 ἐπὶ
1326 2942 1446 3026 τρίτην
1467 2944 1524 3006 καί
1546 2933 1662 3023 τετάρ-

308 3055 341 3108 25
359 3066 424 3127 την
455 3036 572 3128 γενεὰν
599 3055 671 3120 τοῖς
702 3043 833 3127 μισοῦσί
855 3042 957 3124 <με>,“
978 3041 1119 3125 μαθέτω
1152 3030 1206 3107 ότι
1229 3039 1265 3106 ἒν
1288 3045 1339 3127 τῷ
1361 3033 1542 3126 Ἰεζεκιὴλ
1546 3064 1662 3124 ,παρα-

358 3137 462 3228 βολὴ·
485 3137 525 3209 τὸ
550 3145 710 3208 τοιοῦτον
733 3139 816 3207 εἶναι
838 3141 1000 3218 λέλεκται,
1024 3141 1214 3226 αἰτιωμένῳ
1238 3137 1317 3220 τοὺς
1333 3143 1536 3223 λέγοντας,
1539 3137 1581 3219 ,σί
1600 3163 1662 3206 πα-

358 3244 453 3326 τέρες
486 3241 613 3326 ἔφαγον
639 3231 792 3326 ὄμφακα,
823 3242 880 3305 καὶ
906 3239 938 3306 οἱ
966 3230 1103 3316 ὀδόντες
1130 3263 1205 3307 των
1227 3241 1361 3307 τέκνων
1382 3230 1609 3323 ηΙμωδίασανξ(
1632 3226 1660 3325 ᾧ

358 3343 565 3426 ἐπιφέρεται·
587 3343 655 3422 ,ὥς
672 3337 748 3424 ἐγιό
772 3341 857 3422 λέγει
879 3334 1048 3423 κύριοςί,
1017 3329 1136 3418 ndu
1152 3365 1172 3424 η
1165 3329 1335 3418 ἕκαστος
1357 3359 1400 3424 τη
1423 3331 1662 3424 εαυτοῦάμαρ-

444 3508 478 3562 13
501 3507 564 3575 vgl.
581 3505 677 3559 Sextus
695 3505 807 3573 Empir„
826 3505 894 3560 Adv.
906 3505 1038 3558 mathem.
1056 3506 1068 3557 1
1087 3505 1158 3570 (adv.
1171 3507 1296 3574 gramm.)
1315 3507 1364 3561 287
1383 3506 1437 3558 und
1450 3504 1551 3574 Corpus
1568 3521 1660 3574 paroe-

356 3591 452 3660 miogr.
478 3609 518 3659 gr.
545 3591 587 3644 ed.
614 3590 729 3644 Leutsch
756 3593 784 3643 et
809 3588 998 3643 Schneidewin
1024 3591 1090 3643 tom.
1116 3591 1129 3642 Ι
1157 3608 1182 3660 p.
1200 3592 1260 3643 444.
1286 3590 1312 3642 Π
1338 3607 1363 3658 p.
1384 3591 1439 3643 199.
1461 3618 1496 3626 —
1520 3587 1556 3643 15
1575 3605 1601 3642 u.
1620 3589 1659 3644 28

356 3676 469 3740 Homer,
487 3675 519 3728 11.
537 3675 588 3728 XX
605 3677 663 3731 308.
680 3705 714 3713 -
734 3675 771 3730 10
789 3671 868 3728 Dent.
887 3674 928 3738 24,
948 3676 980 3728 18
998 3673 1105 3737 (Jerem.
1123 3675 1165 3736 38,
1183 3674 1235 3741 30).
1266 3704 1300 3714 -
1327 3674 1365 3729 18
1388 3673 1485 3728 Jerem.
1503 3675 1544 3734 38,
1562 3674 1604 3728 30.
1626 3703 1659 3712 -

358 3761 395 3816 10
420 3759 518 3815 Ezeeh.
537 3760 576 3823 18,
595 3761 635 3814 20.
658 3790 692 3798 -
714 3759 755 3814 24
772 3759 858 3812 Exod.
877 3759 917 3821 20,
936 3760 960 3812 5.
987 3789 1021 3796 —
1043 3759 1081 3814 25
1106 3757 1169 3826 Vgl.
1191 3757 1289 3812 Ezech.
1308 3759 1382 3823 18,2
1411 3757 1520 3827 (Jerem.
1539 3759 1585 3824 38,
1607 3759 1658 3824 30).

356 3875 388 3884 -
407 3845 446 3900 28
465 3843 562 3897 Ezech.
583 3844 622 3908 18,
639 3845 663 3898 3.
680 3847 706 3898 4.
722 3844 821 3898 Jerem.
839 3844 880 3907 38,
898 3845 932 3898 30
950 3842 1038 3909 (Dent.
1057 3845 1098 3907 24,
1117 3844 1168 3909 18).

442 3996 458 4050 1
483 3989 630 4066 ἀνέγραψε
652 3993 797 4064 λέγονταςΙ
821 3989 986 4064 α’νίγραφεῇ
1004 4001 1055 4048 s0
1077 3990 1231 4064 ἐχρώμεθα
1254 3992 1301 4062 [so]
1324 3996 1360 4045 4¹
1378 3992 1416 4046 im
1434 3992 1514 4060 Text,
1538 3993 1657 4046 undam

355 4147 452 4202 innern
470 4147 548 4201 Rand
563 4147 634 4215 jetzt
650 4147 721 4200 noch
739 4146 891 4200 erkennbar
910 4144 917 4163 '
936 4133 990 4214 γόν
1009 4164 1061 4200 von
1078 4147 1099 4200 Ι.
1118 4145 1161 4210 H„
1183 4145 1281 4199 vorher
1298 4147 1383 4199 etwas
1401 4162 1465 4199 vom
1482 4145 1658 4198 Buehbinder

355 4232 494 4296 verkleb03
512 4231 609 4301 gewiss
627 4231 706 4284 stand
726 4232 773 4284 da:
791 4237 843 4286 st
859 4229 998 4299 λέγοντας
1013 4234 1017 4296 Ι
1033 4230 1105 4287 4-5
1124 4249 1169 4283 am
1185 4230 1263 4283 Rand
1283 4247 1318 4299 ση
1336 4233 1372 4283 4¹
1388 4232 1392 4298 Ι
1408 4233 1426 4286 8
1445 4224 1659 4297 ἐπιλαθόμενον

355 4317 559 4384 Maon-Ausgg.
577 4312 787 4384 ἐπιλαθόμενος
798 4321 822 4370 Α
838 4320 841 4385 Ι
860 4317 897 4371 13
915 4319 993 4371 θεῶν
1011 4316 1172 4383 PMAusgg.
1190 4318 1226 4370 θε
1243 4333 1269 4368 u.
1283 4315 1410 4368 dahinter
1422 4315 1510 4367 Raum
1522 4313 1565 4365 ffir
1577 4312 1658 4366 einen

355 4402 508 4456 Buchst.A
533 4405 537 4468 Ι
562 4401 599 4456 15
622 4397 801 4468 μετόπισθεν
819 4404 842 4452 Α
867 4403 871 4469 Ι
893 4401 931 4456 23
954 4401 1001 4456 τοί
1021 4420 1071 4456 κεν
1088 4396 1248 4466 μετόπισθε
1266 4399 1326 4465 Del,
1348 4397 1402 4468 vgl.
1422 4399 1493 4452 oben
1510 4397 1536 4451 Z.
1557 4401 1601 4464 153
1629 4393 1657 4452 οἳ

354 4487 403 4540 καί
420 4481 597 4552 μετόπισθεν
612 4488 637 4538 A
653 4489 656 4552 Ι
673 4486 711 4540 25
733 4485 799 4553 (με)
818 4485 882 4554 sfige
901 4485 945 4538 ich
963 4487 1015 4539 mit
1032 4487 1084 4539 den
1097 4489 1198 4552 Ausgg.
1217 4501 1266 4538 aus
1284 4483 1346 4537 dem
1359 4489 1390 4537 Δ.
1403 4483 1432 4537 Τ.
1445 4483 1498 4550 ein,
1517 4482 1565 4536 das
1578 4481 1658 4536 Wort

354 4569 457 4623 konnte
478 4585 574 4638 wegen
597 4569 644 4623 des
668 4569 813 4638 folgenden
830 4567 949 4636 μαθέτω
967 4569 1052 4623 leicht
1070 4568 1204 4622 ausfallen
1228 4571 1233 4636 Ι
1256 4567 1375 4636 μαθέτω
1394 4567 1523 4637 ΑΗό.8ρ.
1546 4570 1657 4634 μανθα-

355 4669 427 4708 νετιο
445 4653 467 4705 Ρ
484 4653 543 4708 Del.
559 4655 563 4721 Ι
578 4653 687 4710 26-27
709 4671 753 4707 am
771 4653 849 4706 Rand
870 4671 905 4722 ση
924 4655 1034 4722 4¹12?
1056 4647 1179 4722 ὀδόντες]
1199 4656 1215 4708 δ
1231 4655 1259 4706 in
1278 4654 1421 4707 Correctur
1438 4655 1469 4706 Α.
