3790 5526
641 505 742 560 ΚΑΤΑ
760 504 921 561 ΚΕΔΣΟΥ
943 504 984 563 vl
1005 505 1046 561 50.
1065 504 1106 560 60.
1123 504 1165 560 61.
1496 508 1552 570 131

248 666 320 750 γῆν
351 661 394 733 τά
423 659 492 736 ῦπὸ
521 666 628 756 μόνης
650 668 784 754 φάσεως
805 667 1030 757 διοικούμενα,
1052 673 1115 737 καὶ
1139 663 1314 752 τετάρτῃ
1336 661 1420 746 τοῦς
1441 687 1554 750 ,φωσ-

249 767 374 852 τῆραςκ
395 769 452 834 καὶ
476 761 661 854 ,,άστέρας“
682 775 747 838 καὶ
773 772 933 856 πέμπτη
955 767 998 836 τὰ
1020 765 1131 855 νηκτὰ
1151 770 1214 835 καί
1239 767 1332 852 έκτη
1355 761 1398 835 τά
1419 780 1555 852 χερσαῖα

248 869 334 946 καὶ,
336 860 411 946 ,τόν
425 857 625 954 άνθρωπον,
629 875 647 902 “
668 867 756 938 κατὰ
777 866 820 938 τὸ
842 867 989 938 δυνατὸν
1010 861 1089 988 ἡμῖν
1106 868 1143 936 έν
1158 882 1230 948 τοῖς
1248 872 1556 954 πραγματευθεῑσιν

250 963 295 1043 εἰς
318 961 383 1050 τὴν
406 969 561 1036 Γένεσιν
559 963 755 1094 είρημαμεν
777 973 833 1038 καὶ
855 970 891 1037 έν
913 983 987 1049 τοῖς
1008 961 1231 1086 ἀνωτέρωδὲ
1245 968 1468 1052 ἐγκαλοῦντες
1484 978 1556 1044 τοῖς

216 1074 232 1128 5
248 1058 336 1132 κατά
359 1060 423 1152 τὴν
443 1071 706 1184 προχειροτέραν
720 1064 862 1156 ἐκδοχὴν
876 1063 1000 1156 φήσασι
1020 1062 1164 1186 χρόνους
1179 1059 1256 1152 1εὴ
1261 1090 1392 1150 μερων
1406 1067 1556 1150 διεληλυ-

248 1165 348 1231 θέναι
379 1163 425 1243 εἰς
455 1161 520 1252 τὴν
542 1168 548 1252 Ι
556 1171 799 1286 κοσμοποιίαν
823 1170 1075 1286 περιτιθέμεθα
1105 1163 1146 1235 τὸ
1177 1155 1285 1251 ,αῦτη
1317 1157 1337 1251 6
1364 1167 1477 1246 βίβλος
1507 1186 1555 1249 7⁶·
1574 1169 1626 1224 679

249 1263 372 1342 νέσεως
393 1288 573 1350 ουρανου
594 1270 648 1335 καὶ
672 1269 754 1354 γῆς,
786 1293 845 1337 οτε
867 1269 1014 1354 ἐγένετο
1041 1253 1211 1354 ἡὴμέρᾳ
1238 1254 1556 1350 έποίησενῦθεὸς

250 1356 313 1428 τὸν
336 1354 510 1448 οῦρανὸν
531 1369 587 1433 καὶ
608 1363 673 1453 τὴν
696 1370 796 1454 γῆνέί

332 1463 411 1529 LXI.
448 1462 534 1532 Εἶτα
560 1460 665 1534 πάλιν
685 1463 729 1554 μὴ
751 1462 962 1546 κατακούσας
983 1467 1047 1534 τοῦ
1081 1467 1157 1546 ,καὶ
1184 1453 1437 1531 σννετέλεσεν”
1418 1488 1437 1531 ο
1462 1456 1556 1539 θεὸς

200 1569 233 1624 10
251 1559 288 1626 ὲν
309 1564 352 1678 66
374 1554 497 1686 ἡμέρᾳ
520 1568 562 1682 66
589 1562 747 1651 ίκτη
706 1591 749 1633 τα
778 1567 858 1653 ἔργα
886 1558 1005 1646 αῦτοῦ,
1035 1555 1056 1632 6
1085 1565 1231 1650 ἐποίησε·
1262 1565 1317 1630 καί
1347 1565 1556 1630 κατέπαυσεν

250 1660 287 1726 έν
268 1664 352 1745 ντῇ
374 1653 496 1776 ἡμέρᾳ
518 1667 562 1748 τῇ
584 1657 749 1782 ἑβδόμη’
728 1662 797 1734 απὸ
819 1659 965 1733 πάντων
987 1669 1060 1733 τῶν
1078 1662 1189 1781 ἔργων
1209 1656 1324 1743 αῦτοῦ,
1348 1686 1399 1728 ων
1414 1660 1556 1746 ἐποίησε

249 1763 306 1825 καὶ
329 1751 548 1845 εῦλόγησενό
575 1757 670 1843 θεὸς
692 1759 756 1850 τὴν
779 1756 926 1882 ἡμέραν
949 1761 1013 1850 τὴν
1034 1757 1180 1848 ἑβδόμην
1200 1766 1257 1830 καὶ
1280 1754 1415 1879 ἡγίασεν
1438 1753 1555 1878 μῦτὴν,

252 1847 306 1974 ότι
328 1859 365 1926 έν
386 1852 473 1944 αῦτῇ
493 1856 753 1930 κατέπαυσεν’
732 1859 800 1931 απὸ
822 1857 966 1932 πάντων
992 1867 1067 1930 τῶν
1087 1861 1197 1978 ἔργων
1218 1852 1333 1942 αῦτοῦ,
1357 1847 1409 1928 6v
1431 1852 1556 1978 ἡρξατο

252 1948 270 2024 6
293 1951 388 2036 θεὸς
408 1961 567 2044 ποιῆσαι“
588 1966 644 2028 καὶ
667 1962 796 2048 οίηθελς
817 1956 947 2032 τοῦτὸν
969 1956 1111 2030 εἶναι
1075 1987 1147 2042 το,
1150 1963 1349 2042 ,κατέπαυσε
1369 1963 1411 2044 τῇ
1433 1951 1555 2074 ἡμέρᾳ

201 2068 233 2122 15
252 2059 294 2140 τῇ
317 2050 461 2142 εβῦόμη“
481 2063 538 2126 καὶ
560 2055 601 2128 τὸ
630 2053 866 2142 ,ἀνεπαύσατο
893 2066 936 2147 τῇ
958 2053 1080 2149 ἡμέρᾳ
1107 2063 1150 2144 τῇ
1172 2053 1315 2145 ἑβδόμη(
1337 2062 1432 2146 φησί·
1458 2053 1555 2144 μετά

252 2159 377 2224 τοῦτο
407 2152 482 2282 μὴν
506 2149 644 2278 ὥσπερ
675 2185 736 2240 τις
763 2153 940 2246 ἀτεχνῶς
961 2157 1140 2246 πονηρὸς
1164 2159 1423 2244 χειροτέχνης
1445 2159 1555 2226 ἐκκα-

250 2253 335 2340 μάιν
356 2261 421 2373 καὶ
442 2254 543 2343 πρὸς
567 2252 791 2328 ἀνάπαυσιν
812 2253 950 2345 ἀργίας
972 2263 1140 2346 δεηθείς.
1175 2252 1254 2326 σῦδε
1274 2252 1337 2343 γάρ
1360 2255 1438 2337 οίδε,
1461 2249 1555 2337 τίς
1535 2283 1555 2343 η

250 2350 334 2439 μετά
367 2351 431 2441 τὴν
462 2347 544 2426 ὅσον
575 2384 594 2427 ο
619 2379 745 2446 κοσμος
771 2362 973 2477 συνέστηκεν
1000 2359 1243 2475 ἐνεργουμένην
1268 2349 1555 2443 κοσμοποιίαν,κ
1535 2383 1556 2442 6

252 2455 315 2520 τοῦ
343 2449 511 2535 σαββάτου
537 2461 592 2524 καὶ
621 2461 682 2544 τῆς
710 2451 953 2538 καταπαύσεως
983 2461 1055 2525 τοῦ
1083 2459 1180 2525 θεοῦ
1210 2449 1346 2543 ἡμέρα,
1373 2444 1456 2524 έν
1436 2481 1457 2541 6
1485 2455 1556 2542 εορ·

200 2569 235 2625 20
252 2547 414 2622 τάσουσιν
438 2545 506 2640 άμα
532 2561 588 2644 τῷ
611 2562 692 2646 θεῷ
719 2559 752 2626 οί
776 2554 892 2626 πάντα
914 2553 957 2625 τά
979 2555 1093 2642 ἔργαζ
1082 2560 1214 2625 εαυτοῦν
1235 2571 1311 2636 ταῖς
1332 2555 1367 2640 ἓξ
1394 2548 1556 2642 ἡμέραις

251 2649 478 2738 πεποιηκότες
506 2660 564 2723 καὶ
592 2653 646 2775 616
675 2655 717 2726 τὸ
745 2657 849 2742 μηδὲν
881 2658 1167 2744 παραλελοιπέναι
1195 2659 1268 2724 τῶν
1298 2647 1556 2737 ἐπιβαλλόντων

251 2743 492 2834 ἀναβαίνοντες
522 2756 577 2823 ἐπὶ
608 2752 672 2843 τὴν
701 2761 853 2843 θεωρίαν
882 2759 938 2824 καί
965 2752 1030 2842 τὴν
1055 2757 1093 2824 έν
1119 2748 1206 2840 αῦτῇ
1232 2756 1307 2846 τῶν
1333 2755 1476 2824 δικαίων
1501 2759 1556 2823 καί

251 2855 426 2938 μακαρίων
448 2847 643 2940 πανήγυριν.

334 2945 463 3019 είτα
433 2980 481 3034 ως
508 2946 586 3040 ἡτοι
612 2957 687 3023 τῶν
713 2957 858 3042 γραφσῦν
884 2943 980 3023 οῦτω
1004 2955 1193 3074 λεγουσῶν
1201 2943 1222 3039 ἡ
1213 2941 1341 3020 xaz‘
1320 2955 1419 3039 ημοῦν
1441 2947 1557 3022 αῦτοῦν

201 3063 233 3118 25
252 3041 363 3131 οῦτως
383 3054 611 3170 διηγουμένων
628 3057 704 3141 περί
719 3057 812 3136 θεοῦ,
832 3043 886 3172 όμι
907 3051 1043 3138 καμοὸν
1063 3045 1287 3134 ἀνεπαύσατο,
1308 3043 1454 3140 φησὶν(Ι
1436 3079 1491 3122 οτι
1513 3046 1558 3122 06

251 3154 366 3270 θέμις
397 3147 468 3220 τὸν
497 3155 665 3248 πρῶτον
687 3150 787 3223 θεὸν
808 3149 974 3240 κάμνειν
996 3141 1091 3220 οῦτε
1110 3166 1359 3237 χειρουργεῑν
1380 3143 1475 3220 οῦτε
1496 3178 1556 3219 κε-

252 3246 393 3318 λεύειν.
436 3244 455 3320 6
485 3253 546 3338 μὲν
579 3247 643 3318 οῦν
670 3255 797 3334 Κέλσος
828 3241 980 3379 ηιησὶν(Ι
962 3276 1017 3320 οτι
1052 3243 1097 3369 οῦ
1131 3254 1246 3336 θέμις
1280 3249 1353 3320 τὸν
1389 3254 1557 3336 πρῶτον

251 3349 351 3419 θεὸν
386 3344 569 3471 κάμνειμ·
617 3344 709 3467 ἡμεῖς
745 3356 781 3421 δε
818 3353 969 3436 είποιμεν
1000 3341 1042 3418 ἀν
1078 3341 1134 3420 ότι
1163 3341 1241 3418 066³
1272 3342 1292 3418 6
1326 3347 1422 3430 θεὸς
1456 3345 1557 3438 λόγος

253 3443 392 3537 κάμνει
423 3443 496 3520 066²
519 3439 593 3520 ὅσοι
619 3454 679 3537 τῆς
709 3455 906 3537 κρείττονος
936 3445 1000 3538 666
1029 3453 1084 3518 καὶ
1110 3452 1286 3532 θειοτέρας
1313 3443 1481 3533 τάξεως”
1466 3475 1557 3535 εχον·

202 3561 235 3614 30
253 3571 320 3618 ται·
348 3545 389 3619 τὸ
412 3547 475 3638 γάρ
501 3544 667 3637 κάμνειν
692 3551 763 3619 ἐστὶ
784 3557 859 3620 τιῦν
881 3552 918 3620 ἐν
940 3547 1079 3635 σάματι.
1123 3543 1276 3636 ζητήσεις
1297 3551 1342 3630 δὲ,
1365 3542 1514 3635 πότερον
1537 3541 1557 3636 6

252 3655 325 3717 τῶν
354 3651 391 3719 ἐν
417 3652 615 3738 οίῳποτοῦν
642 3648 773 3736 σώματι
794 3640 815 3737 6
843 3655 918 3719 τῶν
944 3650 981 3718 έν
1008 3651 1060 3735 τῷ
1085 3649 1191 3735 γηίνῳ
1213 3651 1270 3716 καὶ
1291 3639 1408 3735 ἀλίγον
1430 3643 1558 3719 τοῦτου

336 3817 356 3874 4
373 3818 438 3886 Vgl.
456 3818 527 3873 oben
544 3817 582 3870 VI
599 3820 644 3884 50,
663 3817 688 3873 S.
708 3818 757 3873 122
775 3817 801 3870 Ζ.
820 3818 875 3871 4ff.
893 3846 926 3857 -
945 3818 964 3872 6
983 3815 1049 3870 Gon.
1067 3818 1095 3880 2,
1113 3819 1138 3871 4.
1157 3845 1190 3854 -
1208 3815 1227 3872 0
1246 3814 1314 3870 Gen.
1332 3816 1361 3882 2,
1380 3817 1404 3871 2.
1423 3817 1447 3870 3.
1465 3847 1498 3856 -
1518 3817 1557 3872 14

253 3905 320 3959 Gen.
338 3906 363 3972 2,
381 3905 406 3959 2.
423 3933 457 3943 -
476 3901 514 3958 18
536 3902 597 3971 Vgl.
615 3901 701 3958 Exod.
720 3903 761 3970 20,
779 3903 873 3958 8-11.
897 3903 1065 3966 31,13-17.
1089 3900 1205 3964 Deum,
1220 3902 1259 3954 14.
1278 3929 1310 3939 —
1329 3899 1368 3956 26
1387 3898 1449 3969 Vgl.
1468 3900 1557 3968 Plato,

250 3989 320 4043 Tim.
337 3988 402 4058 Gap.
422 3987 471 4040 vll
489 4005 514 4057 p.
532 3988 566 4042 33
577 3987 642 4043 ΑΒ.

339 4139 357 4194 2
374 4139 507 4209 χερσαῖα]
526 4155 557 4191 αι
574 4154 628 4191 von
646 4139 667 4192 I.
685 4138 719 4192 Η.
737 4137 805 4191 tiber
822 4136 901 4191 einen
919 4135 1109 4206 gesfrichenen
1127 4134 1244 4197 Buchst„
1263 4135 1312 4188 der
1329 4133 1557 4188 wahrseheinlich

254 4243 267 4281 ε
285 4240 410 4294 gewesen
422 4223 465 4287 ist,
484 4223 666 4291 115ετρεεο1υ..
684 4223 733 4276 der
745 4224 849 4276 Αοοευί
866 4221 944 4286 fehlt,
957 4224 982 4276 A
996 4222 1001 4290 Ι
1017 4221 1035 4277 5
1050 4214 1185 4291 χρόνους]
1200 4211 1311 4320 666666
1327 4221 1464 4274 vermutet
1477 4219 1558 4275 Guiet

254 4309 308 4377 (bei
326 4308 385 4363 Del.
404 4307 485 4363 1678
502 4310 582 4361 Anm.
600 4307 620 4375 i)
645 4302 686 4376 Ιί
682 4301 712 4375 ξΙ
688 4302 766 4372 ξέξ
782 4308 807 4360 Α
831 4305 835 4372 Ι
859 4305 878 4360 0
902 4297 1024 4359 hinter‘
1012 4323 1028 4359 ο
1046 4296 1117 4368 θεὸς
1134 4310 1166 4368 -Ι-
1184 4296 1236 4357 τάν
1254 4295 1344 4360 οῦν-ον
1362 4305 1411 4358 καί
1428 4295 1480 4373 τὴν
1497 4310 1557 4374 γῆν,

253 4411 324 4464 doeh
341 4409 515 4480 expungiert,
534 4411 559 4463 A
578 4411 583 4478 Ι
604 4404 676 4465 1οέ
675 4408 786 4478 ποίησε]
806 4390 843 4464 66
861 4407 908 4477 [so]
928 4406 1024 4475 A114
1045 4398 1151 4461 ταυτὸν
1168 4404 1265 4472 ΑΙΙλ
1286 4397 1388 4476 ἀργίας
1404 4405 1447 4458 Μ2
1463 4423 1489 4460 u.
1507 4406 1557 4460 H6.

253 4511 298 4549 am
315 4493 403 4558 Rand,
421 4493 464 4564 Sp.
472 4493 556 4548 Delfi
549 4512 587 4547 1m
605 4494 685 4558 Τεκί,
708 4487 844 4565 ἀργοῦλ
864 4495 868 4562 Ι
888 4513 904 4562 η
896 4482 1022 4561 (scil.
1009 4509 1047 4561 ημ
1049 4488 1112 4590 666)
1136 4489 1216 4544 AH6.
1240 4475 1318 4558 6Sp
1324 4488 1383 4543 Del
1399 4489 1458 4557 Ι18
1482 4486 1558 4585 ένερ·

253 4576 405 4649 γονμένηνΙ
423 4577 560 4632 Semnus-v
577 4577 750 4648 fibergeschr.
769 4577 806 4630 Α1
821 4579 825 4646 Ι
841 4577 881 4634 25
900 4567 993 4641 οῦτως
1010 4578 1034 4630 Δ
1053 4565 1129 4632 οῦτοι
1143 4576 1245 4643 Ausgg.
1261 4575 1265 4640 Ι
1281 4573 1320 4629 26
1339 4569 1467 4644 κάμνειν]
1487 4593 1511 4630 ει
1529 4576 1558 4628 in

254 4664 363 4718 Correct
351 4667 396 4717 tur
412 4680 439 4718 u.
457 4681 474 4716 ν
491 4664 550 4732 (vor
567 4665 590 4730 ε)
608 4663 780 4733 ilbergeschr.
798 4663 843 4716 ΑΙ.
1314 4743 1351 4798 9*
