3780 5538
358 498 418 561 300
899 493 1125 549 ΩΡΙΓΕΝΟΥΣ

358 653 574 743 πειρασμὸν,“
595 661 651 725 καὶ
672 655 928 745 ,προσεύχεσθε
951 656 1070 746 ἵναμὴ
1093 664 1230 746 γένηται
1252 653 1349 745 ύμῶν
1372 650 1392 744 ἡ
1414 652 1503 743 φυγὴ
1525 660 1663 742 χειμῶνι

357 760 440 842 μηδὲ
462 751 650 844 σαββάτῳ,“
670 763 725 826 καὶ
746 752 1031 845 ,προσευχόμενοι
1052 761 1088 826 δὲ
1108 755 1153 846 μὴ
1176 751 1481 844 βατταλογήσητε,“
1502 757 1557 852 καὶ
1580 757 1609 822 εί
1631 782 1664 823 τι

358 851 496 935 τούτοις
521 857 591 924 ἐστὶ
616 853 864 944 παραπλήσιον·
894 853 934 926 τὸ
962 861 997 925 δὲ
1023 853 1132 942 ,καθὸ
1160 861 1241 926 δεῖί·
1271 852 1456 940 ,βούλομαι
1477 853 1541 922 οῦν
1562 875 1664 938 προσ-

358 951 513 1040 εύχεσθαι
536 952 616 1036 τοῦς
638 949 762 1044 ἀνδρας
784 960 821 1026 έν
841 963 945 1026 παντὶ
965 951 1076 1044 τόπῳ,
1099 958 1303 1043 ἐπαίροντας
1325 949 1418 1035 δσίας
1434 968 1546 1040 χεῖρας
1560 959 1663 1039 χωρὶς

324 1064 340 1118 5
358 1047 459 1142 ὀργῇς
479 1061 535 1122 καί
557 1060 784 1142 διαλογισμοῦ·
807 1051 972 1137 αὸσαύτως
993 1062 1049 1125 καὶ
1070 1073 1228 1142 γυναῖκας
1250 1057 1287 1125 έν
1310 1057 1506 1138 καταστολῇ
1524 1059 1662 1140 κοσμίῳ,

357 1150 441 1239 μετὰ
475 1157 589 1234 αἰδοῦς
616 1159 671 1222 καὶ
699 1153 921 1243 σωφροσύνης
952 1173 1088 1241 κοσμεῖν
1118 1153 1248 1237 ἑαυτάς,
1282 1151 1327 1242 μὴ
1358 1157 1395 1222 έν
1424 1156 1611 1239 πλέγμασιν
1641 1144 1662 1237 ἢ

355 1258 467 1341 χρυσῷ
494 1245 514 1339 ἢ
541 1259 760 1340 μαργαρίταις
786 1249 806 1341 ἢ
833 1257 1000 1343 ἱματισμῷ
1022 1263 1204 1324 πολυτελεῖ
1222 1248 1305 1338 ἀλλ’,
1329 1247 1348 1323 ό
1369 1255 1491 1340 πρέπει
1513 1255 1663 1337 γυναιξὶν

359 1355 660 1440 ἐπαγγελλομέναις
681 1358 883 1436 θεοσέβειαν,
906 1349 949 1422 δι’
968 1356 1076 1442 ἔργων
1099 1349 1271 1442 άγαθοῦν.“
1314 1358 1378 1422 τοῦ
1400 1354 1436 1420 δὲ
1463 1346 1573 1433 ,καθὸ
1595 1353 1662 1418 δεῖ(

359 1447 595 1522 διδασκαλικόν
625 1455 697 1522 ἐστι
725 1459 780 1521 καὶ
811 1448 864 1522 τό·
893 1451 974 1536 ,ἐὰν
1001 1443 1065 1522 οῦν
1089 1457 1284 1540 προσφέρῃς
1311 1448 1352 1521 τό
1380 1445 1495 1536 δῶρόν
1520 1474 1581 1520 σου
1609 1453 1663 1520 ἐπὶ

309 1560 342 1614 10
359 1549 400 1622 τὸ
422 1547 665 1640 θυσιαστήριον
686 1547 783 1622 κάκεῖ
800 1557 955 1640 μνησθῇς
977 1543 1032 1622 ότι
1054 1545 1072 1620 ὸ
1095 1547 1241 1637 ἀδελφός
1262 1572 1324 1621 σου
1346 1552 1411 1639 ἔχει
1433 1579 1467 1619 τι
1485 1547 1572 1620 κατὰ
1592 1555 1662 1632 σοῦ,

359 1645 442 1736 ἀφες
478 1654 546 1720 ἐκεῖ
579 1647 620 1719 τὸ
658 1646 771 1737 δῶρόν
807 1672 867 1720 σου
898 1652 1090 1739 ἔμπροσθεν
1117 1656 1181 1721 τοῦ
1206 1657 1449 1738 θυσιαστηρίου
1474 1655 1529 1718 καὶ
1555 1642 1663 1735 ύπαγε

359 1756 502 1836 πρῶτον
531 1745 731 1836 διαλλάγηθι
763 1757 814 1838 τῷ
844 1745 981 1838 ἀδελφῷ
1011 1770 1081 1830 σου,
1110 1755 1165 1819 καί
1192 1745 1272 1820 τότε
1294 1748 1409 1819 έλθιὸν
1430 1743 1599 1836 πρόσφερε
1623 1745 1663 1818 τὸ

360 1844 474 1936 διῦρόν
503 1855 596 1919 σουέί·
630 1866 733 1920 ποῖον
763 1848 826 1936 γὰρ
855 1856 927 1938 θεῷ
959 1854 1074 1938 δῶρον
1104 1844 1172 1918 ἀπὸ
1199 1855 1261 1919 τοῦ
1287 1853 1424 1937 λογικοῦ
1449 1857 1565 1935 μεῖζον
1586 1842 1664 1918 ἀνα-

359 1953 551 2036 πέμπεσθαι
577 1946 716 2018 δύναται
744 1945 891 2031 εύάδους
913 1944 1016 2036 λόγου
1038 1943 1148 2036 εύχῇς,
1170 1953 1446 2037 προσφερομένης
1469 1943 1537 2018 ἀπὸ
1559 1969 1663 2016 συνει-

311 2064 342 2117 15
360 2042 461 2129 δότος
481 2046 527 2136 μῇ
549 2048 688 2134 ἔχοντος
710 2053 855 2130 δυσῶδες
877 2044 946 2119 ἀπὸ
970 2053 1031 2136 τῇς
1052 2042 1230 2135 άμαρτίας;
1253 2051 1358 2118 ἔτιδὲ
1379 2054 1441 2117 τοῦ
1463 2043 1573 2130 ,καθὸ
1595 2051 1662 2116 δεῖλ

360 2142 414 2216 τό·
443 2145 508 2235 ,μὴ
537 2143 754 2235 ἀποστερεῖτε
783 2144 963 2236 ἀλλήλους,
993 2144 1053 2216 ἐὰν
1078 2144 1122 2236 μῇ
1150 2177 1183 2218 τι
1210 2151 1247 2218 έκ
1268 2151 1465 2235 συμφωνίας
1486 2144 1573 2233 πρὸς
1593 2173 1663 2215 και-

360 2243 431 2334 ρὸν,
458 2249 512 2316 ἵνα
539 2242 724 2334 σχολάσητε
751 2253 794 2334 τῇ
815 2253 982 2333 προσευχῇ
1002 2251 1057 2316 καὶ
1078 2242 1183 2316 πάλιν
1204 2252 1260 2317 ἐπὶ
1282 2245 1322 2316 τὸ
1344 2242 1429 2316 αύτὸ
1450 2237 1520 2332 ἦτε,
1544 2248 1597 2315 ἵνα
1618 2243 1661 2333 μῇ

360 2349 500 2432 ἐπιχαρῆ
526 2341 603 2434 ύμῖν
630 2340 649 2416 δ
675 2351 822 2427 σατανᾶς
848 2343 902 2416 διὰ
923 2344 988 2432 τὴν
1010 2341 1173 2432 ἀκρασίαν
1193 2341 1320 2434 ύμιῦν.“
1363 2343 1416 2415 διά
1439 2341 1577 2415 τούτων
1600 2343 1662 2432 γὰρ

360 2448 573 2531 έμποδίςεται
603 2443 644 2514 τὸ
672 2443 782 2528 ,καθὸ
809 2451 888 2529 δεῖ,“
914 2442 974 2516 έάν
998 2443 1043 2534 μὴ
1069 2451 1125 2514 καί
1152 2450 1226 2515 τιῦν
1252 2443 1340 2516 κατὰ
1367 2443 1430 2514 τὸν
1457 2439 1565 2532 γάμον
1587 2465 1661 2512 σιω·

309 2558 343 2612 20
359 2549 491 2615 πάσθαι
519 2539 624 2628 ἀξίων
651 2551 848 2633 μυστηρίων
876 2542 917 2614 τὸ
948 2547 1046 2632 ἔργον
1074 2540 1278 2634 σεμνότερον
1303 2549 1360 2612 καὶ
1381 2542 1587 2632 βραδύτερον
1607 2549 1664 2612 καὶ

360 2640 598 2731 άπαθέστερον
620 2648 763 2732 γίνηται,
786 2648 847 2732 τῇς
869 2649 1047 2732 λεγομένης
1069 2647 1233 2714 ἐνταυθοῖ
1252 2651 1493 2731 ,συμφωνίας“
1509 2640 1549 2714 τὸ
1565 2637 1663 2730 ἀσύμ-

362 2771 483 2829 φωνον
505 2749 568 2812 τοῦ
588 2738 723 2826 πάθους
746 2739 974 2831 άφανιζούσης
994 2751 1051 2814 καὶ
1073 2742 1137 2832 τὴν
1159 2739 1323 2833 ἀκρασίαν
1344 2741 1587 2832 ἀναλισκούσης
1603 2748 1664 2813 τοῦ

360 2871 399 2912 τε
419 2848 548 2914 σατανᾶ
576 2841 618 2914 τὸ
640 2846 934 2932 έπιχαιρησίκακον
955 2840 1159 2932 κωλυούσης.
1201 2840 1287 2932 πρὸς
1310 2840 1447 2924 τούτοις
1469 2849 1532 2913 τοῦ
1554 2839 1663 2926 ,καθὸ

362 2948 436 3012 δεῖ“
457 2946 527 3012 ἐστι
554 2939 792 3015 διδασκαλικὸν
818 2937 872 3012 τό·
901 2939 982 3026 ,ἐὰν
1009 2939 1155 3032 στῇκητε
1181 2938 1456 3031 προσευχόμενοι,
1483 2938 1666 3028 ἀφίετεεῖ

310 3054 344 3109 25
363 3071 396 3112 τι
427 3035 469 3112 ἀν
499 3043 596 3130 ἔχητε
625 3039 713 3114 κατά
742 3051 868 3125 τινοςίί·
897 3048 951 3112 καὶ
979 3039 1019 3113 τὸ
1046 3041 1137 3130 παρὰ
1164 3049 1217 3132 τῷ
1239 3040 1365 3131 Παύλῳ
1394 3047 1441 3112 δέ·
1470 3047 1558 3126 ,πᾶς
1579 3037 1664 3128 ἀνὴρ

310 3153 345 3208 2r
363 3137 542 3230 εῦχόμενος
567 3136 588 3229 ἢ
614 3140 845 3232 προφητεύων
869 3140 957 3213 κατὰ
984 3148 1132 3231 κεφαλῆς
1151 3151 1156 3224 Ι
1176 3145 1262 3230 ἔχων
1288 3139 1499 3228 καταισχύνει
1526 3139 1590 3228 τὴν
1611 3161 1665 3207 κε-’

362 3240 476 3330 φαλῇν
502 3237 621 3325 αύτοῦ,
648 3247 739 3312 πᾶσα
766 3245 802 3311 δὲ
830 3240 913 3330 γυνὴ
939 3245 1187 3330 προσευχομένη
1215 3235 1235 3328 ἢ
1262 3238 1521 3330 προφητεύουσα
1543 3235 1665 3310 ἀκατα-

362 3339 526 3430 καλύπτῳ
557 3347 599 3428 τῇ
627 3347 759 3428 κεφαλῇ
787 3339 998 3428 καταισχύνει
1026 3339 1090 3430 τὴν
1116 3338 1270 3428 κεφαλὴν
1298 3341 1440 3429 ἑαυτῇςί(
1467 3344 1530 3410 τοῦ
1556 3334 1664 3422 ,καθὸ

362 3444 431 3510 δεῖ(
453 3444 523 3511 ἐστι
544 3435 806 3528 παραστατικὸν.

311 3555 345 3608 30
446 3550 473 3612 3.
509 3535 594 3610 ἀλλὰ
621 3545 730 3610 ταῦτα
755 3537 869 3610 πάντα
895 3535 1115 3628 ἐπιστάμενος
1136 3545 1270 3621 Παῦλος
1298 3547 1355 3610 καὶ
1381 3537 1517 3610 τούτων
1539 3545 1665 3609 πολλα·

362 3645 529 3710 πλασίονα
552 3634 621 3710 άπὸ
642 3634 749 3727 νόμου
771 3646 826 3710 καὶ
844 3646 1038 3728 προφητῶν
1060 3645 1123 3710 τοῦ
1145 3667 1182 3710 τε
1204 3635 1417 3728 εύαγγελικοῦ
1438 3637 1666 3728 πληρώματος

447 3827 463 3880 1
486 3825 586 3879 Μείίίι.
604 3827 646 3891 24,
663 3827 697 3880 20
715 3826 812 3894 (Mark.
830 3829 870 3890 13,
890 3828 940 3894 18).
958 3857 992 3865 -
1010 3826 1028 3882 2
1047 3824 1146 3880 Μείθι.
1163 3827 1187 3888 6,
1201 3827 1224 3880 7.
1242 3855 1275 3864 —
1294 3825 1313 3881 θ
1336 3825 1348 3878 Ι
1364 3825 1433 3878 Tim.
1446 3827 1470 3889 2,
1486 3825 1579 3880 8-10.
1597 3853 1630 3864 -
1647 3824 1667 3879 2

363 3909 463 3964 Μείίίι.
476 3914 499 3973 5,
512 3911 554 3965 23.
567 3911 607 3963 24.
620 3940 653 3950 -
666 3909 705 3965 14
723 3909 897 3980 νμεῖῖριιεε.
910 3913 963 3978 5,2
980 3908 1130 3980 (1120129,
1144 3909 1186 3964 18.
1209 3909 1272 3963 Ιιετ.
1286 3912 1311 3976 1,
1322 3911 1346 3966 9.
1361 3911 1401 3964 13.
1415 3912 1455 3964 17.
1478 3911 1501 3970 2,
1515 3910 1531 3963 2
1543 3927 1569 3963 u.
1582 3928 1602 3964 ε.
1615 3911 1666 3977 w.).

364 4024 396 4032 -
417 3995 454 4050 1ss
471 3995 558 4049 IKor.
578 3996 600 4056 7,
618 3997 642 4048 5.
660 4023 693 4032 -
711 3994 751 4049 24
770 3995 856 4048 Mark.
877 3998 918 4059 11,
936 3997 977 4050 25.
992 4023 1026 4034 -
1044 3993 1082 4050 25
1101 3995 1113 4048 Ι
1131 3994 1195 4048 Kor.
1214 3997 1254 4060 11,
1271 3998 1296 4050 4.
1315 3997 1338 4050 5.

449 4143 467 4200 2
485 4139 701 4215 βατολογῇσητε
718 4144 740 4197 Τ
755 4145 760 4214 Ι
775 4145 794 4200 5
811 4145 923 4219 κοσμίῳ
940 4145 973 4200 N.
982 4145 1012 4200 T.
1031 4143 1265 4214 01.Lond.Angl.
1284 4144 1339 4214 (bei
1350 4145 1410 4200 Del.
1422 4147 1436 4200 1
1448 4147 1528 4209 912²)
1541 4146 1669 4213 κοσμίως

362 4227 449 4283 TDel.
466 4229 470 4296 Ι
488 4229 526 4284 10
543 4231 673 4298 μνησθῇς
689 4228 721 4283 Ν.
733 4227 762 4282 Τ.
780 4229 1014 4299 01.L0nd.Angl.
1034 4229 1277 4298 (beiDel.1912=)
1295 4231 1432 4298 μνησθείς
1449 4231 1535 4286 TDel.
1551 4233 1556 4300 Ι
1573 4230 1609 4287 15
1628 4223 1669 4285 ἔτι

363 4313 486 4368 schreibe
508 4313 553 4366 ich
575 4313 627 4368 mit
648 4314 726 4368 Bent.
749 4331 775 4370 u.
793 4313 852 4368 Del.
871 4314 893 4383 ΙΙ
912 4316 962 4370 198
979 4318 1059 4370 Anm.
1078 4315 1115 4383 ο),
1137 4307 1197 4370 ἔστι
1214 4313 1343 4384 TAusgg.
1359 4316 1364 4384 Ι
1383 4321 1435 4372 τοῦ
1452 4309 1529 4372 καθὸ
1549 4315 1601 4385 δεῖ]
1621 4317 1665 4369 da·

363 4399 455 4453 hinter
481 4398 518 4453 ist
543 4398 620 4453 nicht
645 4399 696 4452 mit
718 4399 799 4467 Angl.
818 4403 851 4466 (a.
870 4417 895 4454 ο.
912 4399 952 4468 0.)
977 4391 1208 4470 (διδασκαλικὸν)
1228 4399 1293 4454 oder
1311 4395 1558 4472 (παραστατικδνΙ
1577 4401 1668 4455 einzu·

364 4483 457 4553 fflgen,
474 4483 592 4539 sondern
609 4487 722 4538 emtores
740 4501 788 4538 aus
808 4483 870 4537 dem
883 4484 1124 4554 vorhergehenden
1136 4483 1284 4540 Abschnitt
1296 4485 1378 4554 (oben
1390 4486 1416 4541 Ζ.
1429 4487 1455 4556 9)
1467 4503 1502 4540 τα
1514 4489 1648 4554 ετρθοτεο
1663 4490 1664 4502 ’

364 4569 405 4624 29
416 4563 602 4640 βραδύτερον]
614 4563 795 4640 βραχύτερον
804 4569 881 4623 Βεαί.
891 4569 946 4636 (bei
955 4569 1014 4624 Del.
1024 4571 1036 4624 1
1046 4568 1216 4636 198Anm.f)
1233 4569 1237 4636 Ι
1253 4569 1293 4624 29
1305 4565 1480 4640 κωλυούσης]
1489 4563 1670 4638 κολουούσης

365 4655 500 4708 vermutet
518 4653 594 4708 Bent.
614 4653 668 4720 (bei
680 4653 763 4708 DeLl
782 4655 832 4709 198
849 4657 929 4710 Anm.
946 4656 974 4724 g)
993 4655 1065 4710 ohne
1083 4655 1250 4722 Grund127
1271 4649 1369 4725 αὐτοῦ]
1389 4645 1479 4711 αῦτοῦ
1494 4655 1580 4708 Lond.
