3772 5526
368 500 409 564 68
916 493 1139 550 ιιιιιιιιισιε

368 661 433 726 καὶ
462 661 564 743 σφᾶς
593 651 744 738 αύτούς
766 673 852 738 ταις
873 656 1001 743 ἔρισιν
1022 661 1204 746 αισγιστα
1224 649 1520 740 διελεγχόντων
1542 647 1681 740 λεγόν·

370 783 454 826 των
485 752 549 826 τό
585 757 695 842 ,ἐμοὶ
730 753 876 846 κόσμος
911 754 1179 845 ἐσταύρωται,
1215 749 1321 841 κάγώ
1357 750 1523 840 x6opmpf‘
1572 756 1680 822 τοῦτο
1777 768 1794 786 ²

368 854 432 942 γὰρ
452 851 562 946 μόνον
584 849 652 926 άπὸ
680 861 744 926 τοῦ
765 853 903 926 Παύλου
924 859 1033 928 ἔοικεν
1054 845 1377 944 ἐμνημονευκέναιἰ
1358 880 1377 922 ο
1401 856 1541 933 Κέλσος·
1571 849 1625 922 διὰ
1646 859 1681 920 τί

369 953 432 1041 γὰρ
461 948 504 1025 ού
534 980 645 1042 φαμεν
672 961 729 1024 καί
758 949 844 1026 ἄλλα
872 963 973 1043 μυρία
994 963 1068 1028 τῶν
1089 946 1379 1076 γεγραμμένωνι
1349 980 1398 1034 ως
1420 947 1475 1022 τό·
1504 953 1561 1033 ,ἐν
1583 955 1680 1036 σαρκὶ

335 1053 432 1141 σγὰρ
459 1058 587 1140 ζῶντες
616 1049 658 1124 06
687 1054 775 1125 κατά
804 1052 911 1144 σάρκα
940 1053 1203 1173 στρατευόμεθα
1232 1054 1276 1123 τά
1301 1051 1364 1142 γὰρ
1388 1043 1478 1122 όπλα
1500 1055 1560 1137 τῆς
1582 1073 1681 1138 στρα-

370 1148 511 1235 τείαςε
490 1157 589 1242 ημῶν
618 1149 660 1224 06
690 1152 832 1242 σαρκικὰ
853 1150 940 1225 άλλά
962 1153 1090 1226 δυνατά
1111 1159 1162 1243 τῷ
1183 1159 1256 1242 θεῷ
1280 1149 1366 1239 πρός
1386 1157 1584 1237 καθαίρεσιν
1606 1143 1680 1236 όχυ-

370 1247 553 1339 ρωμάτων,
575 1253 752 1342 λογισμούς
773 1259 1021 1341 καθαιροῦντες
1041 1261 1098 1324 καὶ
1119 1259 1189 1324 πᾶν
1209 1245 1336 1339 ύφωμα
1354 1249 1578 1337 ἐπαιρόμενον
1593 1247 1679 1318 κατὰ

371 1357 432 1441 τῆς
454 1352 612 1441 γνωσεως
633 1359 696 1423 τού
716 1357 838 1436 θεοῦ“;

453 1488 547 1554 LXV.
582 1480 669 1555 Ἐπεί
691 1491 729 1554 δέ
749 1509 851 1574 φησιν
873 1479 928 1555 ὅτι
958 1483 1124 1555 πάντων
1153 1477 1317 1554 άκούσει
1346 1487 1431 1553 τοῖν
1456 1486 1519 1552 ἐπὶ
1542 1486 1681 1552 τοσοῦ-

322 1598 445 1653 1οτον
476 1581 753 1672 διεστηκότων
784 1581 991 1673 λεγόντων
1023 1583 1083 1656 τό·
1111 1587 1220 1672 ,ἐμοὶ
1246 1579 1394 1670 κόσμος
1416 1579 1680 1668 ἐσταύρωται.

371 1677 479 1770 κάγώ
509 1680 670 1772 κόσμῳβ
672 1691 757 1754 καί
788 1689 896 1755 τοῦτο
929 1689 1057 1806 ψεῦδος
1085 1687 1304 1771 διελέγξομεν.
1347 1683 1408 1751 είσί
1435 1680 1497 1770 γάρ
1523 1707 1612 1762 τινες
1634 1683 1681 1750 ‹6-

373 1780 538 1868 ρέσεις
500 1810 562 1864 τας
583 1781 724 1852 Παύλου
745 1783 924 1866 ἐπιστολάς
950 1789 1014 1854 τού
1037 1779 1234 1854 ἀποστόλου
1255 1779 1299 1870 μὴ
1321 1785 1545 1868 προσιέμεναι
1569 1774 1681 1864 ὥσπερ

371 1875 605 2004 Ἑβιωναῑοι’
585 1883 773 1970 αμφότεροι
794 1889 849 1952 καὶ
874 1883 907 1954 οί
927 1881 1129 1970 καλούμενοι
1144 1877 1370 1970 Ἑγκρατηταί.
1413 1873 1477 1949 ούκ
1498 1873 1542 1949 άν
1564 1905 1627 1947 ουν
1649 1879 1681 1946 σί

372 1979 417 2068 μὴ
439 2007 604 2069 χρωμενοι
634 1985 687 2068 τῷ
716 1977 898 2073 άποστόλῳ
929 2011 979 2065 ως
1008 1989 1161 2071 μακαρίῳ
1190 1986 1256 2050 τινὶ
1277 1986 1332 2050 καί
1355 2001 1453 2066 σοφρι
1477 1984 1606 2064 λέγοιεν
1628 1975 1681 2048 τό

322 2095 354 2148 15
373 2081 480 2165 ,ἐμοὶ
510 2077 658 2169 κόσμος
688 2079 956 2170 ἐσταύρωται,
986 2078 1093 2169 κάγιὺ
1125 2078 1294 2168 κόσμῳίί·
1339 2077 1476 2148 διὸκαὶ
1507 2075 1681 2148 ἐντουτω

290 2174 424 2268 13811
405 2207 424 2250 ο
448 2185 577 2262 Κέλσος
597 2178 764 2267 ψεύδεται.
801 2188 856 2251 καί
879 2186 1096 2268 ἐπιδιατρίβει
1119 2209 1154 2269 γε
1175 2205 1379 2268 κατηγορων
1400 2183 1461 2266 τῆς
1483 2181 1519 2248 ἐν
1541 2194 1613 2258 ταις
1635 2180 1682 2247 αἱ·

375 2284 481 2368 ρέσεσι
506 2285 682 2366 διαφορᾶς·
713 2274 755 2349 ού
779 2280 873 2350 πάνυ
899 2286 937 2351 δέ
961 2309 1018 2370 μοι
1038 2286 1131 2351 δοκεῖ
1151 2273 1384 2366 διαρθρούν“
1362 2305 1383 2345 α
1406 2283 1493 2365 λέγει
1516 2270 1628 2347 οὐδ”
1615 2303 1683 2346 επι-

373 2387 485 2468 μελῶς
507 2374 593 2448 αύτά
616 2385 866 2466 τεθεωρηκέναι
889 2375 967 2452 ούδὲ
988 2383 1289 2467 κατανενοηκέναι,
1319 2383 1394 2458 πῶς
1423 2386 1566 2446 πλεῖον
1593 2369 1682 2445 'Iov-

376 2485 503 2550 δαίων
533 2481 778 2546 ἐπίστασθαι
804 2480 1033 2565 λέγουσινι
1021 2477 1188 2559 εαυτούς
1210 2479 1248 2548 οἱ
1276 2479 1421 2558 ἐντοῖς
1443 2470 1579 2564 λόγοις
1602 2480 1683 2544 δια·

323 2585 357 2640 20
374 2572 589 2666 βεβηκότες
610 2583 863 2665 Χριστιανοὶ,
886 2584 942 2648 καὶ
964 2574 1132 2698 ,Ἁπότερον
1150 2593 1221 2657 τοῖς
1242 2581 1303 2664 μὲν
1324 2582 1463 2659 βιβλίοις
1485 2597 1683 2663 συγκατατι-

375 2683 512 2764 θέμενοι
538 2672 602 2746 τὸν
624 2681 659 2745 δε
682 2681 765 2748 νοῦν
787 2671 1081 2765 άντεξηγούμενυι,
1112 2705 1132 2766 η
1157 2673 1234 2747 ούδὲ
1264 2680 1585 2764 συγκατατιθέμενοι
1612 2691 1685 2755 τοῖς

375 2779 516 2846 ἐκείνων
538 2771 736 2865 γράμμασιν·
767 2773 907 2864 εκότερα
929 2775 1006 2894 γάρ.
1014 2770 1168 2865 ιύρυιμεν
1190 2770 1233 2846 άν
1255 2779 1292 2845 έν
1314 2793 1387 2855 ταις
1407 2777 1556 2862 αἱρέσεσι.

458 2889 542 2980 μετὰ
573 2888 682 2962 ταῦτά
713 2915 807 2981 φησι·
824 2887 934 2980 Ιφέρ’
963 2884 1048 2976 οὖν,
1080 2897 1113 2963 εί
1141 2899 1206 2963 καί
1235 2885 1475 2980 μηδεμίαν’
1455 2918 1580 2978 αρχην
1561 2895 1752 2960 ντοῦ629

376 2987 621 3080 δόγματος”
606 3015 773 3078 εγουσιν,
806 2986 931 3061 αύτὸν
956 2989 1209 3082 ἐξετάσωμεν
1232 2986 1461 3078 τὸνλόγον
1483 2985 1685 3076 πρότερον

325 3107 358 3161 2ο
377 3096 416 3162 δε
450 3083 521 3161 ὅσα
551 3086 856 3178 παρακηκυότες
886 3087 947 3161 ύπ
974 3088 1139 3180 άγνοίας
1169 3096 1492 3178 διαφθείρουσιν
1524 3085 1594 3159 ούκ
1624 3092 1684 3176 ἐμ-

376 3195 506 3278 μελῶς
547 3193 588 3259 ἐν
628 3185 766 3277 όρχαῑς
801 3187 923 3272 εύθύς
963 3185 1363 3278 άπαυθαδιαζύμενοι
1399 3193 1487 3276 περὶ
1525 3179 1580 3258 ὦν
1615 3183 1686 3257 ούκ

377 3293 498 3373 ίσασι,
526 3293 708 3359 λεκτέον·
737 3290 821 3358 ἔστι
852 3295 892 3359 δὲ
924 3287 1024 3361 τάδε.
1061 3297 1116 3360 καί
1139 3286 1397 3374 εύθέωςλέξεσί
1420 3311 1495 3370 τισι,
1519 3305 1591 3370 τοῖς
1614 3311 1686 3357 πισ-

378 3387 512 3460 τεύουσι
538 3395 593 3478 τῷ
614 3393 874 3476 Χριστιανῶν
899 3385 1004 3478 λόγῳ
1027 3397 1175 3478 συνεχῶς
1201 3384 1478 3476 ὀνομαζομέναις,
1502 3383 1686 3474 άντιπαρα-

378 3493 513 3576 τίθησιν
536 3483 604 3558 άπὸ
627 3495 700 3558 τῶν
723 3485 937 3575 φιλοσόφων.
960 3485 1165 3576 βουλόμενος
1187 3487 1229 3559 τά
1251 3486 1337 3558 καλά
1361 3495 1434 3558 τῶν
1457 3492 1687 3576 νομιζομένων

327 3603 361 3658 30
380 3591 500 3676 Κέλσῳ
521 3585 614 3673 παρὰ
638 3593 902 3674 Κριστιανοῑς
929 3593 1116 3677 λέγεσθαι
1142 3595 1205 3660 καὶ
1228 3593 1391 3671 βέλτιον
1412 3593 1475 3657 καὶ
1498 3582 1688 3673 τρανότε-

380 3715 451 3774 ρον
471 3688 658 3774 είρῆσθαι
672 3685 765 3773 παρὰ
781 3705 852 3768 τοῖς
865 3694 1121 3773 φιλοσοφοῦσιν,
1139 3692 1192 3758 ίνα
1208 3683 1395 3775 περισπάσῃ
1410 3689 1465 3756 έπὶ
1481 3690 1688 3772 φιλοσοφίαν

380 3784 460 3867 τούς
475 3781 715 3872 ἁλισκομένους
730 3783 797 3856 ύπὸ
814 3794 886 3857 τῶν
903 3783 1055 3858 αύτόθεν
1071 3784 1311 3875 ἐμφαινόντων
1328 3783 1508 3876 δογμάτων
1523 3784 1564 3855 τὸ
1581 3783 1688 3856 καλὸν

449 4013 466 4067 2
489 4012 550 4066 Gal.
568 4013 592 4079 6,
612 4015 652 4067 14.
671 4043 704 4053 -
721 4013 740 4068 4
758 4015 783 4066 ll
802 4015 864 4068 Kor.
885 4016 924 4078 10,
943 4015 1017 4068 3—5.
1036 4043 1069 4053 -
1089 4014 1128 4068 1⁰
1145 4013 1203 4067 Gal.
1222 4015 1246 4078 6,
1266 4018 1307 4068 14.
1324 4043 1358 4053 -
1378 4014 1415 4069 13
1434 4012 1497 4082 Vgl.
1515 4012 1586 4068 oben
1604 4013 1629 4065 V
1647 4013 1688 4080 61,

381 4097 406 4152 S.
425 4097 458 4152 65
477 4097 502 4151 Z.
522 4099 546 4151 7.
569 4127 602 4137 -
632 4097 695 4166 vg1.
715 4097 861 4166 Eusebius,
885 4098 955 4153 Ηίεί.
973 4097 1038 4152 eccl.
1057 4097 1095 4150 IV
1113 4099 1158 4160 29,
1177 4101 1193 4154 5
1217 4115 1242 4153 u.
1262 4101 1293 4152 A.
1313 4098 1484 4168 Hilgenfeld,
1507 4097 1557 4151 Die
1581 4096 1689 4152 Ketzer-

382 4183 472 4251 gesch.
490 4181 538 4235 des
556 4179 687 4236 Urchrist.
705 4181 729 4235 S.
749 4186 807 4238 544.
825 4213 859 4224 -
878 4183 917 4240 16
936 4183 996 4237 Gal.
1015 4184 1039 4248 6,
1058 4185 1098 4236 14.

471 4391 487 4446 1
509 4382 584 4460 σφάς
601 4389 693 4444 ADel.
712 4395 718 4455 Ι
738 4391 756 4445 2
773 4385 807 4444 τὸ
825 4391 998 4460 iibergeschr.
1017 4393 1053 4444 Αι
1074 4391 1077 4456 Ι
1099 4407 1146 4443 vor
1162 4385 1265 4464 κόσμῳ
1283 4399 1314 4454 -Ι-
1332 4397 1374 4465 τῴ
1392 4392 1529 4461 MAusggI
1553 4393 1557 4459 Ι
1580 4392 1597 4446 8
1615 4384 1691 4446 ἔοικε

383 4473 646 4543 μεμνημονευκέναι
664 4475 801 4544 MAungg.
823 4477 826 4542 Ι
846 4477 863 4532 θ
881 4470 999 4531 αἰιοάσει
1019 4480 1043 4530 Α
1060 4469 1172 4543 α’κούση
1191 4475 1326 4543 MAusgg.
1347 4477 1351 4542 Ι
1372 4476 1409 4532 11
1424 4494 1450 4530 ιι.
1465 4477 1503 4533 15
1523 4491 1572 4530 vor
1589 4470 1691 4548 κόσμῳ

386 4565 418 4622 -Ι-
430 4564 470 4631 τῴ
489 4559 625 4628 MAusgg.
642 4561 646 4627 Ι
667 4559 706 4616 16
725 4555 862 4629 αἱρέσεσι]
882 4557 911 4616 αί
928 4559 1100 4629 fibergeschr.
1120 4562 1156 4612 Αι
1176 4561 1180 4626 Ι
1203 4558 1242 4614 24
1260 4555 1440 4628 ἐξετάσωμεν
1456 4559 1536 4614 ΑΗθ.
1555 4557 1691 4627 ἐξετάζοι-

384 4660 438 4710 μεν
455 4643 565 4711 Sp.Del.
582 4647 586 4712 Ι
602 4644 642 4698 26
661 4636 959 4713 άπαιθαδειαζόμενσι
977 4651 1008 4701 Α.
