3780 5538
598 505 691 558 ΠΕΡΙ
708 503 842 557 ΕΥΧΗΣ
862 501 893 574 2,
910 503 935 558 θ.
959 501 989 574 θ,
1008 504 1031 555 1.
1049 501 1073 556 2.
1091 503 1115 556 3.
1133 503 1157 554 4.
1469 503 1528 566 305

228 681 318 760 ηθες,
342 674 604 758 παρατηρητέον
625 675 680 738 καὶ
702 664 743 737 τό
765 666 840 755 ἑξῆς
861 659 974 748 οῦτσις
995 665 1085 752 ἔχον·
1108 665 1200 747 ,εἶπε
1222 668 1258 736 δέ
1273 669 1422 752 Μωῦσῆς
1443 662 1529 752 πρὸς

231 769 367 858 Φαραοό·
398 765 494 856 τάξαι
521 764 606 856 πρός
631 795 684 855 με,
711 763 797 838 πότε
823 759 959 854 εὔξομαι
981 768 1057 852 περὶ
1079 769 1139 834 σοῦ
1160 769 1216 834 καί
1237 770 1314 852 περὶ
1335 771 1408 834 τῶν
1431 775 1530 853 θερα·

228 867 369 942 πόντων
399 892 460 939 σου
493 875 548 937 καὶ
580 872 643 938 τοῦ
672 871 757 938 λαοῦ
787 889 856 948 σου,
884 860 1042 952 ἀφανίσαι
1069 863 1149 946 τοῦς
1169 860 1357 950 βατράχους
1379 859 1447 934 ἀπὸ
1469 869 1530 934 σοῦ

227 976 280 1040 καὶ
303 966 371 1041 ἀπὸ
393 973 456 1040 τοῦ
478 973 562 1038 λαοῦ
584 989 646 1037 σου
665 974 721 1036 καί
742 969 780 1036 ἐκ
801 972 875 1036 τῶν
894 966 1013 1034 οἰκιιῦν
1030 959 1139 1050 ῦμοῦν·
1159 961 1251 1052 πλὴν
1265 967 1302 1034 ἐν
1317 971 1368 1053 τῷ
1383 971 1529 1052 ποταμῷ

193 1087 209 1139 5
226 1065 571 1158 ῦπολειφθὴσονται.“

311 1178 338 1240 3.
370 1165 649 1257 παρετηρήσαμεν
670 1172 705 1237 δὲ
728 1159 782 1238 ότι
805 1167 859 1234 ἐπὶ
874 1181 948 1243 ταῖς
963 1169 1088 1249 σκνιψὶ,
1111 1169 1153 1250 τῇ
1168 1168 1267 1250 τρίτη
1282 1160 1426 1252 μάστιγι,
1449 1159 1530 1234 οῦτε

229 1269 355 1356 Φαραώ
385 1263 483 1356 εῦχὴν
512 1273 667 1355 γενέσθαι
688 1261 778 1352 ἀξιοῖ
798 1258 879 1334 οῦτε
902 1267 1052 1351 Μωῦσῆς
1073 1254 1213 1350 εῦχεται.
1254 1268 1310 1332 καὶ
1332 1265 1387 1334 ἐπὶ
1410 1269 1452 1350 τῇ
1473 1290 1531 1334 xv-

227 1373 348 1458 νομυίᾳ
370 1371 420 1450 δέ,
444 1360 528 1452 οῦση
559 1362 720 1452 τετάρτη,
744 1369 842 1452 λέγει·
872 1359 1038 1447 ,εὔξασθε
1069 1351 1131 1430 οῦν
1161 1367 1237 1449 περὶ
1263 1366 1344 1451 ἐμοῦ
1369 1359 1455 1449 πρὸς
1476 1361 1531 1433 κῦ-

227 1482 331 1556 ριον,“
361 1459 420 1536 ὅτε
454 1471 510 1534 καὶ
545 1467 617 1536 εἰπε
651 1469 799 1552 Μυοῦσῆς
834 1457 887 1533 ότι
923 1462 1010 1549 ,ἐγώ
1041 1459 1249 1550 ἐξελεύσομαι
1284 1458 1353 1532 ἀπὸ
1383 1467 1444 1532 σοῦ
1476 1471 1531 1534 καὶ

176 1583 209 1636 10
227 1561 365 1652 εὔξομαι
387 1560 472 1652 πρὸς
494 1561 558 1635 τὸν
579 1561 671 1648 θεὸν,
694 1570 750 1633 καὶ
771 1559 990 1633 ἀπελεύσεται
1011 1556 1032 1650 ἡ
1054 1555 1219 1648 κυνόμυια
1240 1555 1309 1632 ὀπὸ
1327 1563 1453 1650 Φαραὼ
1476 1571 1531 1632 καὶ

228 1672 301 1736 τοῦν
336 1659 567 1752 θεραπόντων
602 1660 707 1734 αῦτσῦ
741 1669 796 1732 καὶ
832 1666 895 1733 τοῦ
930 1666 1015 1732 λαοῦ
1045 1656 1152 1731 αῦτσῦ
1183 1654 1339 1748 αῦριονίί·
1373 1668 1428 1731 καί
1459 1658 1530 1751 μετ’

228 1759 338 1851 ὀλίγα·
360 1766 502 1850 ,ἐξῆλθε
523 1767 559 1832 δὲ
582 1767 730 1851 Μαῦσῆς
756 1758 824 1832 ἀπὸ
850 1761 974 1848 Φαραὼ
996 1768 1052 1830 καὶ
1074 1755 1202 1849 ηῦξατο
1223 1757 1311 1849 πρὸς
1333 1758 1397 1831 τὸν
1418 1758 1529 1833 θεόν.“

227 1861 332 1934 πάλιν
362 1867 397 1932 δὲ
425 1865 480 1932 ἐπὶ
506 1867 567 1950 τῆς
597 1867 751 1949 πέμπτης
776 1867 832 1932 καὶ
864 1861 962 1948 ἕκτης
987 1856 1147 1949 μάστιγος
1173 1854 1255 1930 οῦτε
1283 1861 1408 1948 Φαραιῦ
1435 1857 1532 1947 vigeo}-

228 1985 352 2044 σαντος
379 1956 478 2050 εῦχὴν
505 1965 660 2048 γενέσθαι
688 1955 767 2032 οὔτε
795 1965 968 2042 Μοιῦσέως
999 1955 1193 2045 εὐξαμένου,
1224 1960 1280 2029 ἐπὶ
1306 1964 1368 2048 τῆς
1393 1957 1532 2050 ἑβδόμης

179 2080 210 2132 15
227 2057 450 2145 ,ὀπσστείλας
483 2060 608 2148 Φαραὼ
637 2057 771 2132 ἐκάλεσε
792 2065 937 2132 Μωῦσέα
966 2065 1021 2129 καί
1048 2056 1176 2144 Ἀαρών
1202 2064 1257 2128 καὶ
1284 2059 1377 2128 εἶπεν
1404 2057 1531 2144 αῦτοῑς·

229 2155 405 2250 ἡμάρτηκα
431 2157 472 2231 τὸ
499 2165 574 2230 νῦν·
603 2153 623 2230 δ
644 2158 758 2249 κύριος
785 2164 925 2242 δίκαιος,
952 2159 1018 2248 ἐγώ
1041 2163 1153 2228 δὲκαὶ
1176 2153 1195 2230 ό
1217 2155 1298 2240 λαός
1319 2185 1385 2246 μου
1405 2157 1531 2251 ἀσεβής.

230 2254 372 2344 εὔξασθε
391 2248 455 2328 οῦν
476 2257 563 2346 πρὸς
584 2257 710 2346 κύριον,
731 2265 786 2330 καὶ
808 2254 997 2330 παυσάσθω
1019 2263 1081 2328 τοῦ
1103 2263 1288 2346 γενηθῆναι
1310 2257 1429 2345 φωνὰς
1446 2267 1533 2330 θεοῦ

177 2372 210 2426 3ν
228 2364 282 2428 καὶ
307 2353 457 2444 χάλαζαν
483 2365 538 2428 καὶ
563 2364 664 2445 πῦρίί·
691 2365 746 2428 καὶ
773 2353 843 2446 μετ’
867 2352 976 2446 ὀλίγα·
998 2360 1142 2446 ,ἐξῆλθε
1168 2361 1318 2446 Μιαῦσῆς
1341 2367 1345 2442 Ι
1369 2355 1438 2430 ἀπὸ
1467 2368 1531 2430 Φα-

229 2457 301 2546 ραώ
326 2469 330 2539 Ι
359 2455 456 2538 ἐκτός
487 2462 548 2545 τῆς
578 2453 713 2540 πόλεως
742 2463 798 2528 καὶ
829 2462 1004 2543 ἐξεπέτασε
1042 2454 1104 2539 τὰς
1137 2475 1247 2544 χεῖρας
1282 2457 1369 2545 πρὸς
1403 2455 1531 2548 κόριον,
1553 2469 1604 2523 202

177 2563 211 2619 20
229 2564 285 2626 καὶ
312 2559 346 2626 αἱ
372 2563 486 2642 φωναί
511 2555 733 2628 ἐπαῦσαντο.“
775 2555 830 2628 διὰ
858 2564 891 2627 τί
918 2561 953 2626 δέ
979 2551 1040 2626 οῦκ
1064 2558 1195 2644 είρηται
1215 2563 1293 2642 ,μιαί
1313 2552 1462 2646 ηῦξατο“
1485 2554 1533 2640 υός

230 2660 284 2728 ἐπὶ
312 2662 386 2726 τῶν
411 2661 590 2744 προτέρων
616 2652 690 2727 ἀλλ’
711 2660 909 2742 ,ἐξεπέτασα
935 2655 996 2737 τὰς
1017 2673 1127 2743 χεῖρας
1148 2652 1234 2744 πρὸς
1254 2654 1406 2745 κῦριον,“
1428 2654 1533 2730 εῦκαι-

231 2752 374 2845 ρότερον
396 2759 433 2826 ἐν
454 2750 571 2838 ἄλλοις
593 2760 796 2842 ἐξεταστέον.
825 2762 880 2827 καὶ
903 2759 957 2826 ἐπὶ
980 2760 1040 2844 τῆς
1063 2749 1186 2843 ὀγδόης
1205 2760 1240 2825 δέ
1255 2753 1415 2845 μάστιγός
1430 2783 1534 2846 φησιν

231 2850 250 2928 ό
275 2855 413 2943 Φαραώ·
442 2861 517 2940 ,μοὶ
544 2855 776 2942 προσεῦξασθε
797 2853 884 2944 πρὸς
905 2852 1022 2944 κόριον
1045 2851 1109 2926 τὸν
1131 2852 1216 2924 θεὸν
1237 2851 1343 2944 ῦμῶν,
1365 2861 1421 2926 καί
1443 2883 1533 2942 περι-

232 2960 336 3026 ελέτω
360 2949 417 3025 ἄπ’
440 2959 521 3043 ἐμοῦ
543 2953 606 3025 τὸν
632 2952 789 3026 θάνατον
815 2960 952 3024 τοῦτον.
995 2959 1117 3042 ἐξῆλθε
1144 2958 1178 3022 δέ
1201 2959 1351 3042 Μωῦσῆς
1372 2950 1440 3026 οἷπό
1466 2963 1533 3026 Φα-

179 3073 212 3126 25
230 3055 302 3144 ραώ
324 3067 378 3123 καὶ
401 3048 528 3142 ηῦξατο
549 3052 636 3140 πρὸς
658 3052 721 3125 τὸν
744 3065 856 3125 θεον.“

313 3167 341 3223 4.
369 3159 544 3240 πολλαχοῦ
565 3157 600 3222 δέ
623 3157 761 3242 εἴπομεν
784 3150 824 3223 τὸ
848 3146 954 3240 ὄνομα
975 3157 1036 3240 τῆς
1058 3148 1153 3241 εῦχῆς
1171 3150 1215 3241 μὴ
1231 3151 1318 3223 κατὰ
1334 3151 1375 3224 τὸ
1390 3151 1535 3242 σύνηθες

230 3249 394 3340 τετάχθαι
425 3245 539 3340 ὥσπερ
570 3257 624 3323 ἐπὶ
654 3259 718 3324 τοῦ
743 3249 869 3336 Ἰακώβ·
899 3248 984 3323 ἀλλὰ
1015 3257 1071 3322 καί
1102 3256 1139 3322 ἐν
1166 3259 1346 3342 Λευῖτικῷ·
1374 3250 1532 3342 ,,έλόλησε

229 3351 345 3442 κύριος
370 3349 456 3440 πρὸς
478 3357 624 3422 Μωῦσέα
654 3357 777 3440 λέγων·
807 3348 958 3439 λάλησον
988 3369 1060 3433 τοῖς
1090 3355 1174 3433 υἱοῖς
1199 3347 1341 3441 Ἰσραὴλ,
1368 3360 1425 3422 καὶ
1451 3356 1535 3442 ἐρεῖς

231 3451 317 3540 πρὸς
343 3447 478 3534 αῦτσῦς·
506 3446 544 3533 ῦς
570 3449 661 3540 <ἐάν>
689 3447 826 3540 εὔξηται
853 3447 951 3538 εῦχὴν
978 3443 1067 3521 οῦστε
1093 3449 1194 3541 τιμὴν
1216 3458 1277 3541 τῆς
1299 3457 1406 3542 ψυχῆς
1429 3447 1535 3522 αῦτσῦ

179 3566 214 3621 30
232 3559 281 3641 τῷ
309 3558 429 3641 κυρίῳ,
457 3551 549 3621 ἔσται
575 3546 596 3639 ἡ
623 3549 701 3639 τιμὴ
728 3556 791 3620 τοῦ
819 3545 970 3638 όῤῥενος,
992 3545 1061 3620 ἀπὸ
1084 3552 1295 3633 είκοσαετοῦς
1318 3553 1382 3635 ἕως
1404 3551 1535 3641 ἐξηκον-
1651 3617 1653 3624 ,

232 3657 373 3732 ταετοῦς
409 3654 501 3720 ἔσται
536 3646 642 3721 αῦτσῦ
678 3646 698 3738 ἦ
735 3649 812 3739 τιμὴ
844 3645 1062 3738 πεντήκοντα
1093 3654 1254 3740 δίδραχμα
1290 3647 1452 3740 ἀργυρίου
1483 3659 1534 3741 τῷ

316 3840 332 3894 1
354 3836 440 3892 εισι.
458 3837 483 3902 ε,
501 3840 525 3894 ο.
543 3867 576 3878 -
595 3839 614 3894 ο
634 3836 696 3907 vgl.
709 3837 795 3894 υιοι.
812 3839 838 3904 ε,
857 3840 897 3893 17.
916 3839 956 3894 18.
974 3867 1008 3877 -
1029 3838 1043 3893 τ
1067 3835 1126 3906 vgl.
1138 3835 1225 3892 Exod.
1237 3837 1262 3905 8,
1275 3838 1343 3892 21ff.
1360 3867 1394 3876 -
1412 3837 1430 3894 ε
1449 3837 1535 3892 εισι.
1575 3821 1580 3832 ’

231 3923 256 3989 8,
274 3923 316 3978 28.
333 3953 366 3961 -
385 3923 404 3979 ο
422 3921 509 3976 ειοε.
527 3924 556 3986 ε,
575 3923 616 3978 29.
634 3953 667 3962 -
687 3923 724 3978 ιε
743 3921 830 3977 υιοε.
848 3923 877 3990 ε,
896 3925 936 3980 3ο.
954 3953 988 3964 -
1006 3923 1043 3980 ιε
1065 3921 1151 3976 ειοε.
1170 3923 1198 3986 ο,
1217 3923 1257 3976 ει.
1276 3923 1318 3978 τε.
1336 3951 1370 3961 -
1389 3921 1426 3977 ιε
1449 3921 1535 3976 ειοε.

232 4009 257 4074 9,
275 4009 316 4062 33.
335 4035 369 4046 -
386 4006 426 4062 28
444 4006 531 4062 Exod.
550 4008 590 4068 10.
610 4009 650 4062 17.
669 4009 710 4064 18.
728 4038 761 4048 -
779 4007 819 4064 26
837 4008 900 4078 vgl.
918 4008 990 4063 oben
1007 4007 1032 4062 S.
1051 4009 1101 4064 304
1119 4007 1146 4064 Z.
1164 4010 1204 4064 17.
1222 4037 1255 4047 -
1274 4007 1311 4064 27
1332 4007 1536 4075 Lev.27‚1-3.

316 4166 333 4221 2
354 4163 427 4222 πστέ
444 4166 584 4222 01.Lond.
604 4173 609 4235 Ι
629 4167 648 4222 6
671 4158 716 4224 ότι
733 4177 766 4227 <
784 4167 922 4222 wamel.
942 4169 946 4235 Ι
966 4169 985 4222 θ
1008 4157 1062 4237 ῦτιΙ
1086 4157 1101 4222 ό
1121 4164 1151 4222 δέ
1167 4165 1286 4220 schreibt
1303 4166 1385 4237 Angl.
1404 4167 1459 4235 (bei
1477 4167 1536 4222 Del.

233 4253 244 4304 Ι
262 4251 342 4319 9121))
361 4252 433 4306 ohne
451 4249 546 4306 Grund
561 4254 566 4321 Ι
583 4251 621 4307 14
638 4250 822 4319 μωυσέοςΤΙ
839 4252 877 4308 15
894 4256 1013 4320 μιυυσῆν
1028 4251 1158 4320 TAusgg.
1174 4252 1179 4320 Ι
1196 4251 1234 4306 16
1253 4245 1536 4320 αίσεβὴςΤΟτὼουδ.

232 4329 343 4406 ἀσεβεῖς
360 4336 420 4391 Del.
441 4335 512 4390 nach
531 4335 557 4390 d.
575 4337 660 4402 LXX;
679 4336 750 4390 doch
766 4335 822 4406 vgl.
840 4341 925 4390 unten
944 4336 1008 4406 Gap.
1026 4335 1116 4390 XXIX
1133 4352 1222 4404 gagen
1239 4333 1317 4390 Ende
1332 4339 1336 4404 Ι
1352 4337 1391 4392 26
1409 4329 1536 4406 είπομενΙ

233 4415 346 4488 εἴδομεν
363 4421 429 4475 oder
445 4411 569 4491 εῦρομεν
587 4421 707 4476 schreibt
724 4421 803 4476 Bent.
822 4421 876 4490 (bei
893 4421 952 4476 Del.
970 4423 983 4474 Ι
1000 4421 1050 4476 202
1068 4423 1147 4475 Anm.
1160 4421 1185 4488 1)
1203 4421 1275 4475 ohne
1292 4419 1396 4490 Grund,
1414 4421 1451 4476 da
1467 4425 1536 4477 πολ-

233 4507 324 4574 λαχοῦ
341 4523 375 4559 ια
392 4502 531 4575 τετάχθαι
549 4507 647 4575 gehbrt
662 4507 666 4574 Ι
682 4506 721 4562 28
738 4512 841 4576 μυσῆν
857 4505 880 4558 Τ
898 4505 1027 4575 Μωῦοῆν
1044 4508 1146 4574 Ausgg.
1162 4507 1166 4574 Ι
1182 4506 1221 4561 2θ
1241 4498 1321 4574 (ἐὰν)
1340 4506 1404 4576 fflge
1421 4507 1466 4561 ich
1484 4508 1537 4572 ein,

234 4589 289 4658 vgl.
308 4607 330 4644 ι.
350 4590 380 4643 Β.
399 4593 484 4644 unten
502 4589 527 4644 S.
545 4591 596 4646 306
613 4589 640 4644 Z.
658 4592 681 4654 3,
701 4590 737 4644 δα
754 4589 884 4660 Origenes
900 4591 972 4644 nach
989 4590 1011 4643 Τ
1028 4590 1088 4644 hier
1105 4589 1179 4644 diese
1197 4589 1278 4644 Form
1296 4584 1454 4651 ans1a110't'v
1472 4595 1538 4662 (was

233 4672 382 4803 Benghbei
400 4673 457 4730 Del.
476 4675 488 4727 I
506 4676 556 4731 202
573 4677 652 4728 Anm.
671 4675 697 4738 b,
716 4675 846 4744 einfiigen
864 4675 931 4743 will)
950 4673 1137 4730 anzuwenden
1154 4675 1238 4745 pflegt
1252 4677 1256 4744 Ι
1272 4668 1363 4747 τιμὴν]
1381 4671 1448 4749 τιμὴ
1465 4678 1494 4732 Τ.

333 4769 406 4813 genes
420 4759 450 4804 11.
1302 4762 1336 4817 20
