3780 5532
659 458 759 512 ποτε
785 457 944 512 Amor
966 457 1042 516 vm
1062 459 1104 512 47.
1121 458 1163 512 ιε
1180 457 1222 512 49.
1412 529 1415 536 ,
1522 463 1582 526 263

274 619 310 689 οἰ
338 625 426 688 τῶν
451 620 571 706 ἱερῶν
597 623 764 692 ἐκείνων
788 623 976 710 ἐξηγηταὶ
1002 627 1189 692 τελεοταί
1211 646 1254 691 τε
1274 624 1338 689 καί
1357 621 1362 708 Ι
1381 639 1583 711 μυσταγω-

273 723 348 805 γοί·
379 711 423 800 ἀς
444 717 489 789 οῦ
509 725 578 805 μὲν
600 739 686 804 τοῖς
708 714 847 801 ἀλλοις
869 715 1062 804 ἀπειλεῖς,
1086 724 1235 790 ἐκεῖνοι
1258 724 1298 790 δὲ
1319 724 1388 789 σοί.
1429 714 1582 808 πότερα

274 815 345 906 γάρ
382 815 520 889 αὐτῶν
550 816 799 909 ἀληθέστερα
832 813 852 910 ἢ
883 824 1212 908 ἐπικρατέστερα,
1248 820 1377 903 ἔξεστι
1406 836 1580 889 σκοπεῖν.

273 913 380 1007 λόγῳ
411 924 481 1007 μὲν
511 918 582 1010 γάρ
613 925 652 1006 ἐξ
679 925 767 990 ίσου
791 927 881 1007 περὶ
903 925 987 990 τῶν
1009 926 1215 1007 σφετέρων
1239 926 1372 1006 σφίσιν
1396 914 1579 1006 ἑκάτεροι

237 1021 592 1102 οδιαβεβαιοῦσθε·
629 1027 856 1109 τεκμηρίων
893 1027 933 1090 δὲ
970 1023 1002 1090 εἰ
1039 1023 1137 1103 δέοι,
1174 1017 1307 1090 πολλὰ
1337 1021 1486 1088 ἐκεῖνοι
1514 1023 1577 1087 καὶ

271 1120 422 1207 ἐναργῆ
453 1117 707 1190 δεικνύουσιν
739 1121 830 1209 έργα
861 1147 904 1191 τε
945 1123 1170 1208 δαιμονίων
1209 1124 1333 1189 τινῶν
1371 1113 1577 1205 δυνάμεων

269 1224 336 1287 καὶ
371 1225 624 1308 χρηστηρίων
659 1227 724 1289 καὶ
760 1224 800 1290 ἐκ
835 1225 1114 1291 παντοδαπῶν
1149 1224 1351 1307 μαντείων
1386 1223 1576 1304 προκομί-

271 1326 416 1402 ζοντες

355 1413 481 1488 ούκοῦν
503 1416 557 1488 διὰ
579 1417 719 1488 τούτων
739 1417 801 1501 τάς
823 1422 1012 1502 αἰωνίους
1033 1415 1219 1499 κολάσεις
1241 1412 1292 1487 ἐπ’
1316 1421 1399 1505 ἰσης
1420 1413 1578 1500 βούλεται

218 1529 252 1583 10
268 1521 325 1585 καί
347 1511 434 1605 ἡμᾶς
456 1522 641 1606 λέγεινκαὶ
664 1517 745 1600 τοῦς
772 1517 965 1601 τελεστάς
986 1526 1042 1590 καὶ
1064 1514 1240 1604 ἐξετάζειν,
1264 1511 1425 1603 ὁπότεροι
1446 1522 1577 1603 μᾶλλον

271 1609 503 1704 ἀληθεύουσιν.
552 1621 676 1705 εἰποιμι
711 1612 744 1685 δ’
771 1611 814 1689 ἀν
845 1615 1026 1708 ἀληθεύειν
1058 1617 1140 1700 τοῦς
1171 1621 1381 1704 δυνηθέντας
1396 1621 1577 1686 ’διαθεῖναι

270 1713 352 1796 τοῦς
383 1710 553 1802 ἀκροατάς
583 1723 656 1786 τιῦν
686 1721 880 1804 λεγομένων
902 1711 1015 1800 οῦτως
1038 1724 1212 1801 βιοῦντας,
1235 1713 1283 1799 εἰς
1305 1713 1442 1786 τούτων
1464 1707 1576 1799 οῦτως

269 1809 431 1900 ἐχόντων.
475 1820 686 1886 διατίθενται
711 1810 865 1887 Ἰουδαῖοι
890 1824 944 1886 καί
968 1823 1168 1906 Χριστιανοὶ
1182 1819 1270 1902 Ιπερί
1296 1821 1359 1885 τοῦ
1380 1810 1436 1885 ἀπ’
1458 1811 1576 1886 αὐτῶν

268 1919 480 2001 καλουμένου
499 1919 685 2000 μέλλοντος
706 1920 832 2000 αἰῶνος
853 1923 908 1987 καί
930 1924 1004 1989 τῶν
1026 1921 1063 1987 ἐν
1084 1912 1180 2003 αύτῷ
1203 1920 1312 2005 γερῶν
1333 1921 1394 2003 μέν
1417 1918 1471 1985 ἐπὶ
1494 1914 1574 1998 τούς

218 2025 250 2077 15
269 2017 418 2095 δικαίους
447 2010 653 2084 κολάσεων
683 2019 718 2084 δὲ
750 2019 805 2086 ἐπὶ
835 2017 917 2098 τούς
952 2011 1185 2106 ἀμαρτωλούς.
1228 2012 1393 2085 δεικνύτω
1425 2006 1489 2086 οῦν
1518 2021 1573 2084 καί

268 2117 397 2194 Κέλσος
419 2105 440 2200 ἢ
462 2106 481 2182 ὁ
502 2110 716 2203 βουλόμενος,
739 2120 829 2198 τίνες
849 2120 1052 2204 διετέθησαν
1066 2122 1145 2203 περὶ
1167 2116 1345 2184 αἰωνίων
1367 2110 1573 2185 κολάσεων

265 2205 334 2280 ῦπὸ
366 2216 441 2280 των
469 2221 671 2285 τελεοτῶν
701 2221 766 2284 καί
795 2221 1077 2305 μυσταγωγῶν.
1119 2210 1207 2296 εἰκὸς
1238 2209 1300 2301 γάρ
1331 2216 1400 2283 ἐστι
1430 2211 1472 2284 τὸ
1498 2212 1572 2298 βού-

265 2321 354 2399 λημα
387 2317 450 2381 τοῦ
477 2310 609 2401 πατρὸς
638 2318 713 2383 τῶν
742 2321 935 2403 λεγομένων
965 2314 1051 2385 εἰναι
1080 2309 1122 2384 ού
1149 2311 1190 2384 τὸ
1217 2308 1443 2399 ἀφοσιοῦσθαι
1464 2310 1572 2401 μόνον

264 2417 320 2480 καί
347 2415 453 2483 εἰπεῖν
475 2419 550 2502 περὶ
575 2410 782 2484 κολάσεων
810 2410 897 2486 ἀλλὰ
922 2412 963 2485 τὸ
985 2418 1151 2484 διαθεῖναι
1174 2411 1253 2494 τοῦς
1274 2408 1464 2495 ἀκούοντας
1485 2411 1572 2500 πρὸς

212 2528 247 2584 20
264 2507 306 2580 τὸ
338 2503 400 2601 ῦση
432 2511 571 2602 δύναμις
602 2509 819 2600 φυλάξασθαι
850 2513 893 2585 τά
924 2520 999 2585 τῶν
1025 2509 1234 2583 κολάσεων
1259 2516 1350 2583 αἰτια
1372 2508 1498 2595 αύτούς
1520 2517 1569 2599 ἐρ·

263 2607 438 2697 χάσασθαι.
481 2608 567 2684 ἀλλά
593 2619 648 2683 καὶ
674 2615 708 2682 αἰ
734 2631 938 2703 προφητεῖαι
967 2632 1040 2696 τοῖς
1068 2613 1112 2704 μὴ
1135 2618 1310 2702 παρέργως
1332 2608 1571 2700 ἐντυγχάνουσι

262 2717 307 2798 τῇ
328 2715 365 2781 ἐν
386 2709 504 2794 αύταῖς
524 2713 716 2802 προγνώσει
737 2713 849 2784 ἰκαναί
870 2741 927 2800 μοι
949 2714 1034 2783 εἰναι
1057 2718 1196 2784 δοκοῦσι
1217 2711 1303 2800 πρὸς
1323 2709 1364 2782 τὸ
1379 2729 1490 2782 πεῖσαι
1507 2709 1571 2782 τὸν

263 2816 415 2894 συνετῶς
445 2805 511 2901 ἅμα
540 2820 597 2883 καὶ
627 2809 850 2902 εῦγνωμόνως
879 2809 1161 2902 ἀναγινώσκοντα
1188 2805 1243 2884 ὅτι
1269 2817 1355 2883 θεοῦ
1376 2817 1506 2901 πνεῦμα
1527 2802 1569 2880 ἰν

263 2913 300 2979 ἐν
321 2929 393 2993 τοῖς
415 2907 575 3001 ἀνδράσιν
589 2917 741 2996 ἐκείνοις·
765 2913 817 2996 αἰς
832 2909 931 2984 ούδέν
947 2920 1020 2984 τῶν
1043 2917 1316 2999 δεικνυμένων
1338 2912 1464 2998 έργων
1486 2914 1567 2980 δαι-

210 3026 243 3080 25
262 3015 416 3097 μονίων
438 3007 515 3081 οῦδὲ
530 3018 604 3081 τῶν
618 3015 655 3082 ἐκ
676 3019 929 3102 χρηστηρίων
951 3009 1159 3101 δυνάμεων
1182 3008 1259 3082 οῦδὲ
1274 3017 1348 3082 τῶν
1366 3017 1568 3098 μαντειῶν

260 3102 324 3179 κάν
346 3111 401 3180 ἐπὶ
422 3106 533 3180 ποσὸν
554 3107 830 3198 παραβάλλεσθαι
852 3110 1004 3183 δύναται.

344 3227 451 3294 XLIX
483 3221 620 3314 Ἴδωμεν
646 3232 758 3297 δὲκαὶ
782 3225 824 3297 τά
847 3227 922 3318 ἑξῆς
944 3221 1057 3310 οῦτως
1078 3222 1240 3315 λεγόμενα
1262 3221 1329 3296 ῦπό
1352 3231 1415 3296 τοῦ
1437 3231 1567 3296 Κέλσου

259 3321 347 3412 πρὸς
368 3319 464 3414 ἡμᾶς·
494 3327 553 3396 ἐτι
581 3332 727 3408 δέπῶς
753 3323 825 3397 οῦκ
851 3321 984 3398 ἀτοπα
1005 3323 1114 3415 ῦμῶν
1136 3331 1273 3408 ταῦτα,
1296 3324 1342 3396 τὸ
1365 3331 1435 3415 μὲν
1456 3332 1566 3415 σῶμα

258 3433 406 3494 ποθεῖν
434 3431 499 3494 καὶ
525 3427 702 3512 ἐλπίζειν
729 3419 793 3498 ὅτι
815 3423 913 3498 αύτὸ
935 3433 1062 3499 τοῦτο
1086 3422 1353 3516 ἀναστήσεται
1375 3421 1428 3508 ως
1447 3421 1565 3497 οῦδὲν

346 3661 385 3716 18
404 3659 468 3729 vgl.
486 3659 586 3716 Matth.
605 3661 646 3728 12,
664 3663 706 3717 32.
732 3661 830 3734 Ephes.
850 3666 873 3727 1,
890 3665 933 3718 21.
960 3663 1042 3718 Hebr.
1060 3665 1084 3732 6,
1104 3666 1127 3718 5.
1146 3693 1179 3702 -
1198 3663 1237 3719 28
1256 3662 1318 3732 vgl.
1336 3662 1407 3716 oben
1425 3661 1450 3715 V
1469 3663 1509 3716 14.

343 3853 477 3924 4έξίσου
494 3860 519 3912 Α
538 3859 543 3928 Ι
562 3858 580 3914 5
599 3862 820 3945 διαβεβαιοῦσθε
838 3861 930 3918 PDel.
949 3864 1143 3935 διαβεβαιοῦσι
1167 3862 1308 3933 ΜΗὸ.θρ.
1327 3864 1565 3935 διαβεβαιοῦσθαι

257 3962 282 4013 A
306 3961 310 4028 Ι
337 3961 409 4016 1-9
427 3979 472 4015 am
490 3961 589 4016 innern
605 3947 721 4020 Randzss
746 3965 783 4018 Αι
803 3965 807 4032 Ι
827 3964 846 4019 θ
869 3963 961 4018 ἰιίιιίετ
986 3955 1099 4020 τούτων
1116 3971 1148 4028 ÷
1168 3958 1212 4020 διά
1229 3958 1353 4031 τούτων,
1375 3962 1447 4018 doch
1464 3979 1563 4034 expun-

257 4045 336 4114 giert,
354 4047 399 4114 ΑΙ
419 4039 463 4100 ἐπ’
479 4040 552 4116 ἰσηςΙ
574 4043 674 4117 ἐπίσης
696 4047 761 4102 liest
777 4048 825 4102 Bo.
844 4047 942 4117 (Notae
960 4067 985 4120 p.
1004 4049 1067 4118 407)
1086 4049 1293 4105 unzweifelhast
1309 4047 1421 4120 riehtig‚
1445 4041 1491 4102 ἐπὶ
1512 4049 1564 4116 γῆς

257 4148 390 4216 AAusgg.
407 4148 411 4216 Ι
429 4148 466 4204 12
486 4138 579 4214 οῦτως
594 4150 629 4218 ΙΙ)
646 4150 671 4202 Α
690 4141 765 4206 οῦτιο
778 4154 880 4218 Ausgg.
896 4151 901 4218 Ι
917 4150 956 4206 18
975 4149 1152 4206 διατίθενται
1169 4151 1333 4220 PMAusgg.
1351 4133 1495 4205 διατιθένῦ
1512 4151 1537 4202 A
1556 4147 1560 4218 Ι

258 4233 293 4287 1θ
311 4225 456 4301 δεικνύτω]
475 4229 491 4288 ύ
508 4249 558 4287 aus
575 4239 593 4289 ῦ
610 4251 678 4290 corr.
696 4236 721 4289 A
736 4236 740 4303 Ι
757 4235 794 4292 17
813 4227 958 4290 τελευτάν
974 4236 999 4288 A
1014 4237 1019 4302 Ι
1034 4227 1111 4300 εἰκάς
1132 4253 1181 4290 aun
1199 4229 1276 4300 εἰκάς
1293 4233 1403 4314 corn-A
1417 4234 1422 4300 Ι
1437 4233 1475 4289 28
1493 4225 1562 4288 οἰνα-

255 4310 457 4387 γιγνοίσκοντα
474 4320 606 4389 AAusgg.
623 4321 627 4388 Ι
642 4319 682 4374 24
700 4311 744 4384 αῖς
761 4319 885 4374 schreibe
902 4319 960 4387 ioh,
979 4311 1022 4384 οῖς
1038 4319 1087 4376 Βο.
1106 4319 1204 4388 (Notae
1221 4339 1246 4391 p.
1264 4321 1333 4388 407),
1351 4315 1393 4374 ὠν
1411 4319 1542 4387 AAusgg.
1556 4317 1559 4385 Ι

256 4401 295 4457 25
312 4407 487 4473 χρϊστηριῶν
504 4403 529 4457 A
544 4406 548 4473 Ι
564 4403 603 4460 26
622 4399 764 4460 ἐπῖπύοον
781 4406 806 4459 A
820 4405 825 4472 Ι
845 4403 882 4460 21
905 4421 955 4460 vor
967 4397 1082 4472 Ἰδωμεν
1099 4412 1131 4470 Ι-
1150 4399 1182 4466 εἰ,
1201 4405 1272 4459 doch
1289 4405 1375 4458 durch
1392 4402 1562 4458 Auslbsohen

256 4510 358 4566 wieder
375 4511 488 4582 getilgt,
506 4516 531 4569 A
554 4514 558 4584 Ι
583 4504 676 4579 οῦτως
692 4518 717 4568 A
735 4505 812 4570 ούτω
831 4518 932 4584 Ausgg.
957 4517 962 4582 Ι
986 4514 1098 4571 28-29
1122 4533 1167 4569 am
1184 4515 1281 4570 innern
1298 4515 1378 4570 Rand
1395 4481 1423 4571 ἰί
1440 4513 1477 4568 A¹
1496 4515 1501 4584 Ι
1521 4515 1560 4572 28

257 4603 362 4682 ἀτοπα]
382 4597 439 4671 άτῦ
456 4618 488 4670 A.
