3780 5538
345 417 405 480 350
889 409 1113 465 ΩΡΙΓΕΝΟΥΣ

344 576 399 642 καί
421 576 618 658 συνέχεσθαι
647 571 689 642 τά
716 568 831 643 πάντα
856 567 912 643 ὑπ’
940 568 1056 646 αῦτοῦ.
1102 578 1158 642 καὶ
1183 578 1379 654 καθολικῶς
1408 569 1469 653 τάς
1491 566 1573 643 όσον
1595 575 1650 642 ἐπὶ

345 675 397 760 τῷ
413 673 508 760 ῥητηῦ
524 675 634 756 λέξεις,
658 670 718 754 τὰς
733 677 952 761 νομιζομένας
973 690 1045 754 τοῖς
1067 667 1309 756 ἁπλουστέροις
1331 675 1368 742 ἐν
1388 667 1488 760 τόπῳ
1510 667 1651 758 φάσκειν

344 771 429 841 είναι
444 769 507 841 τόν
529 767 624 854 θεὸν,
646 778 882 861 μεταληπτέον
896 767 1101 860 πρεπόντως
1122 788 1196 853 ταῖς
1217 767 1373 858 μεγάλαις
1393 776 1449 840 καὶ
1470 798 1650 858 πνευματι-

342 888 417 952 καῖς
451 873 595 952 ἐννοίαις
624 877 700 957 περὶ
730 877 829 955 θεοῦ,
861 871 930 941 οἶαί
959 876 1042 942 είσιν
1072 873 1109 940 ἐν
1138 875 1190 958 τῷ
1220 868 1308 941 κατὰ
1337 866 1505 958 Ἰωάννην
1535 860 1649 939 αῦται·

309 966 432 1056 5,,πρό
455 975 491 1041 δὲ
518 974 579 1057 τῆς
606 970 726 1058 ἑορτῆς
752 975 815 1040 τοῦ
837 965 948 1056 πάσχα
979 970 1076 1050 είδῶς
1102 963 1121 1040 ό
1142 965 1266 1058 Ἰησοῦς
1293 963 1347 1039 ότι
1367 961 1477 1056 ήλθεν
1498 964 1606 1038 αῦτοῦ
1630 964 1649 1056 ή

344 1063 428 1157 ῶρα,
451 1071 506 1140 ἵνα
527 1075 654 1157 μεταβῇ
669 1072 707 1138 ἐκ
721 1074 785 1139 τοῦ
806 1065 934 1157 κόσμου
956 1067 1083 1140 τούτου
1097 1066 1184 1156 πρὸς
1206 1066 1269 1139 τόν
1290 1075 1456 1155 πατέρα,
1479 1063 1650 1155 ἀγαπήσας

344 1167 424 1250 τοῦς
443 1170 552 1249 ἰδίους
570 1167 651 1250 τοῦς
671 1170 707 1239 ἐν
726 1173 778 1256 τῷ
793 1164 917 1257 κόσμῳ,
941 1172 986 1250 είς
1008 1173 1106 1250 τέλος
1127 1163 1299 1256 ήγάπησεν
1320 1165 1479 1249 αὐτούς’ί·
1501 1172 1556 1237 καὶ
1578 1163 1648 1254 μετ’

345 1262 455 1356 όλίγα’
477 1267 595 1351 ,είδῶς
622 1259 676 1336 ότι
698 1263 812 1339 πάντα
836 1271 962 1337 ἔδωκεν
984 1263 1078 1356 αὐτῷ
1101 1260 1120 1336 ό
1141 1265 1273 1356 πατήρ
1299 1272 1345 1348 είς
1366 1265 1428 1348 τὰς
1448 1285 1571 1354 χεῖρας,
1593 1274 1648 1336 καί

345 1361 401 1438 ότι
431 1362 499 1438 άπὸ
529 1371 613 1438 θεοῦ
648 1370 770 1455 ἐξῆλθε
798 1373 854 1438 καί
890 1363 976 1455 πρός
1012 1364 1096 1436 θεὸν
1130 1362 1281 1454 ῦπάγει,“
1317 1373 1371 1438 καὶ
1395 1373 1400 1454 1
1427 1361 1502 1455 μεθ’
1539 1367 1648 1453 ἐτερα·
1669 1373 1725 1427 234

294 1479 328 1534 10
344 1461 531 1556 ,ήκοόσατε
558 1459 613 1538 ότι
639 1467 705 1554 ἐγῶ
736 1467 834 1538 είπον
858 1464 948 1555 ῦμῖν·
979 1463 1099 1554 ῦπάγω
1126 1471 1181 1536 καὶ
1214 1469 1349 1554 ἔρχομαι
1375 1463 1461 1554 πρὸς
1482 1461 1576 1553 ὑμᾶς.
1622 1468 1649 1535 εί

344 1560 498 1654 ήγαπᾶτέ
517 1592 565 1654 με,
588 1561 729 1654 ἐχάρητε
750 1559 793 1636 En
815 1559 870 1637 ότι
890 1564 1076 1654 πορεύομαι
1094 1563 1182 1653 πρός
1207 1562 1270 1635 τόν
1295 1571 1482 1652 πατέραίί·
1510 1571 1566 1635 καὶ
1588 1560 1649 1634 πά-

347 1677 402 1738 λιν
427 1659 503 1752 μεθ’
532 1666 641 1753 ἕτερα·
667 1669 752 1748 ,νῦν
779 1670 814 1734 δὲ
838 1661 958 1752 ῦπάγω
983 1663 1069 1753 πρός
1095 1663 1158 1736 τόν
1184 1662 1365 1752 πέμψαντά
1385 1692 1437 1753 με,
1464 1671 1519 1733 καὶ
1541 1658 1650 1745 οὐδεὶς

347 1769 382 1850 ἐξ
403 1760 503 1853 ῦμῶν
524 1768 636 1855 ἐρωτᾷ
659 1787 710 1850 με·
732 1769 801 1834 ποῦ
823 1761 996 1851 ῦπάγεις;“
1018 1769 1047 1833 εἰ
1070 1761 1133 1851 γάρ
1155 1769 1265 1834 ταῦτα
1292 1772 1443 1846 τοπικῶς
1464 1767 1664 1844 ἐκδεκτέον·

347 1867 452 1953 δῆλον
474 1855 529 1935 ότι
548 1860 661 1933 καὶτὸ
677 1858 863 1950 ,ἀπεκρίθη
882 1859 1040 1952 όἸησοῦς
1058 1869 1114 1933 καὶ
1136 1863 1228 1934 είπεν
1250 1859 1378 1946 αὐτοῖς·
1397 1861 1457 1933 ίάν
1472 1892 1523 1944 τις
1538 1857 1650 1953 άγαπχῑ

296 1985 329 2038 15
345 1991 394 2050 με,
418 1961 481 2034 τόν
508 1959 614 2050 λόγον
634 1990 700 2050 μου
720 1960 869 2053 τηρήσει,
891 1958 988 2034 καὶό
1017 1959 1149 2051 πατήρ
1170 1989 1236 2051 μου
1257 1957 1420 2051 άγαπήσει
1441 1960 1563 2042 αῦτὸν,
1594 1968 1649 2031 καὶ

345 2059 432 2150 πρός
454 2057 562 2132 αῦτόν
584 2058 789 2152 ἐλευσόμεθα
810 2067 866 2134 καί
887 2061 996 2151 μονήν
1017 2057 1095 2148 παρ’
1118 2057 1212 2150 αῦτῴ
1234 2058 1473 2151 ποιησόμεθα.“

431 2173 459 2233 2.
497 2158 569 2248 ον’χὶ
602 2166 639 2231 δέ
667 2189 703 2250 γε
734 2166 843 2232 ταῦτα
869 2167 1013 2251 τοπικῆς
1041 2158 1254 2250 μεταβάσεως
1284 2165 1468 2250 νοουμένης
1488 2167 1564 2248 περὶ
1587 2157 1649 2230 τόν

346 2265 500 2350 πατέρα
530 2265 586 2329 καὶ
615 2257 679 2330 τόν
708 2258 785 2330 υίὸν
814 2258 899 2348 πρὸς
930 2258 993 2331 τόν
1022 2255 1210 2349 άγαπῶντα
1239 2257 1303 2330 τόν
1329 2255 1433 2348 λόγον
1459 2265 1522 2330 τοῦ
1547 2256 1650 2347 Ἰησοῦ

348 2367 489 2448 γίνεται,
512 2355 583 2430 οῦδ
606 2353 672 2448 άρα
691 2367 844 2441 τοπικῶς
866 2364 974 2430 ταῦτα
995 2364 1183 2430 ἐκδεκτέον·
1212 2354 1285 2428 ἀλλ’
1308 2355 1327 2430 ό
1350 2355 1451 2446 λόγος
1472 2363 1535 2428 τοῦ
1555 2363 1649 2440 θεοῦ,

296 2477 331 2531 20
348 2455 427 2547 ήμῖν
449 2465 727 2547 συγκαταβαίνων
748 2466 804 2529 καὶ
826 2455 874 2542 ῶς
894 2456 981 2546 πρός
1002 2458 1067 2548 τήν
1089 2463 1177 2528 ἰδίαν
1198 2453 1304 2544 άξίαν,
1328 2452 1385 2530 ὅτε
1407 2456 1497 2546 παρὰ
1515 2454 1649 2544 άνθρῶ·

347 2586 426 2649 ποις
456 2561 539 2642 ἐστὶ,
572 2557 847 2648 ταπεινούμενος,
873 2565 1084 2646 μεταβαίνειν
1110 2563 1240 2646 λέγεται
1265 2562 1323 2641 ,ἐκ
1345 2563 1407 2629 τοῦ
1428 2555 1554 2646 κόσμου
1576 2557 1651 2628 τοῦ·

348 2685 412 2728 τον
438 2653 525 2742 πρός
551 2655 614 2728 τόν
640 2664 828 2746 πατέρα,“
851 2650 947 2740 ὅπως
973 2663 1029 2728 καὶ
1055 2653 1146 2746 ἡμεῖς
1172 2661 1278 2728 ἐκεῖθι
1304 2663 1435 2728 τέλειον
1461 2653 1568 2728 αὐτόν
1593 2667 1649 2728 θε-

347 2755 523 2844 ασῶμεθα,
551 2753 620 2828 άπὸ
647 2763 707 2846 τῆς
733 2752 812 2846 παρ’
836 2753 914 2845 ἡμῖν
934 2753 1130 2844 κενότητος,
1143 2750 1195 2854 ,ἢν
1216 2760 1401 2840 ,ἐκένωσεν
1422 2753 1576 2842 ἐσυτόν,“
1597 2759 1651 2827 έπὶ

347 2855 388 2927 τό
415 2859 505 2926 ίδιον
531 2853 741 2945 ,,πλήρωμα“
766 2861 1078 2945 παλινδρομοῦντα·
1109 2858 1194 2926 ἔνθα
1220 2860 1274 2925 καὶ
1297 2852 1399 2944 ἡμεῖς,
1421 2851 1514 2945 αὐτῷ
1539 2851 1651 2945 όδηγῷ

295 2973 329 3026 25
346 2954 528 3044 χρῶμενοι,
555 2960 798 3044 πληρωθέντες
824 2952 935 3044 πάσης
956 2952 1141 3044 κενότητος
1162 2951 1480 3044 ἀπαλλαγησόμεθα.
1523 2951 1654 3026 άπιέτω

348 3061 466 3124 τοίνυν
494 3053 601 3141 ,πρός
626 3051 689 3124 τόν
716 3059 918 3141 πέμψαντα(
945 3051 1053 3126 αὐτόν
1082 3051 1179 3142 άφεὶς
1205 3051 1268 3124 τόν
1294 3050 1422 3140 κόσμον
1444 3049 1463 3124 ό
1484 3061 1547 3125 τοῦ
1568 3062 1653 3126 θεοῦ

348 3149 461 3241 λόγος,
494 3159 550 3222 καὶ
580 3151 685 3240 ,πρός
717 3151 781 3224 τόν
810 3160 987 3240 πατέραίί
1016 3160 1223 3242 πορευέσθω.
1265 3159 1321 3224 καὶ
1352 3151 1393 3224 τό
1420 3157 1476 3223 έπ1
1503 3158 1592 3223 τέλει
1618 3159 1654 3224 δὲ

348 3259 411 3323 τοῦ
441 3250 528 3322 κατὰ
560 3246 719 3342 Ἰωάννην
747 3248 951 3343 εὐαγγελίου·
980 3253 1045 3343 ,μή
1076 3282 1141 3342 μου
1167 3247 1290 3324 άπτου·
1320 3249 1420 3322 οῦπω
1447 3251 1511 3341 γάρ
1539 3249 1654 3337 άναβέ-

346 3361 433 3441 βηκα
454 3349 542 3439 πρὸς
565 3349 628 3422 τόν
654 3358 808 3440 πατέρα
829 3362 914 3442 μουίί
935 3353 1190 3442 μυστικῶτερον
1213 3359 1331 3440 νοῆσαι
1354 3348 1565 3441 ζητήσωμεν·
1594 3359 1654 3442 τῆς

295 3469 330 3525 30
347 3447 540 3535 άναβάσεως
555 3448 660 3537 ,πρὸς
683 3448 748 3521 τόν
769 3459 940 3540 πατέρα(
961 3457 1025 3523 τοῦ
1045 3455 1120 3522 υἱοῦ
1141 3457 1435 3538 θεοπρεπέστερον
1455 3450 1540 3540 μετὰ
1559 3447 1654 3540 άγίας

346 3545 558 3640 τρανότητος
583 3545 662 3639 ήμῖν
684 3558 879 3641 νοουμένης,
902 3546 1024 3640 ήντινα
1045 3547 1208 3634 άνάβαοιν
1228 3558 1308 3634 νοῦς
1329 3557 1461 3640 μᾶλλον
1482 3545 1654 3636 ἀναβαίνει

346 3649 511 3738 σώματος.
1614 3671 1616 3676 ·

431 3819 449 3875 5
472 3819 637 3883 Joh.13,1.
661 3848 694 3858 -
718 3820 737 3876 8
762 3820 925 3886 Joh.13,3.
948 3850 981 3860 -
1006 3819 1045 3874 16
1066 3819 1128 3875 Joh.
1148 3824 1188 3884 14,
1206 3821 1248 3876 28.
1266 3850 1299 3859 -
1318 3821 1355 3876 12
1377 3821 1440 3875 Joh.
1459 3821 1499 3886 16,
1519 3823 1543 3876 5.
1562 3850 1595 3860 -
1615 3821 1653 3876 14

346 3904 407 3958 Joh.
421 3905 460 3967 14,
473 3904 515 3958 23.
532 3931 567 3942 -
586 3905 622 3960 17
642 3901 705 3972 Vgl.
721 3904 846 3959 Clemens
863 3907 948 3972 Alex,
967 3905 1064 3959 Strom.
1083 3904 1134 3958 VII
1152 3905 1177 3969 2,
1195 3907 1211 3960 5
1229 3922 1253 3974 p.
1266 3905 1314 3958 831
1329 3904 1371 3958 ed.
1383 3904 1485 3959 Potter.
1514 3903 1652 3974 Origenes,

347 3989 450 4044 Comm.
468 3987 498 4040 in
514 3987 575 4040 Joh.
593 3987 644 4041 XX
662 3990 694 4043 16
712 3989 765 4056 (16)
784 3991 858 4056 (tom.
877 3991 903 4044 II
924 4007 949 4060 p.
968 3991 1017 4044 237
1028 4006 1067 4058 sq.
1085 3988 1127 4043 ed.
1145 3989 1258 4056 Lomm,
1276 3990 1302 4042 Π
1320 3991 1351 4044 61
1365 4006 1409 4066 ερ.Ι
1427 3989 1469 4043 ed.
1487 3989 1604 4058 Brooke)
1627 4007 1653 4044 u.

346 4091 369 4129 υ.
388 4072 456 4127 Cels.
474 4071 513 4126 IV
531 4073 557 4138 5,
574 4072 585 4124 Ι
603 4073 653 4126 277
672 4073 699 4127 Z.
716 4073 787 4127 2711.
821 4073 904 4141 112,
922 4073 947 4128 S.
966 4075 999 4128 13
1022 4075 1048 4128 Z.
1067 4079 1090 4128 1.
1117 4105 1150 4114 —
1176 4075 1217 4130 26
1243 4073 1308 4143 Vgl.
1329 4073 1398 4126 Phil.
1420 4074 1444 4137 2,
1466 4075 1490 4128 7.
1511 4075 1536 4128 8.
1558 4103 1592 4112 -
1614 4071 1651 4129 21

348 4157 408 4226 Vgl.
426 4156 487 4211 Joh.
507 4157 551 4219 13,
570 4161 593 4210 1.
611 4187 645 4196 -
664 4157 703 4212 23
723 4156 787 4227 Vgl.
806 4157 877 4211 Phil.
894 4159 919 4220 2,
938 4161 961 4211 7.
979 4189 1011 4198 -
1031 4159 1072 4214 24
1091 4157 1152 4228 Vgl.
1170 4159 1231 4212 Kol.
1251 4161 1273 4222 1,
1293 4159 1332 4214 19.
1360 4157 1542 4227 19111121102.
1562 4163 1585 4222 1,
1603 4159 1654 4223 23).

346 4271 380 4282 -
402 4241 439 4296 25
462 4240 710 4310 Vgl.1(ol.2‚10.
738 4272 771 4282 -
797 4243 837 4298 26
864 4239 926 4310 Vgl.
945 4241 1006 4295 Joh.
1025 4247 1071 4309 16,
1088 4245 1112 4297 5.
1139 4271 1173 4282 -
1199 4241 1235 4296 27
1266 4241 1326 4310 Vgl.
1349 4241 1410 4296 Joh.
1436 4245 1481 4310 13,
1503 4247 1527 4297 1.
1554 4273 1587 4283 -
1613 4243 1653 4298 28

346 4325 466 4388 10120,
485 4327 525 4379 17.

410 4471 633 4613 ΙΠ14Τδήλονστι
661 4476 708 4546 [so]
735 4477 758 4530 'I'
786 4469 918 4546 δηλονότι
935 4475 1020 4530 Lond.
1044 4479 1049 4544 Ι
1074 4477 1110 4532 17
1139 4494 1172 4547 γε
1198 4493 1252 4530 von
1279 4478 1299 4529 1.
1317 4475 1360 4538 H..
1388 4494 1422 4530 w.
1440 4493 1464 4530 ε.
1482 4477 1546 4542 seh,
1574 4476 1653 4532 iiber·

347 4575 410 4628 gese
445 4599 451 4614 .
493 4599 499 4612 .
