3780 5532
631 395 731 450 ΚΑΤΑ
758 393 918 450 ΚΕΛΣΟΥ
939 395 997 454 ΠΙ
1017 396 1059 452 46.
1076 395 1118 450 47.
1135 395 1177 450 42
1497 401 1554 464 199

336 557 407 628 ἐστι
432 563 516 645 γοῦν
542 563 635 643 ἰδεῖν,
658 564 735 629 τίνα
760 557 893 647 τρόπον
920 559 952 630 οί
977 553 1189 644 ,φάσκοντες
1214 555 1299 628 εἶναι
1319 562 1442 644 σοφοίη
1459 553 1555 646 μεγά·

254 664 315 746 λης
349 663 477 746 μωρίας
512 663 670 748 δείγματα
705 661 934 748 ἐμφαίνουσιν,
965 650 1024 730 ότε
1053 654 1137 747 μετά
1164 655 1245 739 τοῦς
1270 654 1493 744 τηλικούτους
1518 661 1554 728 ἐν

255 771 328 839 ταῖς
349 760 534 846 διατριβαῖς
556 763 631 844 περί
653 763 737 830 θεοῦ
759 762 814 827 καὶ
836 764 909 829 τῶν
931 763 1094 846 νοητῶν
1117 753 1238 848 λόγους
1259 751 1473 845 ,ἠλλάξαντο
1490 756 1556 847 τὴν

255 855 358 942 δόξαν
379 861 444 927 τοῦ
466 852 648 944 ἀφθάρτου
670 862 754 928 θεοῦ
776 859 813 928 ἐν
835 852 1024 946 ὁμοιώματι
1044 853 1175 940 εἰκόνος
1190 861 1349 944 φθαρτοῦ
1365 851 1556 946 ἀνθρώπου

221 960 308 1026 5καί
337 962 507 1026 πετεινῶν
538 962 594 1026 καί
623 954 848 1045 τετραπόδων
875 963 932 1028 καὶ
964 957 1146 1046 ἓρπετῶν.“
1194 954 1247 1028 διὸ
1276 961 1332 1027 καὶ
1360 950 1460 1026 αύτοὶ
1490 962 1553 1044 μὲν

253 1059 542 1142 καταλειφθέντες
562 1052 630 1126 ύπό
652 1061 714 1146 τῆς
734 1063 898 1145 προνοίας
920 1053 968 1139 ῶς
989 1053 1052 1127 ούκ
1072 1052 1174 1142 ἀξίως
1195 1056 1378 1140 βιώσοντες
1400 1061 1474 1126 τῶν
1494 1083 1556 1142 φα-

255 1161 485 1244 νερωθέντων
512 1152 628 1238 αύτοίς
656 1153 724 1228 ύπό
751 1163 814 1228 τοῦ
839 1162 925 1227 θεοῦ
951 1159 1227 1243 ἐγκαλινδοῦνται
1247 1173 1343 1242 ,ταῖς
1364 1159 1556 1244 ἐπιθυμίαις

256 1261 328 1325 τῶν
348 1259 498 1342 καρδιῶν
519 1252 636 1327 αύτῶν
657 1261 703 1339 είς
724 1252 967 1344 ἀκαθαρσίαν,“
988 1262 1043 1326 καί
1066 1250 1259 1342 ἀτιμάζεται
1280 1251 1419 1339 ,αὐτῶν
1433 1253 1477 1326 τὰ
1492 1253 1556 1326 σῶ-

254 1362 364 1442 ματαη
394 1357 432 1424 ἐν
461 1350 706 1444 ἀσχημοσῦναις
736 1363 792 1426 καὶ
821 1351 1029 1440 ἀκολασίαις,
1056 1350 1135 1426 ἀνθ’
1160 1343 1211 1425 ῶν
1237 1350 1450 1444 ἀντήλλαξαν
1471 1353 1556 1444 ,τὴν

205 1464 238 1518 10
256 1449 452 1543 ἀλήθειαν
478 1460 541 1524 τοῦ
562 1461 647 1526 θεοῦ
668 1459 706 1527 ἐν
727 1463 779 1546 τῷ
802 1453 928 1541 ψεύδει,
951 1462 1007 1525 καί
1028 1450 1255 1544 ἐσεβάσθησαν
1276 1461 1332 1524 καί
1354 1449 1557 1542 ἐλάτρευσαν

256 1557 298 1639 τῇ
319 1559 424 1623 κτίσει
445 1551 537 1642 παρὰ
560 1553 623 1625 τὸν
643 1560 836 1626 κτίσαντα.“

336 1671 476 1738 XLVIII.
514 1673 553 1739 Οί
581 1665 613 1738 δ’
635 1667 691 1741 ἀπ’
714 1667 831 1742 αύτῶν
857 1674 913 1741 ἐπὶ
933 1673 1081 1760 ἰδιωτείᾳ
1107 1667 1388 1757 ἐξουθενούμενοι
1412 1677 1469 1740 καὶ
1490 1697 1556 1757 μω-

254 1773 308 1854 ροί
334 1774 389 1838 καὶ
415 1765 612 1857 ἀνδράποδα
639 1771 724 1840 εἶναι
751 1765 937 1858 λεγόμενοι,
967 1763 1031 1839 κάν
1060 1764 1168 1858 μόνον
1190 1767 1394 1840 πιστεύωσιν
1416 1768 1556 1851 ἑαυτούς

255 1874 306 1958 τῷ
331 1875 414 1958 θεῷ,
441 1865 706 1959 παραδεξάμενοι
732 1868 797 1958 τὴν
822 1874 886 1940 τοῦ
909 1865 1015 1957 Ἰησοῦ
1041 1874 1256 1941 διδασκαλίαν
1284 1875 1452 1940 τοσοῦτον
1475 1864 1556 1940 ἀπο-

204 1976 237 2030 15
256 1972 389 2038 δέουσιν
411 1963 582 2057 ἀσελγείας
602 1976 657 2039 καί
679 1965 887 2056 ἀκαθαρσίας
907 1975 962 2038 καὶ
982 1965 1092 2058 πάσης
1114 1974 1176 2058 τῆς
1196 1971 1234 2038 ἐν
1255 1974 1443 2049 συνουσίαις
1461 1963 1555 2055 ἀσχη·

254 2063 410 2156 μοσύνης,
434 2064 482 2150 ῶς
503 2075 560 2138 καί
581 2064 714 2156 τρόπον
736 2074 877 2139 τελείων
898 2071 1024 2158 ἱερέων,
1051 2073 1164 2139 πᾶσαν
1184 2075 1366 2138 συνουσίαν
1386 2061 1557 2154 ἀποστρα-

255 2171 400 2252 φέντων,
423 2166 574 2249 πολλοῦς
596 2163 712 2239 αῦτῶν
733 2175 914 2251 παντελῶς
934 2165 1146 2255 καθαρεύειν,
1169 2163 1210 2237 ού
1231 2161 1339 2255 μόνον
1361 2162 1429 2238 ἀπὸ
1448 2162 1558 2252 πάσης

253 2273 381 2354 μίξεως.
423 2273 480 2337 καὶ
505 2265 552 2350 είς
577 2273 638 2356 μέν
664 2295 732 2338 πον
753 2261 831 2354 παρ’
852 2259 1041 2355 Ἀθηναίοις
1067 2261 1282 2355 ἱεροφάντης,
1306 2260 1384 2337 οῦδὲ
1404 2261 1557 2336 πιστευό-

253 2392 353 2454 μενος
382 2365 504 2438 ἐαντοῦ
534 2364 595 2450 τάς
625 2362 801 2455 ἀρσενικάς
831 2360 956 2455 ὀρέξεις
989 2361 1037 2449 ῶς
1062 2362 1177 2453 κύριος
1203 2361 1318 2436 αύτῶν
1347 2367 1432 2436 εἶναι
1461 2362 1556 2436 δυνά·

202 2481 236 2536 20
253 2493 353 2554 μενος
378 2471 434 2536 καὶ
460 2485 597 2554 κρατεῖν
623 2462 740 2536 αύτῶν
767 2469 801 2549 ἐς
828 2459 909 2538 ὅσον
930 2462 1101 2551 βούλεται,
1128 2473 1347 2548 κωνειασθείς
1369 2463 1412 2536 τὰ
1434 2459 1557 2552 ἀρσενα

253 2569 336 2654 μέρη
365 2563 543 2653 καθαρός
572 2567 658 2636 εἶναι
688 2572 859 2652 νομίζεται
888 2563 975 2656 πρὸς
1002 2563 1066 2655 τὴν
1092 2571 1332 2655 νενομισμένην
1361 2561 1441 2653 παρ’
1461 2560 1557 2652 Ἀθη-

254 2670 361 2747 ναίοις
388 2659 571 2754 άγιστείαν·
600 2666 671 2736 ἐστι
697 2659 730 2736 δ’
752 2667 789 2736 ἐν
813 2673 1027 2754 Χριστιανοίς
1053 2669 1136 2736 ίδείν
1159 2660 1284 2755 ἄνδρας
1304 2663 1349 2754 μὴ
1372 2669 1557 2754 δεηθέντας

253 2769 407 2848 κωνείου,
438 2767 492 2837 ίνα
522 2763 564 2836 τὸ
594 2774 692 2836 θετον
721 2771 910 2855 καθαρῶς
940 2763 1207 2854 θεραπεύσωσιν,
1234 2759 1308 2836 ἀλλ’
1331 2761 1557 2854 ἀρκουμένους

254 2859 345 2954 λόγῳ
376 2860 454 2936 ἀντί
482 2871 637 2948 κωνείου,
669 2861 717 2948 ῶς
746 2871 859 2936 πᾶσαν
883 2869 1066 2954 ἐπιθυμίαν
1093 2860 1161 2935 ἀπὸ
1185 2870 1245 2954 τῆς
1266 2867 1418 2948 διανοίας
1440 2859 1556 2934 αύτῶν

202 2979 235 3034 25
252 2960 469 3048 ἐξελάσαντες
495 2961 536 3034 τὸ
563 2972 661 3034 θείου
687 2960 796 3054 εύχαῑς
823 2963 1043 3054 θεραπεύωσι.
1085 2959 1165 3052 παρ’
1187 2958 1305 3046 ἀλλοις
1327 2965 1363 3032 δὲ
1385 2967 1556 3051 νομιζομέ-

252 3090 326 3147 νοις
355 3065 440 3136 είναι
468 3072 563 3145 θεοῖς
593 3069 762 3152 παρθένοι
791 3060 882 3135 πάνυ
908 3059 1143 3153 εὐαρίθμητοι,
1171 3067 1238 3133 εἴτε
1262 3058 1330 3132 ἀπὸ
1357 3057 1557 3148 ἀνθρώπων

252 3161 501 3252 φρουρούμενοι
528 3166 593 3234 εἴτε
619 3162 745 3253 καὶμὴ
776 3159 830 3252 (ού
855 3162 917 3253 γάρ
944 3169 1049 3234 τοῦτο
1075 3157 1253 3252 πρόκειται
1279 3165 1341 3230 νῦν
1367 3156 1556 3248 ἐξετάζειν),

253 3267 389 3334 δοκοῦσι
414 3267 580 3333 διατελεῖν
606 3265 643 3333 ἐν
665 3268 708 3350 τῇ
731 3261 784 3334 διά
806 3261 871 3351 τὴν
893 3269 938 3347 είς
960 3261 1001 3334 τό
1024 3272 1121 3333 θετον
1143 3259 1244 3350 τιμὴν
1263 3255 1492 3349 καθαρότητι·
1520 3261 1557 3330 ἐν

252 3365 287 3431 δέ
310 3368 525 3448 Χριστιανοῑς
554 3358 596 3432 ού
625 3360 680 3432 διά
710 3360 772 3444 τὰς
797 3357 877 3450 παρ’
899 3357 1099 3452 ἀνθρώποις
1128 3360 1240 3451 τιμὰς,
1267 3355 1308 3430 οῦ
1335 3357 1388 3430 διὰ
1415 3357 1557 3448 μισθούς

201 3475 235 3530 30
251 3467 306 3531 καί
330 3455 470 3552 ἀργύρια
496 3457 573 3533 οῦδὲ
600 3459 653 3534 διά
680 3459 838 3550 δοξάριον
859 3458 998 3534 ἀσκοῦσι
1020 3459 1086 3550 τὴν
1106 3466 1258 3549 παντελῆ
1279 3466 1478 3548 παρθενίαν,
1501 3466 1557 3530 καί

252 3557 300 3644 ῶς
329 3563 551 3651 ,ἐδοκίμασαν
579 3559 643 3633 τόν
669 3559 754 3632 θεὸν
782 3563 867 3650 ἔχειν
894 3567 930 3634 ἐν
956 3560 1162 3650 ἐπιγνῶσει,“
1189 3565 1375 3649 τηροῦνται
1401 3555 1470 3630 ύπό
1494 3565 1557 3629 τοῦ

336 3774 352 3828 1
375 3772 437 3842 Vgl.
455 3772 533 3826 Ram.
552 3776 575 3841 1,
594 3773 635 3828 22.
654 3803 686 3813 -
703 3774 720 3828 θ
738 3772 814 3828 Βδιο.
836 3778 859 3836 1,
877 3775 918 3830 23.
937 3803 970 3812 -
991 3773 1005 3828 7
1027 3771 1090 3842 vgl.
1108 3771 1186 3826 Rom.
1206 3774 1228 3835 1,
1247 3772 1289 3826 24.
1307 3799 1340 3810 -
1359 3771 1378 3826 θ
1396 3769 1460 3838 Vgl.
1479 3769 1556 3823 Rbm.

251 3857 555 3998 &25'1—28139V8L
574 3859 586 3912 1
604 3859 667 3913 Kor.
690 3861 720 3924 1,
742 3859 783 3912 27.
805 3859 846 3914 28.
873 3889 907 3898 -
933 3857 972 3913 22
999 3857 1062 3928 Vgl.
1080 3856 1151 3912 oben
1174 3857 1185 3910 Ι
1209 3857 1242 3912 26
1264 3871 1288 3908 ε.
1309 3852 1340 3908 Ε.
1366 3885 1399 3893 -
1426 3853 1464 3910 21
1493 3851 1557 3922 vgl.

335 4120 351 4173 1
373 4135 534 4188 φασκοντες
556 4118 605 4188 [ευ]
629 4121 653 4172 A
676 4119 680 4185 Ι
703 4119 721 4173 θ
746 4117 819 4187 ταῖς]
844 4136 863 4173 α
885 4118 1090 4187 ausgebrochen
1107 4121 1132 4172 A
1156 4120 1160 4186 Ι
1184 4119 1203 4174 θ
1229 4112 1294 4172 ἀνθ’
1311 4105 1352 4172 ὧν
1368 4116 1483 4171 Jolss‘ffl·
1502 4115 1558 4184 (am

249 4201 339 4272 Raud)
362 4201 421 4257 Del.
440 4195 553 4258 ἀνωθεν
570 4204 700 4272 AAusgg.
721 4202 725 4270 Ι
746 4201 784 4257 12
804 4199 911 4257 ίδιωτία
929 4204 953 4255 A
968 4204 973 4270 Ι
989 4201 1102 4258 20-21
1127 4220 1173 4256 am
1190 4201 1270 4256 Rand
1289 4219 1324 4271 ση
1342 4201 1455 4271 A1120
1472 4217 1557 4256 κωνε·

251 4306 352 4371 ασθείς
369 4308 393 4359 A
408 4307 413 4373 Ι
428 4295 537 4375 ἄρσενα
550 4305 574 4357 A
587 4295 725 4374 ἀρσενικὰ
738 4303 875 4373 MAusgg.
891 4305 895 4373 Ι
910 4303 948 4358 28
969 4285 1076 4360 κωῦίου
1094 4304 1143 4374 [so]
1161 4307 1198 4358 A¹
1214 4305 1218 4373 Ι
1234 4303 1273 4360 25
1294 4297 1480 4374 θεραπεύωσι
1497 4300 1556 4356 Del.

249 4385 454 4460 θεραπεύουσι
471 4387 516 4443 Jol
526 4388 574 4443 Bo.
587 4389 684 4457 (Notae
694 4407 719 4459 p.
729 4389 789 4454 402)
807 4381 1024 4458 θεραπεύσουσι
1042 4387 1141 4458 HASp.
1154 4383 1348 4456 θεραπεύουσι
1368 4390 1391 4440 A
1406 4389 1412 4456 Ι
1426 4386 1466 4443 26
1484 4378 1557 4441 εἶναι

249 4475 330 4538 θεαῖς
347 4475 372 4526 A
389 4476 471 4539 θεοῖς
488 4465 560 4528 εἶναι
577 4473 714 4542 MAusgg.
730 4473 734 4541 Ι
749 4472 787 4528 28
804 4468 985 4543 καθαρότητι
1003 4471 1140 4543 MAusgg.
1158 4468 1348 4542 καθαρότητα
1371 4475 1396 4526 A
1410 4473 1415 4540 Ι
1431 4471 1470 4526 29
1488 4462 1556 4540 παρ’

250 4559 274 4610 A
292 4551 373 4630 παρὰ
390 4558 526 4627 MAusgg.
542 4558 546 4625 Ι
562 4556 602 4612 80
620 4559 665 4612 δια
684 4557 732 4628 [so]
751 4561 783 4614 A.
