3780 5532
342 505 402 568 208
881 500 1105 555 ΩΡΙΓΕΝΟΥΣ

341 660 638 752 βουλευόμενοι,
670 661 722 746 ῶς
752 660 949 735 οὐδέποτε
979 658 1112 748 όρθῶς
1144 667 1307 752 έχοντσς
1337 660 1431 734 οὔτε
1462 669 1534 732 τοῦ
1565 658 1645 731 ἀδι-

341 782 425 834 κεῖν
451 758 548 835 οὔτε
574 768 647 834 τοῦ
672 759 904 834 ἀνταδικεῖν
927 757 1022 834 οὔτε
1043 771 1174 846 κακῶς
1196 760 1401 849 πάσχοντα
1424 757 1644 882 ἀμύνεσθαι

342 858 597 950 ἀντιδρῶντα
623 869 769 946 κακῶς·
799 857 819 951 6
850 859 1068 984 ἀφίστασαι
1094 871 1158 932 καὶ
1185 860 1229 934 06
1254 880 1466 944 κοινωνεῖς
1488 867 1557 950 τῆς
1579 856 1643 979 66-

338 969 427 1052 χῆς,
456 967 542 1051 έμοὶ
564 989 634 1051 μευ
656 962 727 1080 666
749 969 812 1032 καὶ
834 961 957 1082 6666
980 956 1111 1045 οὕτως
1131 970 1195 1034 καὶ
1215 969 1285 1032 νῦν
1303 964 1361 1032 ἔτι
1379 967 1515 1032 δοκεῖ.“
1543 955 1643 1030 Πλά-

306 1078 439 1133 οτωνι
460 1069 531 1152 μὲν
553 1053 625 1132 οὖν
648 1054 777 1144 οὕτως
802 1071 805 1148 Ι
830 1057 979 1152 ἤρεσεν,
1007 1055 1054 1153 ἦν
1082 1069 1121 1134 δὲ
1147 1072 1211 1134 καὶ
1233 1059 1448 1150 πρόσθεν”
1434 1089 1493 1132 ετι
1515 1068 1643 1141 θείοις
1661 1080 1709 1134 736

340 1159 507 1284 ἀνδράσι
534 1167 760 1251 δεδογμένα.
803 1158 902 1234 ἀλλὰ
931 1169 1059 1234 τῶνδε
1088 1169 1158 1252 μὲν
1185 1169 1275 1252 πέρι
1304 1170 1368 1233 καὶ
1394 1169 1477 1232 τῶν
1500 1156 1642 1232 ἀλλων

341 1257 412 1335 ὅσα
440 1269 807 1350 παραφθείρουοιν,
842 1253 1012 1358 ἀρκείτω
1057 1262 1103 1334 τὰ
1142 1269 1346 1351 εἰρημένα·
1375 1258 1488 1332 καί
1470 1255 1551 1350 ὅτῳ
1582 1267 1642 1345 φί-

341 1375 411 1436 λον
434 1369 497 1434 έπὶ
518 1357 660 1432 πλεῖόν
681 1391 720 1432 τι
743 1358 877 1432 αὐτῶν
900 1372 1045 1450 ζητεῖν
1069 1367 1225 1434 είσεται.

313 1493 314 1498 ’
422 1468 499 1534 LIX.
532 1460 623 1551 Πρὸς
650 1467 754 1532 τοῦτο
777 1459 817 1550 66
839 1468 895 1531 καὶ
916 1459 1002 1548 πρὸς
1023 1460 1146 1546 πάντα,
1169 1456 1230 1535 όσα
1252 1467 1504 1550 έκοινοποίησεν
1526 1455 1644 1531 ὁΕέλ-
1661 1467 1709 1520 Ph·
1723 1469 1809 1534 6617

289 1573 322 1628 10
340 1585 411 1648 σος,
445 1562 489 1653 μὴ
521 1567 680 1650 δυνηθείς
709 1557 825 1632 αὐτῶν
856 1558 1055 1649 ἀντιβλέψαι
1087 1569 1128 1649 τῇ
1156 1557 1363 1650 ἀληθότητι,
1391 1557 1533 1648 φάσκων
1558 1555 1644 1629 αὐτὰ

339 1671 395 1736 καί
416 1659 497 1752 παρ’
511 1656 671 1751 Ἕλλησιν
697 1667 896 1751 εἰρῆσθαι,
921 1668 1062 1732 τοιαῦτα
1083 1667 1233 1732 λεκτέον·
1263 1656 1488 1748 εἰῶφέλιμόν
1510 1664 1580 1729 ἐστι
1603 1657 1643 1728 τό

339 1762 445 1852 δόγμα
474 1770 529 1834 καὶ
559 1760 600 1832 τὸ
629 1760 787 1882 βούλημα
808 1757 913 1832 αὐτοῦ
941 1757 1042 1849 ὑγιὲς,
1070 1765 1223 1882 είρηται
1253 1765 1287 1830 δὲ
1306 1753 1443 1848 Ἕλλησι
1464 1764 1525 1846 μὲν
1552 1757 1643 1846 παρὰ

338 1861 525 1936 Πλάτωνι
547 1857 568 1948 6
590 1888 660 1932 τινι
682 1868 756 1932 τῶν
778 1857 948 1951 Ἑλλήνων
971 1867 1120 1946 σοφῶν,
1142 1856 1313 1942 Ἰουδαίοις
1335 1864 1371 1930 δὲ
1391 1859 1486 1947 παρὰ
1506 1863 1646 1928 Μωϋσεῖ

338 1962 359 2054 6
382 1991 450 2036 τινι
472 1970 546 2033 τῶν
568 1968 770 2051 προφητῶν
794 1967 1010 2080 Χριστιανοῖς
1031 1963 1067 2029 δε
1090 1963 1142 2046 <έν
1143 1965 1157 2046 >
1180 1976 1252 2041 τσῖς
1278 1954 1517 2047 ἀναγραφεῖοιν
1538 1953 1644 2046 Ἰησοῦ

289 2073 320 2126 lb
338 2063 454 2154 λόγοις
476 2056 495 2152 6
519 2067 728 2148 λελεγμένοις
746 2057 839 2148 παρά
861 2088 930 2130 τινι
954 2067 1027 2179 τῶι
1045 2054 1249 2129 ἀποστόλων
1266 2053 1383 2178 αὐτοῦ·
1406 2054 1447 2130 06
1466 2062 1643 2144 νομιστέον
1672 2055 1675 2062 ’

338 2171 611 2284 κατηγορεῖσθαι
629 2159 671 2230 τὸ
702 2155 884 2280 λεγόμενυν
909 2157 1001 2248 παρὰ
1023 2152 1232 2239 Ἰουδαίοις“
1213 2186 1233 2246 6
1255 2155 1345 2244 παρὰ
1368 2159 1619 2247 Χριστιανοῖς’
1606 2183 1643 2224 εκ

340 2293 403 2334 του
388 2269 478 2384 ’καί
501 2289 570 2346 παρ
595 2252 752 2346 Ἐλλησιν
775 2254 859 2328 αὐτὰ
883 2263 1078 2378 εἰρησθαι,
1100 2265 1156 2328 καὶ
1178 2254 1321 2346 μάλιστα
1343 2255 1403 2327 έάν
1424 2252 1643 2378 ἀποδεικνύῃ-

340 2391 396 2433 ται
422 2361 465 2432 τά
487 2357 657 2430 Ἰουδαίων
682 2356 890 2476 πρεσβύτερα
917 2362 990 2428 τῶν
1010 2354 1223 2445 Ἑλληνικῶν
1266 2354 1343 2427 0666
1365 2353 1470 2427 πάλιν
1491 2353 1643 2426 ἀπὸτοῦ

338 2457 485 2540 κάλλους
512 2465 572 2547 τῆς
593 2453 786 2545 Ελληνικῆς
813 2453 967 2578 φράσεως
993 2454 1174 2544 λεγόμενον
1201 2455 1242 2527 τὸ
1269 2453 1353 2527 αὐτὸ
1375 2454 1516 2538 πάντως
1538 2473 1642 2542 κρεῖτ·

288 2565 322 2619 ‘20
340 2587 404 2630 τον
425 2560 509 2628 εἰναι
532 2562 711 2638 νομιστέον
734 2562 796 2627 τοῦ
818 2553 1053 2643 εὐτελέστερον
1075 2552 1369 2644 ἀπαγγελλομένου
1386 2563 1441 2626 καὶ
1459 2551 1642 2626 ἀπλσυστέ-

340 2685 413 2746 ραις
439 2663 545 2742 λέξεσι
571 2654 678 2782 παρὰ
685 2649 900 2737 Ἰουδαίοις
881 2685 900 2744 η
924 2662 1155 2743 Χριστιανσῖς·
1183 2663 1295 2726 καίτοι
1321 2683 1357 2744 γε
1379 2651 1399 2744 6
1421 2655 1543 2745 πρῶτη
1566 2647 1642 2724 Ἰου-

339 2761 447 2826 δαίων
468 2761 566 2840 λέξις,
595 2745 615 2841 6
647 2757 678 2826 σί
700 2760 875 2843 προφῆται
896 2753 1096 2844 χρησάμενοι
1117 2762 1400 2827 καταλελοίπασιν
1422 2751 1501 2844 ἡμῖν
1524 2761 1641 2872 βιβλία

337 2851 497 2944 Ἰδβραίων
533 2859 701 2944 διαλέκτῳ
736 2860 791 2924 καί
824 2863 913 2942 σοφῇ
944 2861 1097 2925 συνθέσει
1126 2863 1198 2926 τῶν
1228 2859 1265 2925 έν
1296 2862 1338 2942 τῇ
1368 2859 1536 2942 διαλέκτῳ
1567 2846 1640 2922 κατ’

339 2958 486 3037 ἐκείνους
508 2951 763 3042 ἀναγέγραπται.

255 3067 320 3122 166v
422 3057 450 3123 εἰ
476 3060 511 3126 δὲ
532 3053 594 3142 χρὴ
616 3061 672 3123 καὶ
694 3053 758 3143 τὴν
781 3061 854 3125 τῶν
876 3053 1055 3144 δογμάτων
1073 3061 1077 3140 Ι
1097 3049 1299 3142 ταυτότητα,
1322 3048 1386 3124 κάν
1407 3051 1600 3143 παράδοξος
1622 3048 1641 3124 6

338 3149 439 3241 λόγος
470 3155 554 3223 εἶναι
585 3157 682 3242 δοκῇ,
714 3159 816 3238 δεῖξαι
846 3159 982 3240 βέλτιον
1014 3159 1224 3244 εἰρημένην
1254 3152 1345 3242 παρὰ
1377 3171 1448 3236 τοῖς
1474 3150 1641 3224 Ἰουδαίων

337 3249 532 3341 προφήταις
560 3246 581 3341 6
610 3271 682 3336 τοῖς
711 3249 825 3341 λόγοις
848 3260 1077 3340 Χριστιανῶν,
1112 3247 1206 3324 οὕτω
1237 3250 1300 3323 τόν
1330 3248 1432 3339 λόγον
1462 3275 1640 3322 κατασκευ-

339 3357 461 3423 αστέον
489 3348 558 3423 ἀπό
588 3380 682 3435 τινος
710 3359 774 3424 τοῦ
802 3361 878 3441 περὶ
910 3353 970 3435 τὰς
1000 3353 1130 3443 τροφός
1156 3360 1212 3423 καί
1239 3350 1302 3440 τὴν
1329 3359 1503 3421 σκευασίαν
1525 3348 1641 3421 αὐτῶν

337 3457 612 3540 παραδείγματος.
655 3453 742 3523 ἔστω
770 3481 804 3523 τι
832 3449 978 3541 ὑγιεινὸν
1006 3461 1123 3542 βρῶμα
1152 3458 1205 3522 καί
1233 3450 1343 3539 ἰσχύος
1371 3469 1442 3531 τοῖς
1469 3455 1641 3520 ἐσθίουσιν

287 3569 320 3624 30
337 3549 573 3640 έμποιητικὸν,
601 3557 706 3622 τοῦτο
733 3557 768 3622 δὲ
790 3547 905 3635 οὕτως
926 3559 987 3642 μὲν
1008 3557 1191 3623 σκευασθὲν
1213 3557 1268 3621 καί
1291 3555 1437 3622 τοιοῖσδε
1459 3547 1640 3641 ἡδύσμασιν

337 3645 486 3737 ἀρτυθὲν
504 3655 777 3738 λαμβανέτωσανΙ
789 3650 849 3740 οὐχ
871 3656 903 3723 σί
925 3652 969 3742 μὴ
991 3650 1223 3741 μανθάνοντες
1246 3645 1397 3740 ἄγροικοι
1415 3658 1469 3720 καὶ
1489 3655 1525 3721 έν
1543 3648 1640 3720 ἐπαό

421 3819 439 3872 11
464 3813 632 3890 ἀφίστασαι]
660 3814 881 3890 ἀφίστασθαιΑ
908 3827 912 3890 Ι
936 3823 956 3879 4
980 3815 1071 3886 σίτοις
1092 3825 1117 3876 A
1135 3812 1211 3878 οὕτω
1237 3821 1318 3874 Plato
1331 3825 1433 3889 Ausgg.
1456 3819 1500 3888 18
1525 3815 1639 3888 τίσεται]

335 3897 460 3958 εἰσέσται
474 3908 497 3958 Α
512 3906 516 3970 Ι
532 3905 550 3959 θ
572 3899 650 3975 ίΙρός
667 3911 755 3961 τοῦτο
775 3907 816 3959 bis
835 3907 860 3959 S.
874 3909 922 3962 211
942 3908 968 3964 Z.
982 3911 1013 3962 15
1032 3905 1167 3975 εἰρημένα
1181 3931 1213 3949 =
1227 3905 1392 3970 Philokalia,
1412 3906 1475 3974 Cap.
1489 3905 1540 3960 XV
1557 3907 1639 3960 8-11

336 3996 370 4059 (p.
390 3993 430 4056 111,
445 3989 552 4054 17-19,
566 3990 597 4042 ‘21
617 3989 658 4042 ed.
677 3988 755 4057 Rob.)
772 3993 775 4056 Ι
797 3987 1020 4062 έκοινωποίησεν
1037 3996 1061 4045 A
1081 3993 1085 4058 Ι
1102 3991 1139 4046 12
1163 3983 1254 4061 όγειές
1271 3991 1341 4058 Pati
1359 3991 1396 4046 18
1414 3982 1441 4058 6]
1462 3987 1488 4045 εἰ
1505 3990 1556 4044 Ραί
1577 3993 1580 4056 Ι
1601 3983 1640 4044 έλ-

335 4067 672 4142 z6vwvAc⁰011·Ausgg.
691 4070 846 4144 ίλληνικαῖν
864 4075 1031 4131 PatBDEH
1056 4079 1059 4144 Ι
1083 4077 1185 4145 μωῦσῆ
1208 4079 1339 4144 AAusgg.
1362 4082 1446 4143 μωσῆ
1471 4075 1567 4130 BRob.
1584 4091 1641 4140 μοι·

336 4165 382 4214 σεῖ
398 4157 563 4212 ΡείΟΒΕΗ
578 4161 582 4226 Ι
599 4159 637 4214 14
656 4153 715 4226 <ἐν>
737 4159 802 4226 stige
820 4161 862 4212 ich
882 4161 932 4215 mit
950 4161 1009 4215 Del.
1022 4179 1047 4216 u.
1060 4161 1128 4215 Rob.
1147 4157 1195 4215 au's
1213 4161 1240 4213 Φ
1258 4161 1303 4214 ein
1319 4163 1322 4226 Ι
1340 4161 1377 4216 15
1398 4154 1422 4230 ἢ]
1442 4181 1459 4230 η
1479 4159 1565 4227 τοίίὶς
1583 4175 1640 4212 aus·

335 4243 497 4312 gebroeh0n‚
516 4243 586 4296 doch
598 4243 713 4312 Spiritus
731 4260 757 4298 u.
770 4247 873 4298 Accent
891 4246 1023 4312 erhalten,
1041 4250 1065 4300 A
1080 4249 1085 4314 Ι
1102 4247 1140 4302 16
1160 4239 1184 4315 ἢ]
1203 4247 1252 4300 καί
1270 4245 1394 4314 Pat124
1412 4241 1548 4311 ἐκείνους]
1567 4238 1582 4296 ἰ
1598 4242 1640 4295 bis

335 4327 386 4381 auf
401 4328 453 4382 den
472 4327 586 4398 Spiritus
604 4327 807 4398 ausgebrochen
825 4333 850 4384 A
874 4333 878 4396 Ι
903 4330 942 4386 26
966 4332 1044 4401 δοκῇ]
1063 4331 1154 4385 οἰοίετ
1171 4349 1189 4386 κ
1208 4348 1259 4384 nur
1277 4330 1321 4384 ein
1338 4328 1570 4384 Buchstabenrest
1587 4326 1640 4379 mit

335 4412 495 4467 Circumflex
518 4412 636 4467 darssber
660 4415 797 4478 arbaston,
815 4417 897 4470 δοκεῖ
910 4417 976 4470 oder
993 4419 1085 4482 δοκοῖ,
1109 4415 1175 4469 aber
1196 4415 1274 4468 nieht
1296 4417 1365 4482 δσκῆ
1382 4414 1431 4467 hat
1448 4411 1639 4482 ursprflnglich

334 4497 570 4566 dagestanden.A
595 4501 598 4566 Ι
622 4499 659 4556 27
689 4495 787 4570 λόγοις
806 4502 941 4570 AAusgg.
960 4501 1067 4570 λογίοις
1086 4500 1190 4557 Φ11ο1).
1214 4502 1218 4568 Ι
1243 4500 1282 4556 29
1309 4491 1433 4568 ὑγιεινόν
1452 4496 1565 4558 Φίίοίι,
1585 4496 1638 4564 vgl.

335 4585 418 4636 unten
437 4582 462 4635 S.
480 4585 530 4638 209
549 4583 575 4638 Z.
594 4585 619 4646 9,
637 4577 766 4653 ίιγιαῖνσν
784 4587 915 4653 AAusgg.
939 4587 943 4653 Ι
967 4585 1006 4642 30
1025 4577 1115 4650 οὕτως
1132 4585 1189 4639 ΔΦ
1207 4575 1283 4640 οὕτω
1303 4583 1481 4651 Αυεςςίλοο.
1498 4585 1501 4650 Ι
1522 4583 1557 4637 31
1572 4599 1639 4650 μαν-

334 4661 475 4731 θάνοντες
491 4671 620 4736 AAusgg.
639 4665 782 4734 μαθόντες
802 4668 900 4723 ΦΒσί).
