3780 5538
623 499 715 554 πνοι
732 501 868 554 muz
893 499 921 556 ι.
951 500 981 571 ε,
1000 503 1023 553 1.
1041 499 1066 553 2.
1094 499 1125 570 ο,
1143 501 1167 552 1.
1478 503 1538 566 317

238 669 410 752 λογισμῶν
429 665 484 732 ἐπὶ
503 659 568 750 τήν
588 661 778 750 προσευχήν
798 667 969 747 ἐλθετέον,
992 657 1065 733 ἀλλ’
1082 655 1160 732 οῦδὲ
1179 667 1283 748 χωρὶς
1304 657 1541 746 καθαρεῦσεως

238 763 330 833 ἐστιν
351 765 526 850 ἐπινοῆσαι
548 765 727 850 γινομένην
748 768 812 849 ,τῇ
833 766 1021 849 προσευχή“
1044 757 1181 850 σχολήν·
1203 755 1276 831 ἀλλ’
1293 757 1370 831 οῦδὲ
1389 755 1540 846 ἀφέσεως

238 856 492 950 ἁμαρτημάτων
523 856 597 931 οίόν
627 888 664 930 τε
694 877 806 948 τυχεῖν
837 858 900 932 τὸν
930 856 1120 948 εῦχόμενον,
1150 858 1195 948 μή
1221 855 1290 930 άπδ
1318 865 1379 948 τής
1404 863 1541 946 καρδίας

240 957 386 1046 ἀφιέντα
408 967 459 1050 τῷ
481 956 777 1049 πεπλημμεληκότι
797 965 856 1030 καὶ·
875 959 1071 1048 συγγνώμης
1093 977 1204 1046 τυχεῖν
1225 955 1376 1044 ἀξιοῦντι
1394 954 1541 1048 άδελφῴ.

203 1075 221 1128 5
322 1071 349 1130 2.
386 1055 555 1146 ω’φέλειαν
582 1065 617 1130 δὲ
644 1063 832 1148 ἐγγίνεσθαι
858 1064 910 1148 τῷ
938 1053 979 1131 ὃν
1004 1066 1055 1130 δεῖ
1079 1055 1211 1147 τρόπον
1238 1055 1406 1148 εὐχομένην
1433 1052 1455 1146 ἢ
1486 1062 1541 1128 ἐπὶ

239 1168 344 1232 τοῦτο
375 1158 462 1230 κατὰ
494 1158 535 1231 τὸ
562 1155 709 1230 δυνατὸν
735 1161 947 1248 ἐπειγομένῳ·
967 1164 1149 1246 πολλαχῶς
1175 1153 1317 1247 ἡγοῦμαι
1343 1165 1540 1245 συμβαίνειν.

237 1267 292 1330 καὶ
317 1255 460 1348 πρῶτόν
486 1287 522 1348 γε
547 1255 689 1340 πάντως
716 1251 832 1328 οῦνατό
857 1285 892 1328 τι
918 1251 937 1328 δ
963 1255 1049 1344 πρὸς
1070 1254 1111 1328 τὸ
1134 1253 1294 1343 εῦξασθαι
1316 1263 1434 1340 ταθεὶς
1453 1255 1541 1328 κατὰ

238 1357 301 1430 τὸν
321 1363 414 1442 νοῦν,
435 1353 476 1430 δι’
491 1353 595 1446 αῦτής
611 1364 671 1447 τῆς
689 1361 792 1446 ἐντῷ
808 1350 964 1444 εῦχεσθαι
984 1352 1224 1439 καταστάσεως
1244 1361 1317 1446 θεοῦ
1340 1354 1542 1446 παριστάναι

240 1456 362 1528 ἑαυτὸν
397 1462 452 1528 καί
488 1455 634 1546 παρόντι
669 1460 787 1547 ἐκείνῳ
823 1461 930 1545 λέγειν
964 1463 1167 1544 σχηματίσας
1202 1452 1250 1538 οῦς
1280 1460 1454 1544 έφορεῦντι
1484 1467 1539 1528 καὶ

188 1580 221 1634 10
239 1554 395 1645 παρόντι.
441 1549 554 1644 ὥσπερ
585 1555 648 1646 γάρ
680 1560 713 1628 α1
746 1561 873 1628 τοιαίδε
903 1559 1085 1642 φαντασίαι
1114 1561 1167 1626 καὶ
1199 1551 1402 1644 ῦπομνήσεις
1432 1562 1544 1628 τῶνδέ

240 1687 348 1728 τινων
374 1664 451 1746 περὶ
478 1655 535 1738 τά,
563 1647 614 1727 ὧν
640 1652 815 1745 γεγόνασιν
841 1658 875 1726 αἱ
896 1650 1107 1743 ὑπομνήσεις,
1129 1653 1311 1742 μολῦνουσι
1333 1655 1413 1738 τοῦς
1434 1666 1542 1744 λογισ-

239 1757 321 1844 μοῦς
340 1755 421 1838 τοῦς
435 1760 472 1826 ἐν
487 1761 600 1827 ταῖσδε
614 1775 688 1838 ταῖς
703 1761 904 1842 φαντασίαις
925 1760 1173 1843 γεγενημένους,
1197 1752 1259 1824 τὸν
1281 1750 1388 1824 αῦτὸν
1410 1749 1542 1842 τρόπον

240 1861 397 1926 πειστέον
433 1849 644 1944 ὀνησιφόρον
681 1856 767 1926 εἶναι
801 1850 934 1943 μνήμην
968 1859 1234 1942 πεπιστευμένου
1270 1859 1332 1924 τοῦ
1367 1860 1452 1925 θεοῦ
1487 1861 1541 1924 καὶ

239 1960 494 2035 κατανοοῦντος
525 1953 567 2025 τά
600 1959 636 2026 ἐν
667 1959 719 2042 τῷ
750 1948 864 2043 άδῦτφ
896 1957 957 2040 τῆς
983 1958 1090 2042 ψυχῆς
1116 1949 1292 2042 κινήματα,
1320 1951 1543 2042 ὁυθμιζοῦσης

189 2075 222 2128 15
242 2053 366 2142 ἑαυτήν
401 2049 553 2140 άρέσκειν
589 2050 637 2133 οἱς
671 2049 818 2140 παρόντι
852 2057 908 2120 καὶ
945 2049 1171 2123 ἐποπτεύοντι
1199 2059 1254 2124 καὶ
1285 2049 1459 2139 φθάνοντι
1489 2055 1541 2122 ἐπὶ

239 2150 354 2224 πάντα
385 2157 470 2222 νοῦν
503 2158 553 2242 τῷ
584 2148 741 2238 έτάςοντι
766 2159 945 2240 ,,καρδίας“
966 2157 1022 2221 καὶ
1043 2155 1226 2240 ἐρευνῶντι
1251 2150 1444 2239 ,,νεφροῦς.“
1488 2155 1542 2222 ἵνα

239 2251 302 2340 γάρ
334 2246 413 2322 καθ’
443 2245 777 2340 ῦπῦθεσινμηδεμία
803 2252 854 2322 ἐτι
879 2248 971 2340 παρὰ
998 2249 1128 2340 ταύτην
1154 2248 1303 2338 ω’φέλεια
1330 2257 1465 2340 γένηται
1491 2257 1541 2341 τῴ

241 2347 494 2439 καταστήσαντι
524 2345 630 2420 αῦτοῦ
662 2348 724 2421 τὸν
757 2347 919 2440 λογισμὸν
949 2355 995 2432 είς
1025 2347 1066 2420 τὸ
1098 2345 1266 2438 εῦχεσθαι,
1298 2347 1338 2422 οῦ
1369 2349 1409 2421 τὸ
1441 2350 1543 2440 τυχὸν

239 2455 423 2539 ἐννοητέον
444 2457 558 2533 λαβεῖν
580 2446 643 2519 τὸν
664 2443 778 2532 οῦτως
799 2445 950 2532 εῦλαβῶς
973 2447 1096 2520 ἑαυτὸν
1116 2451 1327 2539 ῥυθμίσαντα
1349 2453 1386 2519 έν
1407 2457 1459 2540 τῷ
1483 2457 1543 2540 τής

188 2570 222 2624 20
240 2546 338 2638 εῦχής
367 2553 484 2637 καιρῷ.
528 2553 632 2618 τοῦτο
664 2553 699 2618 δὲ
725 2545 904 2638 γινόμενον
930 2545 1094 2632 πολλάκις
1120 2541 1211 2618 όσων
1237 2543 1416 2638 ἀφίστησιν
1441 2547 1542 2641 άμαρ-

241 2645 405 2737 τημάτων
430 2652 486 2718 καί
513 2643 566 2734 ἐφ’
595 2639 656 2720 όσα
684 2653 776 2736 φέρει
804 2655 878 2720 τοῦν
902 2645 1194 2737 κατορθωμάτων,
1216 2652 1303 2720 ίσασι
1325 2655 1367 2738 τή
1388 2659 1488 2743 πείρα
1511 2654 1543 2723 οἱ

239 2752 475 2836 συνεχέστερον
502 2753 554 2836 τῷ
583 2742 739 2836 εῦχεσθαι
766 2747 907 2830 ἑαυτοὺς
928 2743 1179 2830 έπιδεδωκῦτες.
1222 2751 1251 2820 εί
1272 2749 1335 2838 γάρ
1357 2745 1543 2840 ῦπόμνησις

238 2853 294 2918 καὶ
330 2841 540 2935 άναπόλησις
575 2851 753 2936 ἐλλογίμου
786 2843 910 2936 άνδρδς
944 2853 998 2916 καὶ
1035 2843 1255 2936 αῦφελημένου
1284 2853 1321 2919 ἐν
1353 2855 1455 2942 σοφίη
1488 2853 1543 2921 ἐπὶ

241 2953 344 3036 ζήλον
375 2942 461 3035 ήμῦις
494 2941 602 3018 αῦτοῦ
631 2957 851 3034 προκαλεῖται
881 2954 936 3018 καὶ
967 2943 1131 3029 πολλάκις
1157 2951 1324 3035 ἐμποδίζει
1351 2942 1456 3037 δρμδις
1483 2948 1543 3032 τάς

189 3065 222 3118 25
239 3049 294 3117 ἐπὶ
323 3043 364 3116 τὸ
390 3063 511 3132 χεῖρον,
538 3042 635 3134 πόσῳ
661 3052 768 3117 πλέον
794 3052 879 3117 θεοῦ
905 3053 969 3118 τοῦ
995 3054 1067 3118 τοῦν
1090 3039 1183 3118 όλων
1204 3045 1336 3136 πατρὸς
1357 3043 1544 3137 ῦπόμνησις

191 3144 322 3233 ῖνμετά
358 3150 421 3233 τής
450 3141 537 3230 πρὸς
568 3140 676 3215 αῦτὸν
707 3142 804 3235 εῦχής
835 3140 965 3232 ὀνίνησι
996 3145 1076 3226 τοῦς
1106 3151 1296 3234 πεί)σαντας
1323 3146 1462 3229 ἑαυτοὺς
1490 3140 1544 3219 ότι

239 3240 386 3330 παρόντι
407 3251 464 3314 καὶ
486 3239 649 3316 άκοῦοντι
670 3243 899 3335 παρεστήκασι
919 3251 974 3313 καὶ
996 3249 1127 3332 λέγουσι
1148 3251 1238 3334 θεῴ;

322 3365 367 3428 lX
391 3372 415 3430 1.
452 3367 750 3432 Κατασκευαστέον
776 3367 811 3433 δέ
838 3357 906 3432 άπὸ
937 3369 1010 3432 τῶν
1031 3367 1139 3432 θείων
1161 3368 1305 3450 γραφῶν
1326 3361 1369 3432 τά
1392 3365 1544 3452 εἰρημένα

241 3466 368 3531 τοῦτον
394 3458 459 3531 τὸν
485 3455 625 3548 τρόπον.
667 3465 817 3548 ἐπαίρειν
843 3464 894 3529 δεῖ
913 3456 1028 3545 ,ὁσίας
1047 3471 1178 3549 χεῖρας(
1202 3460 1265 3532 τὸν
1286 3457 1469 3549 εῦχόμευον
1491 3462 1544 3534 διά

189 3566 303 3630 3οτοῦ
323 3555 458 3646 άφιέναι
480 3555 611 3648 ἑκάστῳ
634 3567 708 3630 τῶν
729 3566 774 3642 είς
796 3555 904 3631 αῦτὸν
926 3555 1274 3649 πεπλημμεληκότων,
1297 3559 1338 3632 τό
1360 3567 1421 3651 τής
1444 3557 1545 3652 ῦργής

324 3754 340 3808 2
359 3753 430 3823 [vgl.
440 3754 451 3806 1
462 3753 525 3810 Kor.
535 3757 558 3818 7,
569 3757 593 3810 5.
604 3755 645 3824 -]
658 3753 827 3823 VgLMatth.
838 3757 912 3814 6,12.
925 3753 992 3808 Luk.
1003 3757 1043 3818 11,
1052 3757 1077 3808 4.
1091 3784 1123 3792 -
1136 3754 1175 3810 14
1188 3753 1250 3824 ng
1262 3754 1334 3810 Psal.
1345 3756 1402 3820 138,
1415 3757 1490 3811 2-5.
1504 3757 1545 3812 23.

241 3869 272 3878 -
288 3840 325 3895 15
342 3839 404 3908 Vgl.
418 3838 542 3893 Clemens
554 3839 640 3903 Alex..
660 3839 757 3892 Strom.
772 3838 822 3892 VII
840 3841 864 3901 7,
876 3839 910 3893 36
922 3855 946 3892 ε.
959 3837 990 3892 Ε.
1008 3855 1033 3908 p.
1044 3838 1095 3892 852
1113 3839 1155 3893 εδ.
1169 3839 1269 3894 Potter.
1288 3870 1321 3878 -
1341 3841 1379 3897 18
1398 3841 1461 3910 vgl.
1475 3841 1545 3896 Psal.

241 3927 264 3984 7.
279 3925 318 3978 10.
336 3923 433 3978 Jerem.
448 3927 487 3989 11,
500 3924 540 3978 20.
561 3925 655 3984 17,10.
673 3923 788 3991 8111118,
807 3925 847 3978 27.
871 3922 959 3993 Apok.
972 3922 1032 3976 Joh.
1046 3924 1069 3986 2,
1082 3923 1123 3978 23.
1135 3954 1168 3962 -
1186 3924 1225 3979 22
1245 3925 1307 3993 Vgl.
1322 3925 1446 3980 Clemens
1460 3926 1546 3993 Alex„

240 4007 337 4063 Strom.
351 4009 402 4061 VH
416 4011 439 4070 7,
452 4009 485 4064 35
496 4025 522 4078 p.
535 4010 584 4063 851
598 4007 640 4064 εδ.
653 4007 754 4062 Ρολίοε.
766 4037 799 4047 -
811 4007 851 4062 28
865 4007 928 4076 vgl.
941 4007 954 4060 I
965 4007 1034 4060 Tim.
1045 4008 1068 4066 2.
1081 4008 1105 4062 8.
1124 4007 1223 4063 Μειδία.
1236 4011 1260 4076 6,
1274 4012 1313 4064 12,
1328 4013 1368 4064 14.
1388 4011 1455 4065 Luk.
1469 4014 1508 4074 11,
1520 4015 1545 4066 4.

325 4159 343 4214 5
368 4153 518 4228 ὠφέλειαν]
538 4152 624 4229 ὤφελ’
644 4159 690 4229 [so]
708 4158 730 4212 Τ
745 4161 749 4226 Ι
768 4161 781 4216 7
802 4151 877 4228 πρός
893 4151 937 4227 τό]
956 4150 1030 4230 πρδς
1047 4159 1087 4231 τῷ
1105 4159 1184 4212 Bent.
1202 4159 1256 4226 (bei
1268 4161 1327 4215 Del.
1340 4162 1351 4213 I
1364 4163 1415 4216 210
1426 4165 1507 4216 Anm.
1518 4164 1546 4230 ε.)

242 4237 300 4313 πρδ
323 4249 376 4298 τοῦ
397 4244 565 4314 Vermutung
587 4244 694 4298 ebenda
718 4244 721 4310 Ι
746 4243 764 4298 8
786 4237 962 4314 παριστάναι
985 4241 1057 4296 Wet.
1075 4238 1254 4313 παρεστάναι
1276 4244 1355 4298 TOx.
1366 4245 1451 4299 Lond.
1462 4245 1520 4300 Del.
1541 4247 1544 4313 )

243 4328 261 4383 θ
279 4323 403 4396 παρόντι
421 4337 455 4388 <
472 4327 532 4382 Del.
553 4330 556 4397 )
578 4329 617 4384 10
635 4320 767 4397 παρόντι]
795 4322 932 4381 οἷκοῦοντι
950 4327 1088 4380 vermutet
1104 4327 1185 4396 Angl.
1205 4327 1259 4396 (bei
1276 4329 1335 4384 Del.
1353 4332 1472 4400 1914b)‚
1491 4331 1546 4400 vgl.

241 4417 326 4467 παῖσα
348 4412 374 4466 Ζ.
392 4413 425 4466 27
449 4417 453 4480 )
477 4429 522 4466 am
545 4413 625 4466 Rand
648 4417 684 4482 σῐχ
707 4429 761 4466 von
784 4413 804 4465 1.
821 4411 854 4464 Η.
876 4411 898 4464 'l'
921 4417 925 4479 1
951 4411 990 4466 18
1016 4410 1247 4482 πεπιστευμένου]
1271 4409 1464 4483 ἐφισταμένου
1481 4415 1547 4470 oder

243 4492 434 4563 ἐπισταμένου
452 4499 682 4554 νεαωυ1ε1Βεπ1.
700 4497 754 4562 (bei
771 4495 856 4551 Del.1
873 4497 924 4550 210
940 4494 1069 4562 Αοω.1)),
1086 4495 1303 4564 παρισταμένου
1319 4499 1401 4568 Angl.
1420 4499 1475 4568 (bei
1487 4499 1547 4554 Del.

244 4581 347 4648 19158)
365 4581 436 4636 ohne
454 4583 549 4636 Grund
578 4585 581 4652 Ι
610 4583 647 4639 18
671 4576 771 4650 αὐτοῦ]
795 4573 884 4636 αῦτοῦ
901 4580 986 4634 Lond.
1010 4582 1015 4647 Ι
1039 4581 1079 4636 20
1101 4571 1325 4652 ἁμαρτημάτων]
1344 4577 1547 4656 ἂμαρτητημά-

244 4683 301 4720 των
317 4665 358 4732 Τ)
373 4665 488 4724 22-28
505 4685 550 4722 σω
568 4667 646 4722 Βοοδ
666 4673 701 4736 σῇ
720 4683 773 4720 von
792 4667 810 4720 Ι.
823 4665 856 4718 Η.
874 4664 904 4718 Τ.
