3790 5526
342 443 400 505 120
880 437 1102 493 ,ΩΡΙΡΕΝΟΥΣ

339 597 496 686 σώματος
528 599 612 670 είναι
642 595 690 683 ῶς
721 593 805 672 ὅλου
837 599 957 672 τοῦσδε
991 599 1086 686 τινάς
1121 599 1202 682 τοῦς
1236 597 1473 683 πιστεύοντας·
1504 604 1641 726 ἐπείπερ

341 691 454 784 ῶσπερ
480 696 569 787 φυγὴ
601 709 762 789 ζωοποιεῖ
791 709 847 772 καί
876 718 964 772 κινεῖ
991 701 1032 773 τὸ
1064 706 1160 792 σῶμα
1190 695 1232 772 06
1251 699 1403 787 πεφυκὸς
1425 695 1484 828 66'
1516 699 1640 772 ἑαυτοῦ

339 806 482 869 κινείθαι
505 805 669 884 ζωτικῶς,
691 792 805 884 σῦτως
826 795 845 872 6
868 797 968 889 λόγος
988 807 1097 872 κινῶν
1118 799 1233 871 ἐπὶ
1196 831 1239 872 τα
1265 805 1398 871 δέοντα
1409 806 1466 870 καὶ
1491 803 1640 888 ἐνεργῶν

340 894 381 968 τό
403 887 487 968 όλον
508 901 606 986 σῶμα
626 896 691 988 τὴν
711 903 890 988 ἐκκλησίαν
910 917 997 971 κινεῖ
1014 906 1070 970 καί
1093 900 1236 970 ἕκαστον
1256 904 1357 990 μέλος
1383 906 1457 970 τῶν
1483 895 1552 972 άπὸ
1580 905 1642 988 τῆς

306 999 519 1085 δέκκλησίας,
542 992 619 1067 οῦδὲ
604 1003 641 1067 έν
661 1005 765 1087 χωρις
786 995 889 1088 λόγου
909 996 1119 1089 πράττοντα.
1156 1003 1247 1087 εἴπερ
1269 991 1333 1069 οῦν
1349 1004 1455 1071 τοῦτο
1471 995 1533 1070 σῦκ
1548 995 1642 1070 εῦκα

340 1090 559 1184 ταφρόνητον
580 1093 629 1178 ῶς
651 1095 780 1184 οῖμαι”
764 1125 829 1187 εχει
850 1095 1068 1182 ἀκολουθίαν,
1090 1105 1124 1169 τί
1144 1097 1294 1187 χαλεπόν
1316 1104 1358 1184 τῇ
1381 1093 1468 1190 άκρᾳ
1490 1105 1545 1169 καί
1564 1093 1642 1169 άνυ-

338 1191 517 1284 περβλήτφ
539 1203 704 1289 κοινωνίᾳ
724 1196 812 1288 πρὸς
833 1199 897 1270 τὸν
919 1194 1107 1286 αῦτολόγον
1122 1196 1187 1287 τὴν
1201 1195 1303 1289 Ἰησοῦ
1320 1195 1431 1287 φυγὴν
1443 1205 1500 1268 καί
1516 1193 1641 1284 ἁπαξα-

338 1301 434 1377 πλῶς
465 1295 529 1367 τὸν
553 1289 683 1384 Ἰησοῦν
706 1295 752 1386 μὴ
778 1304 983 1388 κεχωρίσθαι
1009 1301 1074 1369 τοῦ
1099 1302 1306 1386 μονογενοῦς
1331 1302 1386 1366 καί
1412 1292 1641 1384 πρωτοτόκου

338 1390 468 1484 ,πάσης
502 1399 665 1478 κτίσεως“
699 1391 775 1485 μηδ’
811 1397 928 1486 ίτερον
965 1400 1015 1468 ἔτι
1048 1395 1224 1485 τυγχάνειν
1254 1392 1377 1480 αῦτοῦ;
1410 1392 1497 1468 άλλά
1528 1401 1639 1467 ταῦτα

289 1505 321 1560 10
337 1500 399 1580 μὲν
419 1491 535 1581 ταῦτη.

419 1613 526 1680 XLIX.
556 1605 692 1732 Ἴρωμεν
718 1615 834 1682 δὲκαὶ
861 1612 904 1684 τὰ
930 1613 1014 1703 ἑξῆς,
1039 1616 1076 1684 έν
1102 1611 1153 1696 οίς
1177 1617 1238 1705 μιᾷ
1266 1617 1351 1699 λέξει
1373 1607 1639 1701 ἀποφηνάμενος

335 1717 392 1780 καί
412 1715 493 1800 μηδὲ
514 1707 601 1781 κατὰ
627 1709 670 1782 τὸ
695 1708 848 1783 πιθανόν
877 1741 912 1783 τι
942 1718 1051 1801 λέγων
1079 1729 1262 1802 κατηγορεῖ
1289 1717 1351 1802 τῆς
1380 1710 1468 1784 κατά
1490 1715 1638 1780 Μωῦσέα

335 1815 555 1938 κρσμοποιίας
570 1809 692 1881 είπῶν·
713 1811 773 1882 ἔτι
788 1839 828 1900 γε
848 1810 924 1902 μὴν
944 1819 1008 1884 καί
1025 1809 1321 1901 ἡκοσμογένεια
1335 1809 1437 1902 μάλα
1458 1806 1637 1931 2666626.

336 1939 363 1981 ει
356 1914 445 2000 ’μὲν
466 1901 530 1981 οῦν
554 1910 619 1982 τὸν
646 1905 853 2000 φαινόμενον
877 1907 973 2002 αὐτῷ
1003 1907 1135 1999 τρόπον
1161 1916 1225 1982 τοῦ
1252 1907 1444 1999 εῦηθικὴν
1470 1910 1555 1980 είναι
1582 1903 1636 1979 66

285 2007 419 2133 15162’
428 2017 486 2080 καί
514 2037 610 2093 τινας
640 2007 875 2100 πιθανότητας
903 1981 1153 2100 προηνέγκατο,
1184 2005 1249 2082 κάν
1283 2007 1521 2100 ἠγωνισάμεθα
1551 2007 1637 2096 πρὸς

335 2105 450 2192 αῦτάς·
473 2105 534 2180 οῦκ
556 2104 701 2199 εῦλογσν
722 2114 761 2180 δέ
779 2137 835 2200 μοι
857 2115 1013 2198 φαίνεται
1034 2111 1122 2200 πρὸς
1143 2109 1208 2199 τὴν
1223 2106 1396 2198 ἀπόφασιν
1412 2105 1518 2180 αὐτοῦ
1533 2134 1635 2178 κατα-

333 2206 499 2292 σκευάσαι,
520 2213 597 2280 τίνα
619 2205 752 2297 τρόπον
774 2205 836 2281 οῦκ
858 2213 950 2281 ἔστιν
971 2207 1147 2300 εῦηθική.

417 2313 446 2378 εί
467 2311 505 2377 δέ
524 2335 577 2390 τις
601 2306 758 2392 βοῦλιται
788 2308 830 2381 τά
860 2307 1045 2400 κινήσοντα
1075 2306 1159 2400 ἡμᾶς
1189 2315 1243 2381 καί
1274 2307 1357 2399 μετά
1388 2314 1449 2398 τῆς
1479 2311 1638 2394 φανείσης

333 2403 537 2494 ἀποδείξεως
568 2413 888 2480 κατασκευασθέντα
917 2415 993 2500 περί
1025 2417 1086 2499 τῆς
1120 2408 1208 2481 κατά
1238 2413 1388 2480 Μωῦσέα
1417 2410 1637 2496 κοσμοποιίσς

248 2511 524 2595 1551θεωίρῆσαι,
555 2510 688 2591 λαβέτω
719 2505 762 2578 τά
788 2516 1093 2598 πραγματευθέντα
1125 2505 1205 2598 ἡμῖν
1236 2514 1283 2592 είς
1312 2506 1378 2596 τὴν
1404 2513 1542 2577 Γένεσιν
1568 2500 1635 2576 άπὸ

333 2613 394 2696 τῆς
424 2602 527 2696 ἀρχῆς
553 2611 618 2677 τοῦ
640 2611 769 2690 βιβλίου
788 2613 883 2695 μέχρι
905 2613 968 2679 τοῦ
995 2603 1105 2698 ναῦτη
1131 2605 1152 2698 6
1178 2615 1290 2694 βίβλος
1315 2613 1477 2697 γενέσεως
1502 2599 1636 2693 άνθρῶ-

332 2713 442 2790 πων,“
464 2709 501 2776 έν
522 2705 572 2788 οίς
594 2703 825 2796 πεπειράμεθα
846 2702 903 2778 ἀπ’
926 2704 1042 2780 αῦτῶν
1064 2716 1137 2780 τῶν
1158 2713 1265 2780 θείων
1284 2715 1288 2794 Ι
1308 2705 1515 2797 γραμμάτων
1535 2733 1634 2776 κατα·
1652 2727 1701 2783 671

332 2803 496 2890 σκευάσαι,
521 2811 573 2888 τίς
594 2801 613 2878 6
635 2810 694 2892 ,έν
715 2802 819 2894 6666‘
841 2802 1021 2898 γενόμενος
1042 2805 1186 2898 οῦρανὸς
1212 2814 1266 2878 καί
1289 2813 1407 2897 γῆκαὶ
1429 2804 1471 2878 τό
1493 2811 1554 2895 τῆς
1575 2810 1634 2894 γῆς

332 2900 483 3026 άόρατον
507 2912 562 2976 καί
594 2902 897 2990 άκατασκεόαστον,
925 2913 979 2978 καὶ
1013 2915 1065 2992 τίς
1095 2903 1117 2998 6
1142 2903 1284 2992 ἄβυσσος
1309 2914 1365 2977 καὶ
1392 2903 1433 2977 τό
1455 2903 1507 2977 ἐπ’
1531 2902 1635 2994 αὐτῆς

280 3019 314 3075 25
331 3001 462 3092 σκότος,
486 3013 520 3076 τί
541 3033 579 3076 τε
601 3002 643 3124 τό
664 2998 757 3095 ῦδωρ
774 3011 829 3074 καί
846 3034 887 3076 το
874 3003 1206 3128 έπιφερὸμενον’
1163 3013 1258 3097 αυτῷ
1274 3012 1425 3095 ,πνεῦμα
1441 3035 1504 3077 του
1489 3012 1633 3092 θεοῦ,“

330 3113 386 3176 καί
407 3112 442 3176 τί
464 3103 505 3177 τὸ
526 3103 700 3228 γενητὸν,
702 3111 808 3192 ,φῶς,’
811 3113 877 3177 (τί
898 3135 965 3190 τε,
967 3105 1019 3192 ,τὸ
1042 3113 1234 3198 στερέωμα“
1256 3104 1348 3196 παρὰ
1372 3103 1465 3189 τὸν,
1466 3100 1632 3193 ,666666‘

330 3200 514 3294 γενόμενον
537 3201 692 3293 σῦρανὸν,
714 3211 770 3276 καί
792 3197 887 3276 οῦτω
909 3203 953 3277 τά
975 3208 1056 3297 εξῆς.

413 3301 614 3394 άπεφήνατο
630 3307 665 3374 δὲ
686 3300 787 3393 μάλα
808 3301 1003 3396 εῦηθικὴν
1026 3308 1110 3377 είναι
1125 3313 1188 3376 καί
1204 3304 1378 3395 τὴνπερί
1401 3301 1632 3392 άνθρῶπων
1727 3382 1730 3386 ,

330 3411 524 3494 γενέσεως
545 3401 712 3493 γραφὴν,
735 3401 819 3494 μήτε
840 3413 949 3490 τιθείς
971 3404 1031 3489 τάς
1053 3413 1168 3490 δείξεις
1187 3401 1264 3495 μήτ’
1280 3400 1529 3494 ἀγωνιζόμενος
1545 3401 1632 3491 πρὸς

279 3517 313 3573 30
329 3500 445 3587 αῦτάς·
468 3499 509 3576 οῦ
530 3502 593 3593 γάρ
616 3505 700 3592 είχεν
722 3505 813 3591 οἶμαι
828 3500 948 3594 λόγους
967 3501 1153 3594 άνατρέψαι
1168 3509 1372 3593 δυναμένους
1389 3501 1434 3574 τὸ
1456 3499 1562 3590 ,κατ’
1581 3505 1631 3572 εί-

329 3600 426 3676 κόνα
452 3609 574 3676 θεοῦ“
596 3609 842 3694 πεποιῆσθαι
870 3603 941 3676 τὸν
967 3601 1199 3694 ἄνθρωπον.
1236 3599 1311 3675 ἀλλ’
1335 3599 1411 3674 οῦδὲ
1433 3609 1534 3673 συνίει
1558 3601 1631 3674 τὸν

329 3701 404 3776 άπὸ
426 3710 523 3776 θεοῦ
545 3707 806 3792 φυτευθέντα
827 3702 1110 3794 ,παράδεισονί
1137 3712 1201 3775 καὶ
1224 3703 1297 3794 τὴν
1324 3707 1631 3792 προηγουμένην

359 3985 363 3992 ,
406 3925 430 3980 ’θ
451 3921 513 3990 Vgl.
532 3921 594 3977 Joh.
615 3924 638 3991 1,
657 3927 680 3978 1.
699 3951 733 3964 -
749 3924 767 3979 8
784 3922 847 3994 Vgl.
865 3925 926 3980 Joh.
946 3927 969 3989 1,
988 3923 1086 3979 1618.
1110 3925 1134 3990 3,
1153 3925 1193 3980 16.
1213 3925 1253 3980 12
1277 3924 1289 3977 I
1308 3923 1369 3978 Joh.
1387 3925 1412 3991 4,
1430 3925 1455 3980 9.
1479 3922 1576 3987 Rom,
1590 3924 1630 3976 15.

328 4037 361 4048 -
379 4007 416 4062 21
438 4007 504 4061 Gen.
523 4009 547 4070 5.
566 4010 589 4060 l.
608 4037 642 4046 -
660 4007 700 4065 22
719 4008 782 4078 Vgl.
800 4008 867 4064 Gen.
880 4013 904 4072 1,
918 4013 940 4064 1.
953 4011 977 4063 2.
994 4039 1027 4048 -
1044 4007 1084 4064 26
1101 4007 1164 4077 vgl.
1183 4009 1250 4064 Gen.
1264 4012 1287 4070 1,
1300 4010 1374 4063 3-5.
1392 4038 1426 4047 —
1445 4009 1506 4078 Vgl.
1520 4007 1587 4064 Gen.
1606 4010 1630 4074 1,

328 4093 403 4150 6-8.
422 4096 445 4148 1.
465 4123 496 4132 -
514 4091 553 4148 28
571 4090 634 4160 vgl.
653 4090 720 4146 Gen.
739 4095 763 4156 1,
781 4095 821 4149 26.
840 4095 881 4148 27.
898 4125 931 4133 -
950 4093 990 4150 20
1012 4091 1075 4162 Vgl.
1093 4091 1160 4146 Gen.
1179 4095 1202 4158 1,
1221 4093 1262 4146 27.
1280 4122 1313 4132 -
1331 4091 1370 4148 22
1394 4091 1457 4163 Vgl.
1477 4093 1544 4148 Gen.
1562 4093 1586 4161 2,
1604 4092 1630 4147 8.

412 4278 430 4334 2
449 4271 576 4347 πεφυκὸς
593 4277 796 4348 womAusgg.
815 4273 1013 4348 πεφυκότοςλ
1030 4279 1034 4346 Ι
1050 4277 1068 4333 θ
1087 4266 1179 4341 σῦτως
1196 4277 1332 4345 MAusgg.
1352 4268 1428 4332 οῦτοι
1441 4280 1465 4330 Δ
1479 4267 1555 4331 οῦτω
1573 4277 1629 4339 καί,

329 4361 467 4417 vielleicht
488 4361 601 4431 richtig,
620 4363 643 4416 P
662 4363 748 4418 durch
767 4361 912 4432 Conjeetur
931 4365 935 4430 Ι
955 4363 974 4417 θ
996 4357 1064 4431 μηδ’
1081 4355 1192 4433 έτερσν]
1214 4359 1373 4433 μηδέτερον
1395 4362 1419 4415 Α
1443 4362 1447 4430 Ι
1471 4359 1564 4416 2-11
1585 4377 1629 4414 σοι

327 4446 406 4501 Rand
432 4445 480 4500 der
501 4440 995 4516 mit¹ldmmsch1iessendenzeile
1018 4463 1071 4501 von
1093 4449 1185 4517 ερῦεεε
1204 4445 1286 4500 Hand
1311 4463 1345 4500 το
1364 4445 1514 4515 σείςεεσίιι.
1533 4446 1557 4499 Δ
1573 4445 1577 4513 Ι
1594 4444 1630 4500 12

326 4527 450 4600 μωῦσέα,
477 4530 548 4584 doch
574 4531 590 4586 6
613 4549 665 4586 von
689 4533 709 4586 Ι.
727 4531 762 4586 Η.
781 4531 996 4599 flbergeschr.A
1020 4532 1025 4598 Ι
1049 4531 1087 4586 28
1109 4526 1265 4600 γενόμενος
1287 4531 1329 4583 M²
1346 4531 1402 4600 (am
1420 4529 1510 4598 nand)
1528 4529 1630 4598 Ausgg.

327 4611 495 4687 γιγνόμενος
513 4617 535 4668 Α
552 4617 612 4686 124
631 4609 736 4690 άβυσος
753 4620 785 4670 Δ.
