3718 5506
585 519 686 576 τινι
711 520 870 576 λοιπον
894 521 919 578 v
944 521 985 578 30.
1004 519 1046 574 υ.
1063 520 1104 574 32.
1454 525 1492 588 33

186 675 282 768 αύτῷ
312 675 429 770 ῶσπερ
460 683 492 752 οί
523 677 629 754 ἄλλοι.
670 689 825 766 βλεπέτω
853 677 929 752 δ’ὁ
956 679 1140 772 δυνάμενος
1167 677 1214 766 σός
1236 686 1272 753 ἐν
1294 675 1493 768 ἀνθρώποις
1510 697 1668 768 Ph.185,1l

186 783 225 850 έν
250 787 292 868 τῇ
319 778 458 852 τούτων
483 788 638 874 πολιτείᾳ
665 791 739 854 τῶν
761 787 977 870 τεταγμένων
997 781 1083 852 κατὰ
1106 779 1171 870 τήν
1193 786 1419 870 διαφέρουσαν
1439 809 1492 870 με·

187 885 263 966 ρίδα
288 885 341 970 τῶ
366 885 472 970 κυρίῳ
501 887 675 970 γινομένας
697 878 872 971 ἁμαρτίας,
898 878 1068 968 πρότερον
1091 887 1153 968 μὲν
1178 877 1320 962 ἀνεκτός
1345 889 1402 952 καὶ
1424 911 1492 952 τοι·

187 975 301 1062 αύτας,
324 975 372 1062 ῶς
392 978 438 1068 μή
459 977 573 1068 πάντη
595 977 708 1067 ἀξίους
729 981 815 1052 είναι
836 977 959 1064 αύτούς
981 985 1044 1050 τοῦ
1066 985 1376 1069 ἐγκαταλείπεσθαι,
1397 975 1491 1052 όστε-

154 1099 170 1150 5
187 1107 252 1166 ρον
273 1085 308 1150 δὲ
330 1085 491 1162 πλείονας
512 1085 573 1169 μὲν
594 1076 667 1152 ἀλλ’
684 1084 734 1152 ἔτι
754 1077 910 1164 ἀνεκτός·
931 1087 987 1151 καὶ
1009 1076 1104 1152 τοῦτ’
1127 1083 1182 1150 ἐπὶ
1203 1085 1345 1150 πλείονα
1366 1077 1493 1168 χρόνον

188 1185 283 1248 νοῶν
309 1175 491 1266 γινόμενον
514 1188 571 1252 καί
595 1177 645 1252 ἀεὶ
672 1187 859 1270 θεραπείαν
884 1185 1141 1268 προσαγομένην
1167 1186 1223 1250 καὶ
1245 1183 1282 1249 ἐκ
1303 1177 1493 1268 διαλειμμά-

190 1307 263 1348 των
293 1277 438 1362 τούτους
469 1283 753 1368 ἐπιστρέφοντας,
783 1273 899 1369 ὁράτω
927 1275 1051 1362 αύτούς
1076 1283 1383 1366 καταλειπομένους
1404 1277 1492 1350 κατὰ

190 1375 253 1465 τήν
278 1373 464 1468 ἀναλογίαν
492 1386 565 1450 τῶν
591 1375 882 1468 ἁμαρτανομένων
908 1397 980 1462 τοῖς
1003 1384 1141 1465 λαχοῦσι
1164 1377 1225 1460 τὰς
1246 1373 1349 1460 ἀλλας
1369 1378 1492 1468 χώρας,

105 1493 151 1544 131
186 1473 357 1562 πρότερον
386 1483 448 1566 μὲν
476 1481 532 1550 ἐπὶ
555 1482 567 1567 ΙΙ
591 1476 633 1550 τό
664 1479 811 1549 ἔλαττον
840 1474 964 1560 αύτούς
993 1483 1226 1560 κολασθέντας
1251 1483 1306 1546 καὶ
1334 1484 1493 1560 τίοαντας
1510 1491 1560 1546 601

139 1589 170 1644 10
186 1579 297 1664 δίκην,
327 1573 473 1664 ῶσπερεί
497 1581 759 1662 παιδευθέντας,
786 1581 987 1648 ἐπανελθεῖν
1013 1580 1059 1659 είς
1081 1575 1123 1647 τό
1145 1581 1262 1646 οίκετα·
1291 1570 1492 1662 ὕστερονδὲ

185 1679 340 1754 βλεπέτω
363 1671 488 1757 αύτούς
507 1681 795 1766 παραδιδομένους
819 1681 1072 1765 χαλεπωτέροις
1097 1670 1266 1764 ἄρχουσιν,
1285 1673 1333 1760 ῶς
1354 1670 1397 1746 όῖν
1417 1670 1493 1747 όνο·

185 1769 326 1860 μάσαιεν
349 1778 382 1845 αἱ
404 1781 540 1862 γραφαί,
555 1771 736 1865 Ἀσσυρίοις
757 1778 830 1847 είτα
849 1780 1091 1859 Βαβυλωνίοις.
1133 1777 1206 1846 είτα
1227 1781 1492 1864 προσαγομένων

187 1879 384 1960 θεραπειῶν
410 1869 526 1961 δρότω
552 1873 697 1958 τούτους
723 1872 822 1946 ούδίν
848 1866 956 1964 ἦττον
979 1869 1145 1960 αὔξοντας
1167 1873 1210 1945 τὰ
1231 1871 1492 1962 ἁμαρτανόμενα

185 1979 241 2041 καί
274 1970 329 2043 διό
359 1970 454 2044 τοῦτ’
476 1977 771 2064 ἐπισπειρομέιόυς
800 1971 868 2045 ἀπὸ
899 1981 972 2046 τῶν
999 1970 1260 2062 διαρπαζόντων
1286 1970 1409 2056 αύτούς
1434 1969 1491 2060 ἀρ-

136 2085 168 2138 15
184 2065 326 2158 χόντων
347 2079 421 2144 τῶν
442 2079 576 2144 λοιπῶν
597 2077 712 2144 ἐθνῶν
734 2091 806 2156 ταῖς
828 2068 945 2156 ἄλλοις
965 2079 1101 2162 μερίσιν.
1145 2068 1164 2143 ὁ
1187 2069 1221 2142 δ’
1235 2068 1351 2160 ἄρχων
1373 2068 1491 2142 αὐτῶν

185 2173 343 2258 ἐπίτηδες
363 2169 550 2260 παρορότω
572 2176 858 2262 διαρπαζομένους
880 2169 1003 2254 αύτούς
1023 2168 1091 2242 όπό
1114 2179 1187 2242 τῶν
1209 2177 1247 2243 ἐν
1268 2189 1340 2256 τοϊς
1359 2182 1492 2254 λοιποῖς

186 2271 324 2340 ἔθνεσιν
345 2267 537 2360 ἀρχόντων·
566 2275 621 2342 ίνα
646 2279 702 2341 καί
725 2267 827 2354 αύτός
849 2267 1005 2359 εόλόγως,
1028 2269 1172 2359 ῶσπερεὶ
1194 2269 1317 2342 ἑαυτὸν
1337 2275 1491 2354 ἐκδικῶν,

186 2370 303 2452 λαβῶν
328 2373 483 2456 ἐξουσίαν
508 2367 701 2442 ἀποσπάσαι
731 2378 804 2442 τῶν
829 2377 964 2440 λοιπῶν
984 2373 1100 2441 ἐθνῶν
1126 2366 1187 2454 σός
1212 2363 1254 2440 όν
1275 2368 1425 2459 δύνηται,
1449 2367 1491 2442 τό

187 2473 327 2540 τοιοῦτο
353 2467 477 2558 ποιήσῃ
501 2475 556 2540 καί
583 2465 706 2558 νόμους
732 2499 770 2540 τε
792 2465 908 2552 αὐτοῖς
931 2475 1036 2558 θήται
1057 2475 1113 2540 καί
1134 2476 1209 2554 βίον
1229 2465 1389 2558 ύποδείξη
1410 2467 1490 2540 καθ’

133 2581 168 2634 ’.ΙΙ
187 2563 229 2636 ὃν
248 2573 408 2654 βιωτέον·
438 2573 492 2640 ἵνα
514 2567 638 2651 αύτούς
659 2565 809 2658 ἀναγάγη
831 2571 885 2639 ἐπὶ
908 2575 1015 2652 τέλος,
1037 2565 1090 2656 ἐφ’
1114 2563 1197 2659 ὅπερ
1219 2566 1321 2658 ἀνῆγε
1343 2569 1423 2652 τούς
1444 2567 1491 2658 μή

186 2661 446 2756 ἁμαρτάνοντας
466 2663 535 2740 ἀπό
557 2673 620 2740 τοῦ
641 2673 810 2756 προτέρου
831 2671 961 2750 ἔθνους.

270 2769 398 2836 xxm
434 2774 500 2837 Καὶ
528 2765 582 2838 διὰ
613 2765 741 2838 τούτου
768 2772 1040 2855 μανθανέτωσαν
1067 2771 1100 2838 οί
1126 2765 1307 2857 δυνάμενοι
1331 2767 1375 2838 τὰ
1399 2779 1489 2860 τηλι-

185 2871 295 2936 καῦτα
317 2869 455 2949 βλέπειν
482 2859 536 2938 ότι
561 2873 681 2955 πολλῷ
709 2865 948 2953 δυνατώτερος
974 2861 994 2936 ό
1016 2867 1131 2954 λαγῶν
1152 2867 1232 2948 τούς
1253 2863 1423 2956 πρότερον
1444 2867 1490 2957 μή

188 2961 426 3055 ήμαρτηκότας
452 2973 525 3036 τῶν
554 2972 688 3052 λοιπῶν
718 2969 822 3036 ἐστιν·
853 2969 924 3036 ἐπεί
953 2964 1132 3052 δεδύνηται
1161 2962 1229 3037 ἀπὸ
1257 2972 1317 3055 τῆς
1343 2963 1490 3037 πόντων

132 3089 167 3140 25
184 3069 319 3152 μερίδος
344 3069 540 3147 ἐπιλέκτους
565 3065 680 3150 λαβῶν
707 3059 895 3156 ἀποστῆσαι
927 3071 988 3154 μὲν
1020 3061 1143 3148 αύτούς
1173 3073 1247 3136 τῶν
1272 3070 1328 3136 ἐπί
1352 3063 1490 3136 κολάσει

184 3159 465 3252 παρειληφότων,
495 3183 719 3254 προσαγαγεῖν
750 3169 786 3234 δὲ
821 3161 938 3253 νόμοις
970 3171 1026 3234 καὶ
1056 3172 1118 3252 βίῳ
1150 3169 1411 3252 συμβαλλομένῳ
1444 3171 1490 3246 είς

184 3259 374 3352 ἀμνηστίαν
395 3270 468 3334 τῶν
488 3269 805 3354 προημαρτημένων
819 3260 942 3346 αὐτοῖς.
971 3259 1054 3341 ἀλλ’,
1077 3261 1126 3347 ῶς
1139 3269 1358 3352 προείπομεν,
1381 3270 1492 3334 ταῦτα

187 3357 264 3450 ήμιν
293 3367 582 3452 ἐπικεκρυμμένως
612 3369 776 3451 λελέχθω,
806 3369 1009 3449 παριστᾶσιν
1040 3353 1091 3432 τόν
1122 3360 1343 3452 παρήκουσαν
1369 3367 1401 3434 σί
1429 3361 1490 3452 φή·

185 3485 306 3542 σαντες
338 3459 384 3532 τὰ
412 3467 509 3552 μέρη
539 3467 609 3551 τῆς
635 3467 704 3552 γῆς
730 3465 770 3547 ἐξ
790 3458 910 3552 ἀρχῆς
932 3457 1031 3533 ἀλλα
1053 3457 1191 3545 ἄλλοις
1212 3459 1407 3544 ἐπόπταις
1430 3491 1490 3532 νε-

132 3585 167 3634 31·
186 3566 403 3650 νεμημένα,
442 3558 544 3632 κατά
587 3589 700 3644 τινας
743 3565 1001 3652 ἐπικρατείας
1044 3567 1318 3650 διειλημμένα,
1362 3559 1489 3648 ταύτῃ

269 3739 308 3794 ετ
328 3737 391 3808 Vgl.
408 3739 479 3792 oben
498 3739 522 3790 v
541 3741 583 3802 29.
600 3739 625 3794 S.
643 3741 675 3794 31
694 3741 720 3795 z.
739 3742 778 3794 τε.

269 3906 284 3962 1
310 3899 346 3974 δ’]
365 3903 394 3960 δέ
413 3905 440 3960 Φ
455 3909 460 3974 Ι
478 3905 496 3960 A
513 3904 716 3976 διαφέρουσαν]
736 3901 942 3978 ἀναφέρουσαν
957 3906 1009 3960 Ρυί
1028 3909 1032 3976 Ι
1052 3909 1071 3964 θ
1089 3905 1242 3978 γινομένας
1260 3905 1388 3976 ΑΗδ.8ρ.
1407 3923 1489 3975 γενο-

184 3989 271 4056 μένας
290 3990 318 4043 Φ
335 3989 470 4045 Demob.
485 3990 525 4052 14
547 3992 608 4060 τοῦ]
627 3997 644 4046 ῦ
661 3991 690 4044 in
709 3989 851 4045 Οοτιευίυε
868 3995 892 4044 A
908 3993 912 4060 Ι
927 3993 944 4046 5
961 3987 1049 4064 τοίτΊ
1068 3999 1155 4048 τοῦτο
1176 3991 1203 4046 Φ
1218 3994 1222 4059 Ι
1237 3992 1257 4047 θ
1275 3983 1319 4059 τό]
1337 3995 1389 4044 τῶι
1407 3987 1488 4044 Alio.

184 4075 225 4145 sp.
250 4077 254 4139 !
280 4073 317 4128 11
346 4072 592 4145 παραδιδομένους
613 4075 744 4130 ΑΦίίοίι.
766 4073 1016 4145 παραδεδομένους
1037 4077 1169 4146 VAusgg.
1194 4079 1198 4142 Ι
1222 4075 1260 4130 12
1287 4067 1417 4144 δσυρίοις
1437 4091 1489 4126 aus

184 4153 319 4228 έστρίοις
335 4173 403 4212 σοι-τ.
421 4161 465 4226 ΑΙ
484 4159 521 4214 14
539 4153 664 4215 διατοῦτ’
681 4161 705 4213 A
723 4153 766 4214 διὰ
784 4165 871 4215 τοῖτο
892 4161 937 4228 ΦΙ
954 4178 1002 4214 vor
1020 4151 1076 4216 όπδ
1093 4161 1155 4214 sind
1173 4161 1189 4213 2
1206 4159 1316 4213 Buchst.
1334 4158 1489 4212 ausmdiert

185 4245 226 4307 A!
243 4242 281 4298 15
299 4235 336 4310 δ’]
355 4239 385 4296 δὲ
405 4242 451 4310 ΦΙ
468 4242 506 4298 18
525 4239 649 4313 δύνηται]
668 4247 783 4299 δυναται
796 4245 867 4312 Pae!
884 4245 923 4300 19
940 4241 1058 4314 ποιήσῃ]
1077 4240 1191 4312 ποιήσει
1209 4243 1289 4296 ΡείΒ
1305 4245 1309 4302 Ι
1323 4243 1364 4311 τε]
1384 4259 1416 4310 γε
1434 4243 1490 4296 Pat

186 4325 332 4382 B¹CDEH
358 4327 364 4393 1
387 4319 527 4396 όποδείξη]
555 4347 572 4397 η
597 4327 627 4382 in
650 4327 793 4382 eorrectur
814 4333 839 4383 A
856 4321 993 4394 ύποδείξει
1016 4330 1069 4384 Pat
1091 4331 1095 4396 Ι
1119 4329 1160 4384 20
1184 4321 1242 4397 ίναΙ
1266 4321 1303 4380 ἵν’
1322 4325 1459 4380 BCDEH
1481 4329 1485 4394 Ι

185 4407 267 4482 ἀνῆγε
285 4409 488 4480 ΔΗδ.8ρ.1ἰοί).
512 4405 548 4464 ἂν
569 4397 637 4481 ήγεν
659 4413 680 4466 Β
699 4406 842 4483 ἀνήγαγεν
858 4414 912 4467 pat
928 4408 1054 4484 ἀνήγαγε
1073 4413 1249 4468 CDEHDel.
1274 4411 1278 4477 Ι
1302 4411 1340 4466 21
1367 4403 1435 4480 ἀπό]
1454 4405 1489 4464 ἐκ

186 4495 300 4551 tunel.
324 4497 329 4560 Ι
352 4495 393 4550 28
412 4495 517 4566 πολλή]
536 4496 668 4556 αοείαίιετ,
686 4496 722 4550 ob
743 4499 861 4552 πολλῶν
878 4497 943 4552 oder
961 4499 1060 4552 πολλῶ
1078 4499 1102 4550 A
1122 4501 1126 4560 Ι
1150 4495 1191 4552 26
1213 4493 1439 4566 συμβαλλομένῳ
1459 4495 1489 4548 Φ

188 4579 317 4634 DeLRob.
337 4577 596 4650 σινεμβαλλομένω
615 4580 744 4651 ΑΗδ.8μ.
768 4585 773 4650 Ι
796 4581 832 4636 27
861 4574 1035 4650 ἀμνηστείαν
1052 4580 1130 4635 Patss
1147 4581 1151 4646 Ι
1171 4579 1210 4634 28
1231 4573 1305 4648 ήμῖνΙ
1324 4574 1390 4644 ὕμιν
1406 4581 1460 4633 Pat
1480 4583 1484 4648 Ι

187 4653 227 4718 ῶν
242 4660 441 4734 παρήκουσαν]
460 4649 671 4734 ὧνπερειίηφεν
688 4666 747 4719 Pat.

245 4747 362 4802 οτίςετετ
376 4745 407 4790 11.
