3780 5538
634 524 735 578 ΚΑΤΑ
757 523 917 578 ΚΕΔΣΟΥ
935 523 1009 582 vul
1031 526 1071 578 71.
1090 525 1130 578 72.
1468 534 1528 598 289

228 689 368 770 ἕκαστος
396 695 478 776 φιλῇ
504 684 708 776 χρησάμενος
734 693 777 774 τῇ
800 690 930 778 ἐξουσίᾳ
958 689 1074 778 ἐληται
1096 682 1116 758 ά
1138 685 1295 772 βούλεται
1315 694 1371 759 καὶ
1393 695 1529 779 γένηται

228 792 265 860 ἐν
296 787 347 870 οἷς
378 792 508 859 εἵλατο·
536 795 593 858 καί
619 814 728 875 φαμεν
751 781 805 858 ότι
831 782 892 858 οῦκ
915 789 1007 858 ἔστιν
1029 785 1130 872 εἰκὸς,
1155 781 1267 873 ῶσπερ
1289 791 1343 858 ἐπὶ
1366 798 1439 861 τῶν
1460 794 1528 880 <ἐν>

229 906 302 971 τοῖς
333 888 463 977 σῶμασι
497 883 699 976 νοσημάτων
730 894 786 956 καί
819 883 1024 975 τραυμάτων
1057 884 1134 958 τινά
1167 894 1241 958 τῶν
1273 885 1529 974 συμβαινόντων

230 985 428 1075 ἰσχυρότερα
457 989 542 1057 εἰναι
567 983 675 1074 πάσης
701 991 853 1074 ἰατρικῆς
879 991 1010 1074 τέχνης,
1041 981 1155 1068 οῦτως
1177 989 1231 1056 ἐπὶ
1254 994 1326 1056 τῶν
1347 995 1467 1075 ψυχῶν
1490 989 1531 1060 εἰ-

146 1107 213 1160 214¹
232 1093 286 1155 ναί
314 1115 347 1156 τι
371 1096 375 1170 Ι
400 1093 474 1156 τῶν
498 1082 566 1156 άπὸ
598 1090 715 1166 κακίας
742 1081 912 1156 άδῦνατον
938 1080 1007 1156 ῦπό
1034 1091 1098 1168 τοῦ
1124 1089 1178 1156 ἐπὶ
1204 1091 1286 1156 πάσι
1312 1095 1451 1174 λογικοῦ
1475 1096 1531 1160 καὶ

231 1192 316 1256 θεοῦ
338 1191 602 1274 θεραπευθῆναι.
645 1181 789 1255 πάντων
812 1185 874 1273 γὰρ
896 1193 969 1256 τῶν
990 1188 1027 1255 ἐν
1049 1191 1137 1272 ψυχῇ
1159 1191 1276 1255 κακῶν
1297 1185 1532 1277 δυνατώτερος

231 1279 282 1353 ῶν
309 1279 328 1356 ὁ
357 1283 457 1372 λόγος
482 1291 537 1354 καὶ
564 1280 584 1373 ἡ
611 1288 648 1354 ἐν
675 1279 769 1374 αῦτῴ
791 1291 956 1370 θεραπεία
977 1281 1137 1372 προσάγει
1158 1282 1245 1354 κατὰ
1266 1283 1426 1373 βούλησιν
1447 1295 1532 1358 θεοῦ

231 1381 361 1473 ἑκάστῳ
393 1381 512 1473 αὐτὴν,
539 1390 594 1454 καί
621 1383 662 1455 τὸ
690 1389 787 1466 τέλος
811 1391 884 1454 τῶν
903 1380 1113 1472 πραγμάτων
1135 1378 1355 1472 άναιρεθῆναί
1376 1389 1446 1456 ἐστι
1468 1385 1533 1475 τὴν

230 1490 362 1554 κακίαν
392 1481 542 1572 πότερον
570 1490 605 1555 δὲ
632 1477 720 1552 ῶστε
745 1489 877 1572 μηδαμῇ
901 1489 1061 1572 μηδαμῶς
1088 1485 1138 1552 ἐτι
1164 1478 1282 1570 αῦίτὴν
1308 1485 1533 1575 ἐπιτραπῆναι
1554 1504 1604 1558 796

180 1605 213 1659 10
231 1583 397 1652 δύνασθαι
422 1578 441 1672 ἢ
463 1582 517 1672 μὴ,
541 1579 582 1654 οῦ
603 1589 665 1654 τοῦ
687 1583 859 1670 παρόντος
882 1586 951 1652 ἐστὶ
974 1579 1078 1670 λόγου
1100 1582 1237 1666 διδάξαι.

314 1681 426 1752 πολλά
444 1688 505 1771 μὲν
525 1711 588 1776 ουν
603 1686 636 1752 αἰ
651 1701 854 1771 προφητεῖαι
869 1691 945 1770 περὶ
962 1687 1021 1770 τῆς
1036 1686 1224 1763 παντελοῦς
1242 1677 1443 1770 άναιρέσεως
1460 1693 1534 1756 τῶν

230 1788 347 1850 κακῶν
368 1789 424 1852 καὶ
447 1781 663 1869 διορθώσεως
685 1778 794 1868 πάσης
812 1788 920 1870 ψυχῆς
936 1786 972 1852 ἐν
987 1777 1195 1871 άποῤῥήτοις
1211 1785 1371 1868 λέγουσιν,
1394 1777 1488 1870 άρκεί
1501 1781 1532 1854 δ’

232 1885 286 1950 ἐπὶ
314 1886 376 1950 τοῦ
402 1877 576 1967 παρόντος
598 1887 815 1968 παραθέσθαι
838 1880 901 1969 τὴν
923 1877 992 1952 άπὸ
1015 1886 1077 1950 τοῦ
1099 1886 1277 1966 Σοφονίου
1299 1885 1396 1965 λέξιν,
1420 1875 1533 1967 οῦτως

232 1981 385 2067 έχουσαν·
416 1977 627 2068 ,,ἑτοιμάζου,
659 1975 833 2067 όρθρισον·
871 1985 1074 2068 διέφθαρται
1102 1985 1192 2049 πάσα
1222 1975 1242 2067 ἦ
1269 1982 1446 2065 ἐπιφυλλὶς
1478 1979 1533 2051 αῦ-

182 2099 214 2152 15
233 2086 313 2149 τῶν.
357 2077 410 2148 διὰ
438 2085 543 2149 τοῦτο
570 2074 757 2168 ῦπόμεινόν
779 2084 859 2168 (με),
883 2085 968 2166 λέγει
989 2077 1112 2166 κύριος,
1133 2082 1170 2148 ἐν
1193 2074 1296 2168 ἡμέρᾳ
1319 2074 1533 2165 άναστάσεῶς

201 2231 203 2236 -
233 2205 297 2265 μου
326 2183 371 2261 εἰς
400 2176 597 2266 μαρτύριον·
624 2176 713 2250 διότι
742 2177 782 2249 τό
811 2183 910 2268 κρίμα
938 2207 1003 2268 μου
1031 2184 1077 2260 εἰς
1107 2177 1303 2266 συναγωγὰς
1329 2182 1445 2250 ἐθνῶν
1471 2187 1534 2252 τοῦ

234 2282 429 2363 ἐκδέξασθαι
451 2285 605 2360 βασιλεῖς,
633 2284 697 2348 τοῦ
717 2281 826 2366 ἐκχέαι
851 2273 902 2348 ἐπ’
925 2273 1050 2360 αῦτοῦς
1071 2283 1183 2348 πᾶσαν
1205 2271 1309 2366 όργὴν
1330 2285 1441 2367 θυμοῦ
1461 2309 1533 2368 μου.

234 2381 270 2446 ἐν
300 2377 361 2465 γάρ
390 2383 469 2463 πυρὶ
497 2374 598 2465 ζήλου
622 2404 687 2465 μου
712 2375 1039 2466 καταναλωθήοεται
1061 2383 1152 2448 πάσα
1173 2372 1194 2465 ἡ
1216 2382 1269 2465 γῆ·
1300 2370 1354 2448 ότι
1376 2378 1457 2449 τότε
1478 2407 1533 2468 με·

235 2481 413 2564 ταστρέφω
450 2480 504 2546 ἐπί
534 2475 637 2559 λαοὺς
666 2485 820 2565 γλῶσσαν
848 2483 894 2560 εἰς
924 2477 1039 2566 γενεάν
1065 2473 1184 2565 αὐτῆς,
1217 2481 1280 2547 τοῦ
1305 2479 1534 2550 ἐπικαλεῖσθαι

184 2605 217 2658 20
235 2573 366 2658 πάντας
393 2573 433 2645 τὸ
461 2572 568 2664 ὄνομα
593 2583 722 2662 κυρίου,
750 2583 813 2647 τοῦ
834 2575 1004 2648 δουλεύειν
1027 2572 1154 2666 (αὐτῷ)
1177 2571 1244 2648 ῦπὸ
1267 2575 1367 2662 ζυγόν
1389 2579 1455 2649 ἕνα.
1497 2583 1534 2649 ἐκ

235 2672 421 2762 περάτων
451 2682 618 2762 ποταμῶν
649 2680 833 2759 Αἰθιοπίας
865 2673 1006 2746 θῦσουοι
1036 2683 1155 2758 θυσίας
1184 2703 1249 2763 μοι.
1291 2679 1328 2746 ἐν
1358 2683 1402 2764 τῇ
1433 2674 1536 2769 ἡμέρη

235 2780 343 2862 ἐκείνη
370 2772 411 2845 οῦ
434 2774 477 2864 μὴ
503 2783 753 2864 καταισχυνθῇς
774 2781 812 2846 ἐκ
833 2772 978 2845 πάντων
999 2783 1073 2846 τῶν
1095 2771 1372 2864 ἐπιτηδευμάτων
1394 2798 1463 2860 σου,
1487 2769 1538 2847 ῶν

235 2871 393 2964 ἠσέβησας
424 2877 469 2956 εἰς
499 2879 565 2962 ἐμέ·
597 2868 650 2946 ότι
682 2873 762 2945 τότε
792 2883 937 2962 περιελῶ
968 2871 1036 2946 άπδ
1067 2881 1128 2946 σοῦ
1160 2874 1203 2945 τὰ
1233 2881 1446 2963 φαυλίσματα
1476 2883 1537 2966 τῆς

235 2973 365 3064 ῦβρεῶς
388 2998 457 3058 σου,
486 2981 541 3044 καί
564 2969 627 3044 οῦκ
650 2977 699 3044 ἐτι
725 2974 769 3063 μὴ
792 2981 946 3062 προσθῇς
968 2981 1032 3044 τοῦ
1052 2979 1296 3063 μεγαλαυχῆσαι
1318 2977 1371 3044 ἐπὶ
1393 2975 1434 3046 τό
1458 2971 1538 3065 όρος

185 3102 218 3156 25
236 3076 277 3146 τὸ
305 3069 402 3162 άγιὸν
429 3101 501 3160 μου.
543 3080 597 3142 καὶ
630 3068 857 3162 ῦπολείψομαι
884 3077 920 3144 ἐν
951 3081 1004 3144 σοί
1031 3072 1116 3145 λαόν
1144 3068 1255 3159 πραῦν
1281 3079 1336 3142 καὶ
1363 3076 1537 3158 ταπεινόν,

235 3179 291 3244 καὶ
323 3169 614 3261 εῦλαβηθήσονται
645 3168 714 3244 άπὸ
750 3179 812 3243 τοῦ
843 3167 1012 3261 ὀνόματος
1042 3179 1161 3260 κυρίου
1189 3175 1221 3242 οἰ
1246 3169 1450 3243 κατάλοιποι
1476 3181 1539 3246 τοῦ

236 3271 377 3362 Ἰσραὴλ.
405 3278 460 3342 καὶ
483 3267 523 3342 οῦ
546 3268 744 3360 ποιήσουσιν
767 3268 899 3342 άδικίαν
920 3277 974 3340 καὶ
997 3267 1039 3342 οῦ
1061 3267 1242 3358 λαλήσουσι
1262 3267 1397 3358 μάταια,
1419 3280 1474 3342 καὶ
1497 3269 1539 3344 οῦ

236 3373 280 3462 μὴ
308 3371 432 3461 εὑρεθῇ
459 3376 496 3441 ἐν
521 3377 571 3460 τῷ
599 3367 742 3458 στόματι
768 3366 886 3441 αῦτῶν
912 3377 1046 3458 γλῶσσα
1073 3374 1181 3439 δολία·
1211 3370 1299 3440 διότι
1320 3367 1420 3442 αῦτοί
1442 3371 1539 3462 νεμή-

236 3496 355 3544 σονται
395 3477 449 3542 καί
484 3466 787 3558 κοιτασθῆσονται,
817 3477 872 3540 καί
912 3465 974 3539 οῦκ
1010 3472 1101 3541 ἔσται
1136 3464 1154 3540 ό
1190 3474 1349 3556 ἐκφοβῶν
1385 3467 1539 3555 αῦτοῦς.“

324 3662 360 3716 14
378 3659 495 3729 Zephan.
513 3661 537 3723 3,
556 3658 647 3711 7-13.

322 3810 340 3865 2
360 3791 458 3866 είλάτο
477 3808 540 3878 [εο],
558 3826 572 3862 ε
590 3824 642 3861 von
662 3807 695 3860 ΙΙ.
708 3805 774 3860 oder
785 3807 805 3859 1.
818 3806 899 3860 Hand
911 3805 1091 3875 Abergeschr„
1104 3807 1127 3859 A
1139 3800 1232 3861 είλετο
1245 3807 1389 3876 MAusgg.‚
1402 3809 1456 3878 vgl.
1470 3810 1541 3864 oben

238 3897 261 3948 V
265 3895 290 3950 11
308 3897 348 3956 70,
367 3895 393 3950 S.
411 3895 462 3949 219
479 3893 505 3946 Z.
525 3895 576 3960 141
596 3886 656 3947 ἔστι
674 3896 699 3946 Α
714 3892 717 3960 ἰ
734 3889 794 3963 (ἐν)
813 3891 877 3960 stige
894 3890 939 3944 ich
956 3891 1008 3945 mit
1024 3889 1084 3946 Del.
1102 3891 1146 3944 ein
1170 3895 1174 3958 Ι
1198 3889 1217 3945 4
1240 3883 1312 3946 εἰναι
1330 3893 1409 3946 AHA.
1417 3892 1462 3963 Sp.
1481 3891 1541 3950 ἐστι

238 3983 286 4037 Βο.
305 3981 401 4051 (Notae
420 3997 445 4049 p.
462 3977 523 4046 409)
540 3977 599 4032 Del.
622 3980 627 4046 Ι
647 3976 665 4032 θ
684 3975 734 4029 mit
751 3979 809 4032 τῶν
826 3975 941 4044 beginnt
958 3975 1006 4030 fol.
1024 3976 1087 4040 214,
1109 3993 1136 4030 ει
1157 3975 1228 4030 fehlt
1251 3976 1308 4030 also
1331 3977 1415 4044 (wohl
1436 3977 1541 4048 insolge

238 4067 356 4121 falsoher
374 4063 583 4131 Numeriemng)
606 4061 733 4126 f01.213‚
756 4062 828 4116 ohne
849 4060 911 4114 δοκε
933 4060 992 4114 eine
1016 4059 1106 4114 Lfloke
1128 4059 1166 4112 im
1183 4059 1252 4114 Text
1269 4076 1321 4113 von
1339 4066 1364 4115 A
1383 4063 1542 4118 vorhanden

237 4153 274 4206 int
297 4155 301 4218 1
326 4153 446 4220 λογικοῦ
464 4151 488 4202 A
505 4137 597 4216 λόγον
614 4146 668 4198 PM
676 4149 778 4215 Ausgg.
794 4147 798 4214 Ι
818 4147 837 4201 0
855 4161 905 4198 vor
922 4149 998 4215 ψυχῇ
1016 4149 1050 4214 4-
1068 4149 1103 4215 τῄ
1120 4145 1256 4214 MAusgg.
1272 4145 1275 4212 Ι
1298 4146 1312 4200 7
1338 4139 1423 4220 αὐτῷ]
1443 4165 1461 4201 α
1480 4165 1541 4202 aus·

238 4237 392 4308 gebroehen
412 4237 436 4288 A
456 4234 460 4300 1
480 4231 499 4286 9
519 4227 716 4302 ἐπιτραπῆναι]
741 4227 949 4302 ἐπιστραφῆναι
967 4231 1104 4284 νετωοίεί
1121 4231 1168 4284 Βο.
1187 4229 1284 4298 (Νοίοε
1301 4247 1327 4299 p.
1345 4234 1404 4300 400)
1421 4234 1425 4300 Ι
1442 4233 1480 4288 10
1499 4233 1540 4289 δι’·

238 4359 347 4410 ναοθαι
365 4353 501 4420 MAusgg.
521 4349 653 4421 γίνεσθαι
670 4353 695 4402 A
710 4351 714 4417 1
732 4349 771 4404 14
794 4310 923 4417 ἐπιφείίς
941 4349 988 4418 [so]
1007 4348 1062 4416 A¹l
1080 4349 1118 4404 15
1138 4346 1203 4420 (με>
1221 4348 1285 4418 fflge
1303 4349 1348 4402 ich
1366 4367 1414 4402 aus
1432 4350 1457 4404 d.
1469 4351 1542 4404 LXX

239 4440 291 4493 mit
309 4439 361 4492 den
380 4442 482 4505 Ausgg.
501 4436 546 4489 ein
561 4437 565 4502 1
582 4435 618 4490 17
639 4429 811 4499 ἐκδέξασθαι
828 4439 853 4489 A
870 4433 1052 4500 εἰσδέξασθαι
1069 4434 1169 4502 Ausgg.
1186 4435 1190 4502 Ι
1206 4432 1245 4489 18
1263 4433 1340 4504 πυρί]
1359 4453 1376 4488 υ
1392 4433 1421 4486 in
1433 4435 1542 4490 Correo-

239 4527 284 4578 tur
296 4526 321 4576 A
336 4525 340 4590 ἰ
356 4521 396 4576 90
415 4515 519 4592 (αὐτῷ)
537 4517 602 4587 ffige
620 4517 665 4571 ich
683 4535 731 4572 aus
749 4517 774 4573 d.
787 4517 859 4572 LXX
877 4519 929 4572 mit
946 4520 999 4573 den
1011 4521 1113 4587 Ausgg.
1126 4517 1177 4584 ein,
1196 4517 1251 4585 vgl.
1263 4519 1348 4570 unten
1361 4517 1386 4571 S.
1399 4519 1450 4573 290
1461 4517 1517 4574 Z.6
1537 4521 1539 4553 ί

240 4609 279 4664 29
304 4596 487 4676 φαυλίσματά
510 4604 557 4673 [ευ]
584 4606 608 4657 A
628 4605 632 4670 1
656 4603 714 4673 τῆς]
737 4621 772 4672 τη
789 4603 818 4656 in
837 4603 980 4658 Correctur
997 4605 1022 4656 A
1045 4605 1049 4670 1
1073 4603 1113 4657 24
1132 4595 1185 4656 οὐκ
1202 4595 1243 4657 ἔτι
1260 4603 1284 4654 Α
1303 4595 1396 4656 οἰκέει
1415 4604 1516 4672 Ausgg.
1537 4603 1539 4670 ί

240 4692 278 4748 25
297 4692 362 4760 μου]
382 4710 402 4758 μ
423 4690 452 4743 in
470 4688 612 4742 Coneetur
629 4690 660 4742 A.

300 4775 417 4830 Origenes
431 4773 461 4818 11.
1303 4771 1335 4826 19
