3790 5526
657 437 757 492 ΚΑΤΑ
783 437 944 492 ΚΕΛΣΟΥ
965 437 1199 494 VII14.15.16.
1520 444 1578 506 167

361 605 500 687 φέρουσι
522 605 557 670 δὲ
578 608 634 672 καὶ
656 605 710 672 ἐπὶ
731 593 816 690 ῦλης
838 598 901 672 τὸν
923 597 1055 690 τρόπον
1078 607 1203 672 τοῦτον
1226 605 1258 672 ol
1280 596 1348 672 ἀπὸ
1370 604 1431 688 τῆς
1453 605 1577 686 Στοᾶς,
1660 690 1661 695 ¹

278 705 434 788 λέγοντες
456 695 511 770 τό·
534 705 562 770 εἰ
583 704 758 772 ἐπίστασαι
781 694 837 773 ότι
859 707 1036 790 τέθνηκας,
1061 706 1255 792 <τέθνηκας·
1280 703 1307 771 εἰ
1329 704 1503 770 ἐπίστασαι
1522 693 1578 771 ότι

278 804 472 888 τέθνηκας)
495 796 536 871 οῦ
558 806 740 890 τέθνηκας·
764 794 949 870 ἀκολουθεῖ
977 801 1018 872 τὸ
1050 797 1111 872 οῦκ
1142 793 1205 891 ἀρα
1227 804 1402 871 ἐπίστασαι
1425 793 1479 870 ὅτι
1501 803 1578 870 τέθ-

278 927 390 989 νηκας.
435 899 499 970 τὸν
534 896 732 988 τρόπον,οὲ
763 905 891 972 τοῦτον
921 897 1203 987 κατασκευάζουσι
1238 898 1281 972 τὰ
1319 903 1519 989 συνημμένα·
1549 903 1578 970 el

243 1018 258 1070 5
277 1003 452 1070 ἐπίστασαι
479 992 534 1070 ότι
561 1005 742 1090 τέθνηκας,
770 999 862 1070 ἔστιν
885 994 903 1071 ῦ
925 1003 1112 1086 ἐπίστασαι,
1136 1002 1228 1071 έστιν
1251 994 1315 1089 ἀρα
1336 999 1377 1070 τὸ
1401 1004 1578 1092 τέθνηκας.

276 1105 331 1168 καὶ
361 1094 477 1170 πόλιν·
511 1103 540 1169 εἰ
571 1103 746 1170 ἐπίστασαι
774 1091 828 1170 ότι
860 1095 901 1169 οῦ
930 1105 1112 1188 τέθνηκας,
1144 1106 1201 1171 καὶ
1228 1102 1318 1169 ἔστιν
1346 1093 1365 1170 ῦ
1393 1101 1578 1181 ἐπίστασαι,

277 1194 318 1269 οῦ
343 1203 520 1287 τέθνηκας.
563 1201 634 1268 ἐπεὶ
661 1204 696 1269 δὲ
718 1191 738 1268 ὁ
760 1199 939 1287 τεθνηκώς
961 1195 1090 1288 (οῦδὲν)
1118 1204 1303 1282 ἐπίσταται,
1327 1191 1522 1287 δηλονότι,
1551 1198 1578 1266 εἰ

276 1303 452 1369 ἐπίστασαι
478 1291 533 1368 ὅτι
555 1303 736 1387 τέθνηκας,
759 1294 801 1368 οῦ
822 1303 999 1388 τέθνηκας.
1041 1305 1097 1369 καὶ
1119 1294 1309 1382 ἀκολουθεῖ,
1333 1294 1381 1380 σός
1402 1314 1576 1385 προεῖπον,

276 1394 482 1486 ἀμφοτέροις
511 1415 584 1479 τοῖς
614 1405 832 1488 συνημμένοις
862 1398 904 1470 τὸ
935 1394 1000 1468 οῦκ
1030 1393 1095 1486 ἀρα
1121 1401 1297 1469 ἐπίστασαι
1324 1390 1379 1468 ὅτι
1401 1401 1577 1485 τέθνηκας.

226 1517 259 1572 10
276 1492 437 1568 τοιοῦτόν
464 1523 498 1565 τι
525 1501 596 1568 ἐστὶ
620 1504 677 1567 καὶ
702 1504 779 1586 περὶ
805 1495 869 1586 τὴν
892 1503 1022 1568 Κέλσου
1043 1493 1217 1583 ἀπόθεσιν,
1245 1503 1405 1585 λέγοντος
1431 1491 1474 1584 ἢν
1495 1510 1577 1582 προ-

176 1675 179 1682 ,
277 1601 458 1684 εξεθέμεθα
480 1599 579 1680 λέξιν.

360 1715 443 1780 XVI.
487 1705 575 1782 Ἀλλ’
602 1705 676 1783 οὐδ’
704 1706 789 1799 ἅπερ
824 1717 861 1783 έν
890 1709 1051 1784 ἀποθέσει
1080 1711 1333 1804 παρειλήφαμεν
1362 1709 1577 1802 παραπλήσιά

278 1815 348 1881 έστι
370 1827 444 1892 ταῖς
465 1817 542 1899 περὶ
563 1805 667 1898 Ἰησοῦ
688 1819 917 1902 προφητείαις.
953 1809 994 1883 οῦ
1016 1810 1078 1901 γὰρ
1100 1831 1297 1900 προεῖπον
1319 1815 1352 1882 αἶ
1373 1829 1577 1901 προφητεῖαι

277 1909 374 1982 θεὸν
410 1905 727 1998 σταυρωθήσεσθαι,
764 1915 889 1995 αἵτινές
923 1933 1005 1999 φασι
1034 1919 1112 2001 περὶ
1142 1918 1207 1983 τοῦ
1236 1907 1483 1999 ἀναδεξαμένου
1514 1912 1577 1982 τὸν

191 2029 259 2083 172Ι
277 2006 446 2080 θάνατον·
477 2014 552 2092 ,καὶ
583 2011 712 2097 εἴδομεν
744 2005 866 2095 αῦτόν,
897 2019 952 2081 καὶ
982 2007 1046 2081 οῦκ
1077 2012 1163 2099 εἶχεν
1186 2021 1191 2098 Ι
1216 2013 1302 2092 εἶδος
1333 2008 1413 2081 οῦδὲ
1442 2007 1577 2096 κάλλος,

276 2107 362 2180 ἀλλὰ
385 2107 427 2180 τό
450 2109 536 2190 εἶδος
557 2102 665 2179 αῦτοῦ
687 2104 818 2198 ἀτιμον,
841 2114 998 2181 ἐκλεῖπον
1018 2109 1109 2199 παρὰ
1132 2109 1212 2192 τούς
1234 2109 1326 2192 υλοῦς
1348 2117 1422 2180 τοῦν
1443 2105 1577 2196 ἀνθρώ-

275 2231 365 2278 πιον·
388 2202 576 2296 ἀνθρωπος
598 2211 634 2278 έν
656 2215 769 2297 πληγῇ
792 2202 844 2278 ιῦν
865 2216 921 2279 καὶ
942 2205 1041 2299 πόνῳ
1063 2216 1118 2279 καὶ
1139 2209 1236 2292 εἰῦοῦς
1252 2214 1367 2298 φέρειν
1382 2216 1577 2296 μαλακίαν.“

277 2302 340 2396 ὅρα
370 2298 434 2378 οῦν
463 2301 543 2396 <οῦς>
574 2315 691 2395 σαφῶς
721 2304 912 2399 ἀνθρωπον
944 2306 1091 2399 εἰρήκασι
1123 2307 1186 2380 τόν
1211 2304 1416 2379 πεπονθότα
1442 2304 1577 2396 ἀνθρώ·

274 2433 365 2476 πινα.
407 2412 463 2475 καὶ
494 2401 599 2489 αῦτῦς
629 2402 776 2496 ἀκριβῶς
807 2409 904 2490 εἰδώς
933 2405 1053 2498 Ἰησοῦς
1080 2402 1135 2480 ότι
1161 2406 1202 2480 τό
1235 2403 1495 2496 ἀποθνῆσκον
1521 2399 1577 2478 ἀν-

224 2523 257 2579 20
274 2516 418 2594 θροοπος
443 2497 495 2594 ἦν,
524 2513 604 2595 φησὶ
630 2505 717 2595 πρὸς
744 2507 824 2590 τοῦς
846 2507 1128 2592 ἐπιβουλεύοντας
1150 2504 1257 2597 αῦτῷ·
1286 2514 1370 2593 ,νῦν
1392 2514 1428 2580 δὲ
1449 2511 1579 2596 ζητεῖτέ

274 2633 314 2692 με
341 2601 551 2690 ἀποκτεῖναι,
583 2600 783 2695 ἀνθρωπον,
812 2601 849 2690 ῦς
875 2605 940 2696 τὴν
966 2602 1131 2697 ἀλήθειαν
1157 2603 1235 2697 ῦμῖν
1262 2605 1445 2696 λελάληκα,
1473 2602 1515 2696 ἣν
1542 2601 1577 2696 ἢ·

276 2728 381 2776 κουσα
411 2701 480 2776 ἀπὸ
510 2712 573 2777 τοῦ
602 2713 715 2777 θεοῦ.“
751 2712 780 2777 εἰ
806 2712 843 2777 δέ
867 2735 902 2777 τι
923 2716 1022 2778 θεῖον
1042 2710 1078 2776 έν
1099 2714 1152 2798 τῷ
1174 2703 1250 2778 κατ’
1272 2704 1379 2778 αὐτὸν
1402 2711 1576 2795 νοουμένῳ

275 2801 456 2894 ἀνθρώπῳ
481 2804 671 2894 ἐτύγχανεν,
695 2799 779 2894 ὅπερ
802 2797 843 2896 ἦν
866 2801 885 2877 ὁ
906 2805 1092 2896 μονογενὴς
1114 2813 1177 2878 τοῦ
1198 2812 1283 2878 θεοῦ
1304 2813 1359 2877 καὶ
1381 2802 1401 2878 ὁ
1422 2801 1577 2895 ,πρωτό-

275 2933 377 2988 τοκος
407 2900 516 2994 πόσης
544 2913 722 2990 κτίσεως,“
755 2899 774 2976 ῦ
807 2910 928 2994 λέγων·
957 2907 1044 2996 ,ἐγώ
1075 2911 1139 2995 εἰμι
1168 2901 1188 2994 ἡ
1220 2901 1383 2995 ἀλήθεια(
1408 2913 1464 2976 καὶ
1489 2904 1575 2993 ,ἐγώ

223 3022 256 3078 25
275 3009 339 3095 εἰμι
361 3000 382 3093 ἦ
404 3003 494 3094 ζτοῦγέ
515 3011 571 3074 καὶ
597 3005 685 3093 ,ἐγώ
713 3009 777 3094 εἰμι
799 3000 820 3093 ἡ
842 3003 953 3092 θῦραέέ
975 3014 1031 3076 καὶ
1052 3005 1138 3093 ,έγοό
1161 3011 1226 3092 εἰμι
1249 3002 1270 3095 ἦ
1292 3000 1390 3087 ὁδὸς(ί
1411 3012 1468 3076 καὶ
1488 3003 1575 3094 ,ἐγώ

274 3109 338 3193 εἰμι
369 3098 388 3175 ὁ
419 3098 522 3190 ἀρτος
553 3099 572 3175 ὁ
603 3112 674 3191 ζοῦν
704 3098 782 3175 ῦέκ
811 3111 874 3174 τοῦ
899 3101 1047 3194 οῦρανοῦ
1072 3102 1254 3189 καταβάςέί·
1277 3101 1380 3187 ἀλλος
1403 3101 1443 3193 δή
1467 3099 1576 3176 ποοῦ

273 3211 350 3292 περὶ
380 3202 508 3275 τούτου
537 3211 592 3274 καὶ
622 3209 683 3293 τῆς
713 3200 826 3286 οῦσὶας
856 3201 963 3275 αῦτοῦ
989 3201 1088 3292 λόγος
1114 3206 1182 3276 ἐστὶ
1210 3203 1301 3294 παρὰ
1329 3201 1393 3275 τὸν
1417 3209 1493 3292 περὶ
1514 3208 1577 3274 τοῦ

275 3310 460 3394 νοουμένου
481 3301 568 3373 κατὰ
590 3292 654 3373 τόν
674 3298 800 3391 Ἰησοῦν
821 3299 1019 3394 ἀνθρώπου.

360 3459 396 3514 15
419 3458 472 3512 Jes.
490 3458 532 3524 53,
549 3458 574 3511 2.
592 3458 616 3512 3.
635 3487 667 3497 -
685 3459 722 3514 20
739 3459 800 3513 Joh.
818 3459 842 3524 8,
860 3462 901 3516 40.
919 3489 952 3499 -
971 3459 1010 3514 20
1031 3457 1091 3528 Vgl.
1109 3457 1171 3514 Joh.
1184 3461 1260 3524 1,14.
1273 3461 1313 3516 18.
1337 3459 1468 3526 3,16.18.
1489 3457 1575 3512 IJoh.

274 3546 307 3668 4-,
316 3545 391 3682 11].οῇ-
403 3540 477 3683 617ςέ11.
495 3540 555 3596 ΚοΙ.
575 3543 598 3606 1,
617 3544 657 3598 15.
677 3573 708 3582 -
726 3543 846 3613 24v31.
865 3544 926 3601 Joh.
945 3548 985 3612 14,
1003 3547 1028 3600 6.
1050 3575 1083 3583 -
1106 3543 1146 3601 25
1168 3545 1229 3599 Joh.
1248 3547 1289 3610 10,
1307 3547 1330 3601 9.
1354 3575 1387 3584 -
1413 3543 1474 3598 Joh.
1493 3545 1534 3606 14,
1552 3543 1575 3598 6.

361 3765 378 3819 l
397 3757 517 3835 τρόπον]
535 3756 628 3818 τόπον
644 3765 781 3819 vermutel
797 3763 831 3818 H.
852 3762 976 3818 Valesius
994 3767 1027 3831 (u.
1040 3781 1064 3819 a.
1078 3765 1108 3820 Ο.
1120 3783 1148 3835 p.
1160 3765 1203 3830 80)
1219 3767 1223 3834 Ι
1239 3765 1257 3820 2
1278 3760 1446 3835 (τέθνηκας
1465 3760 1492 3818 εἰ
1502 3757 1576 3818 ἐπέσ-

274 3866 361 3904 ταοαι
381 3838 426 3902 ότι
443 3844 607 3918 τέθνηκας)
627 3847 691 3918 llige
709 3848 754 3902 ich
772 3848 823 3903 mil
841 3847 874 3902 H.
891 3846 1017 3903 Valesius
1036 3850 1069 3918 (a.
1087 3867 1112 3905 e.
1130 3850 1160 3906 Ο.
1177 3868 1202 3920 p.
1219 3849 1271 3918 86),
1291 3851 1339 3903 Βο.
1357 3849 1455 3918 (Nolae
1472 3866 1497 3919 p.
1515 3848 1575 3914 400)

274 3952 299 3990 u.
318 3932 377 3988 Del.
396 3933 418 4001 ΙΙ
435 3934 485 3987 705
502 3936 583 3987 Αιιιιι.
602 3932 630 4001 b)
653 3932 697 3987 ein
720 3935 724 4002 Ι
748 3933 765 3988 3
788 3927 823 3988 οῦ
845 3931 986 4002 τέθνηκας
1002 3944 1035 3994 <
1053 3933 1112 3991 Dsl.
1137 3935 1142 4003 )
1166 3951 1215 3989 vor
1236 3927 1396 3990 ἀκολουθεῖ
1410 3941 1442 3998 -Ι-
1460 3933 1510 3988 καλ
1527 3933 1575 3986 Βο.

274 4018 370 4088 (Nolae
392 4035 419 4086 p.
438 4017 499 4086 400)
528 4018 532 4084 Ι
561 4019 580 4074 0
608 4008 642 4072 οῦ
669 4017 756 4087 lilgen
782 4017 816 4071 Η.
834 4017 959 4072 Valesius
985 4019 1019 4086 (u.
1037 4036 1061 4074 a.
1078 4018 1133 4087 0.),
1159 4019 1208 4073 Βο.
1231 4017 1328 4088 (Nolae
1350 4037 1375 4089 p.
1393 4019 1453 4086 400)
1472 4035 1497 4070 u.
1515 4015 1574 4070 Del.

273 4105 296 4172 ΙΙ
309 4105 358 4160 705
371 4105 450 4156 Αιιιιι.
465 4102 490 4170 c)
505 4105 509 4169 Ι
525 4103 573 4157 καὶ
592 4094 668 4157 έστιν
686 4091 703 4157 δ’
721 4101 779 4156 will
796 4101 829 4156 H.
843 4101 967 4157 Valesius
980 4105 1014 4172 (a.
1027 4121 1051 4158 ο.
1064 4102 1105 4174 O.)
1125 4105 1196 4158 ohne
1209 4103 1303 4158 Gruud
1321 4102 1455 4157 streiehsn
1471 4103 1473 4170 Ι
1495 4103 1509 4158 7
1531 4092 1574 4167 οὐ]

273 4179 319 4245 ότι
345 4187 488 4242 schreibsu
509 4186 542 4240 Η.
560 4186 685 4241 Valesius
708 4187 742 4255 (s.
759 4205 784 4243 s.
802 4186 857 4252 0.),
882 4188 930 4243 Βο.
954 4188 1051 4256 (Nolae
1069 4207 1094 4258 p.
1111 4189 1172 4257 400)
1196 4206 1222 4243 u.
1240 4188 1299 4243 Del.
1318 4189 1340 4258 (l
1359 4189 1408 4243 705
1426 4189 1506 4240 Anm.
1525 4186 1549 4252 ο)
1570 4183 1572 4251 Ι

273 4267 383 4342 (οὐδὲν)
401 4271 466 4342 fllge
483 4271 529 4324 ich
547 4271 599 4325 mil
616 4270 649 4326 H.
662 4271 794 4340 Valesius,
809 4273 892 4327 B0.u.
905 4273 965 4328 Del.
983 4273 1018 4342 (e.
1032 4291 1055 4328 s.
1069 4272 1109 4341 0.)
1127 4272 1172 4327 ein
1193 4273 1198 4342 Ι
1217 4266 1349 4341 δηλονότι
1367 4275 1499 4341 AAusgg.
1514 4271 1519 4338 Ι
1535 4269 1575 4325 10

272 4364 408 4414 τοιοῦτον
429 4373 479 4411 sus
500 4357 646 4412 τοιίοῠτον
667 4373 734 4412 corr.
752 4359 777 4411 A
800 4359 804 4426 Ι
827 4357 855 4411 τλ
875 4361 900 4412 A
924 4359 928 4427 Ι
954 4359 992 4414 12
1015 4353 1242 4430 παρειλήφαμεν]
1264 4357 1424 4428 παρείληφε
1445 4355 1509 4410 lieet
1525 4355 1573 4408 Bo.

273 4444 371 4511 (Notas
388 4461 414 4514 p.
431 4444 491 4509 400)
510 4442 581 4496 ohne
600 4441 695 4496 Gruntl
710 4441 715 4511 Ι
731 4442 767 4498 13
780 4443 851 4513 ταῖς]
871 4464 880 4498 ι
897 4443 965 4498 halb
983 4443 1123 4498 erlosehsn
1141 4443 1185 4510 A)
1202 4442 1238 4497 16
1255 4441 1348 4496 hinlsr
1365 4433 1470 4508 ἀτιμον
1481 4445 1514 4504 Ι-
1526 4440 1575 4493 καὶ

273 4529 386 4598 SpDel.
410 4528 414 4596 Ι
440 4526 478 4582 18
502 4519 568 4595 (ὡς)
592 4526 656 4597 fllge
678 4527 723 4581 ieh
746 4527 798 4581 mil
820 4527 868 4582 Bo.
886 4527 983 4596 (Notae
1000 4547 1025 4599 p.
1043 4529 1104 4598 400)
1127 4546 1152 4583 u.
1171 4529 1230 4582 Del.
1249 4528 1271 4597 ΙΙ
1290 4529 1338 4582 705
1356 4528 1436 4580 Anm.
1455 4525 1479 4594 f)
1503 4523 1548 4580 ein
1570 4524 1574 4591 Ι

273 4613 311 4668 22
331 4605 388 4666 ἀπὸ
407 4615 432 4666 Α
448 4606 529 4683 παρὰ
548 4612 656 4684 SpDel.
