3758 5564
348 435 410 498 376
886 430 1109 487 ΩΡΙΙἛΝΟΥΣ

349 586 441 710 λόγιμ
467 609 629 679 προσηνεῖ
652 599 709 662 καὶ
734 597 849 664 τοῖσδέ
875 617 942 664 τισι
969 611 1042 716 τρίς
1063 595 1187 683 ἔργοις,
1214 590 1302 666 ἀλλὰ
1322 601 1379 664 καὶ
1400 591 1553 667 διάθεσίν
1573 621 1652 666 τινα

348 685 484 760 τοιάνδε
506 683 724 781 ὀφείλομεν
745 691 832 780 ἔχειν
853 691 940 782 πρὸς
961 689 1093 776 αύτούς.
1125 699 1234 764 ταῦτα
1252 691 1292 782 δὴ
1315 687 1553 814 ὀφείλοντες
1573 687 1652 782 ἢτοι

347 784 554 879 άποδίδομεν
583 789 637 862 διὰ
668 796 731 862 τοῦ
757 791 980 864 ἐπιτελεῖν
943 821 986 864 τα
1007 787 1284 882 προστασσόμενα
1304 787 1372 864 666
1394 799 1458 864 τοῦ
1478 799 1577 864 θείου
1597 789 1651 864 νό-

347 916 424 977 μον,
452 881 473 977 6
501 895 551 979 τῷ
578 908 808 978 καταφρονεῖν
834 897 897 962 τοῦ
922 889 1035 980 ῦγιοῦς
1060 887 1165 982 λόγου
1191 890 1235 981 μὴ
1262 887 1485 973 ἀποδιδόντες
1505 898 1650 982 μένομεν

312 1005 328 1058 5
347 992 385 1060 έν
406 995 458 1080 τῷ
482 983 670 1108 ὀφείλειν.

430 1059 458 1159 2.
486 1085 527 1159 τὸ
550 1086 788 1178 παραπλήσιον
810 1095 845 1161 δὲ
859 1096 1004 1180 νοητέον
1019 1095 1055 1162 ἐν
1070 1109 1144 1174 τοῖς
1162 1087 1249 1179 πρὸς
1263 1088 1344 1174 τούς
1358 1083 1560 1178 άδελφούς’
1541 1117 1648 1176 οφει-

346 1184 507 1278 λήμασι,
538 1187 619 1272 τούς
650 1217 688 1260 τε
717 1187 805 1260 κατὰ
835 1187 900 1262 τὸν
930 1196 991 1280 τῆς
1011 1196 1200 1278 θεοσεβείας
1222 1185 1327 1278 λόγον
1347 1193 1384 1260 έν
1410 1195 1548 1278 Χριστῷ
1573 1183 1650 1278 ἡμῖν

346 1294 733 1378 συναναγεγεννημένους
771 1295 826 1358 καὶ
861 1287 943 1371 τοῦς
978 1283 1204 1380 ὁμομητρίους
1239 1283 1261 1378 6
1297 1283 1528 1378 ὁμοπατρίους
1564 1283 1650 1377 ἡμῖν.

346 1389 417 1458 ἔστι
443 1416 495 1471 τις
520 1394 575 1458 καὶ
602 1385 688 1476 πρὸς
714 1395 859 1470 πολίτας
885 1383 1006 1477 όφειλὴ
1027 1395 1084 1458 καὶ
1106 1385 1191 1477 άλλη
1213 1385 1310 1477 κοινὴ
1332 1385 1434 1514 πρὸς,
1440 1384 1573 1469 πάντας
1593 1382 1650 1458 άν·

295 1491 329 1546 10
347 1485 526 1575 θρύπους,
548 1489 616 1578 ἰδίᾳ
637 1494 699 1576 μὲν
720 1491 836 1572 ξένους
858 1489 926 1578 ἰδίᾳ
948 1492 1060 1558 δὲκαὶ
1079 1483 1214 1606 ἡλικίην
1236 1492 1396 1574 πατέρων
1418 1490 1571 1575 ἔχοντας,
1593 1493 1648 1556 καὶ

277 1597 328 1652 2011
346 1579 433 1704 άλλη
458 1581 546 1675 πρός
572 1614 682 1703 τινρις,
709 1581 769 1670 οῦς
798 1558 942 1675 εὔλογόν
961 1584 1014 1670 Ιζ
986 1617 1033 1669 ως
1059 1580 1193 1670 υίους
1172 1616 1192 1676 η
1217 1584 1265 1707 66
1287 1581 1455 1672 άδελφοῦς
1477 1591 1587 1673 τιμᾶν.
1629 1579 1648 1655 6

346 1674 410 1755 οῦν
436 1682 479 1756 τὰ
507 1679 751 1773 ὀφειλόμενα
773 1680 932 1772 ἀδελφοῖς
951 1683 1235 1758 ἐπιτελεῖσθαι
1196 1714 1241 1775 μη
1255 1692 1368 1807 ποιῶμ
1381 1691 1472 1773 μένει
1494 1679 1648 1772 ὀφειλέ-

346 1810 416 1871 της
432 1773 483 1855 ὧν
497 1782 542 1873 μὴ
557 1791 751 1874 πεποίηκεν.
773 1777 887 1868 οῦτως
902 1790 948 1869 δὲ,
964 1788 991 1855 εί
1006 1793 1060 1856 καί
1076 1783 1275 1875 ἀνθρώποις
1290 1781 1358 1906 666
1373 1812 1437 1854 του
1422 1783 1648 1871 ’φιλανθρώ-

347 1909 416 1952 που
431 1887 493 1972 τῆς
511 1889 632 1970 σοφίας
646 1880 839 1972 πνεύματος
854 1882 1113 1968 ἐπιβαλλόντων
1128 1893 1236 1956 τινῶν
1251 1879 1310 1971 66'
1320 1879 1417 2001 ἡμῶν
1430 1887 1647 1972 ἐλλείποιμεν,

295 1997 327 2051 15
347 1988 476 2052 πλείων
505 1978 683 2070 γίνεται“
662 2011 683 2071 6
712 1977 841 2072 όφειλὴ.
880 1979 966 2054 άλλά
987 1990 1043 2054 καὶ
1064 1987 1101 2055 έν
1123 2001 1197 2067 τοῖς
1218 1977 1306 2065 είςι
1286 1988 1371 2071 ημᾶς
1392 1975 1516 2063 αύτούς
1540 1975 1648 2068 ὀφεί-

346 2091 467 2170 λομεν
488 2087 541 2172 τηῦ
562 2088 624 2170 μέν
646 2081 777 2170 οιύματι
798 2077 926 2153 οῦτωοί
946 2089 1100 2172 χρῆσθαι,
1123 2079 1195 2170 ούχί
1217 2087 1264 2164 είς
1286 2079 1327 2153 τὸ
1345 2089 1559 2171 κατατρίβειν
1572 2077 1648 2169 σάρ-

344 2209 406 2264 κας
427 2180 584 2270 σώματος
600 2179 659 2252 Ιδιά
682 2187 743 2270 τῆς
765 2185 976 2270 φιληδονίας·
999 2177 1216 2270 ὀφείλομεν
1237 2186 1272 2251 δὲ
1293 2187 1348 2250 καὶ
1370 2187 1413 2269 τῇ
1435 2187 1525 2268 ψυχῇ
1547 2176 1647 2269 τήνδε

345 2275 410 2367 τὴν
435 2283 625 2367 ἐπιμέλειαν
650 2277 833 2368 προσάγειν
857 2286 913 2350 καὶ
940 2286 1003 2350 τοῦ
1029 2286 1092 2352 νοῦ
1118 2287 1179 2371 τῆς
1201 2275 1367 2369 ὀξύτητος
1387 2276 1554 2369 πρόνοιαν
1574 2305 1648 2350 ποι-

346 2387 456 2450 εῖσθαι
482 2385 545 2450 τοῦ
571 2409 609 2451 τε
636 2375 752 2468 λόγου,
775 2374 815 2448 ἵν’
838 2375 1001 2468 άκεντρος
1020 2387 1076 2449 καὶ
1098 2377 1270 2469 αίφέλιμος
1290 2371 1311 2466 6
1333 2387 1390 2449 καί
1411 2383 1571 2468 μηδαμῶς
1592 2373 1648 2467 άρ·

294 2491 328 2548 20
345 2471 412 2566 γός.
454 2476 541 2548 έπὰν
571 2477 611 2568 δὴ
641 2485 697 2548 καί
727 2476 771 2548 τὰ
802 2482 848 2561 είς
874 2473 958 2567 ἡμᾶς
983 2473 1041 2566 66’
1064 2474 1160 2568 ἡμῶν
1187 2475 1304 2550 αύτῶν
1334 2472 1577 2566 ὀφειλόμενα
1601 2476 1647 2566 μὴ

344 2571 558 2666 πράττωμεν,
580 2577 765 2666 βαρύτερον
787 2571 865 2666 ἡμῖν
887 2574 928 2648 τό
952 2571 1088 2666 ὄφλημα
1110 2585 1245 2668 γίνεται.

428 2686 455 2748 3.
481 2683 538 2747 καί
552 2680 608 2748 ἐπὶ
622 2675 759 2759 τούτοις
773 2681 853 2747 πᾶσι
870 2674 910 2747 τὸ
925 2673 1138 2765 ύπὲρπάντα
1151 2684 1321 2766 ,,ποίημα“
1330 2683 1386 2747 καὶ
1399 2672 1535 2767 πλάσμα
1550 2672 1646 2758 ὄντες

345 2780 408 2845 τοῦ
437 2781 522 2846 θεοῦ
551 2770 768 2864 όφείλομέν
789 2803 866 2844 τινα
888 2772 1039 2847 διάθεσιν
1060 2775 1180 2866 σῴζειν
1201 2773 1288 2866 πρὸς
1309 2771 1415 2846 αύτὸν
1436 2782 1492 2846 καὶ
1513 2771 1647 2864 άγάπην

344 2871 410 2964 τὴν
427 2879 485 2960 ,ἐξ
512 2867 594 2964 όλης
620 2879 779 2964 καρδίας(
798 2881 873 2958 ,καὶ
895 2879 931 2958 ἐξ
953 2866 1033 2964 όλης
1053 2874 1186 2965 ίσχύος“
1206 2881 1282 2962 ,καὶ
1303 2879 1339 2960 ἐξ
1360 2868 1442 2964 ὅλης
1463 2879 1646 2956 διανοίαςίί·

292 2989 325 3044 25
343 2965 442 3045 άτινα
457 2971 517 3046 ἐὰν
531 2973 575 3064 μὴ
590 2973 875 3064 κατορθώσωμεν,
898 2969 1107 3061 ὀφειλέται
1128 2980 1271 3064 μένομεν
1285 2980 1379 3058 θεοῦ,
1394 2969 1646 3064 ἁμαρτάνοντες

344 3078 391 3156 είς
410 3072 536 3162 κύριον.
574 3082 630 3145 καὶ
652 3081 703 3156 τίς
725 3077 781 3144 ἐπὶ
802 3072 938 3156 τούτοις
960 3068 1089 3160 εὔξεται
1110 3084 1186 3164 περὶ
1201 3071 1312 3165 ἡμῶν;
1333 3072 1434 3158 ,,έδιν“
1449 3073 1511 3163 γὰρ
1526 3068 1646 3162 ,άμαρ

344 3170 461 3245 τάνων
492 3169 623 3264 άμάρτη
652 3169 738 3262 6666
765 3178 811 3255 είς
836 3171 958 3262 ἄνδρα,
989 3180 1044 3246 καί
1070 3173 1315 3264 προσεύξονται
1336 3180 1411 3262 περὶ
1438 3169 1557 3244 αύτοῦ·
1586 3170 1645 3244 ἐὰν

343 3278 411 3362 (δὲ)
440 3276 486 3356 είς
511 3272 629 3362 κύριον
651 3267 797 3363 άμάρτη,
825 3280 877 3356 τίς
903 3271 1123 3362 προσεύξεται
1148 3280 1225 3363 περὶ
1246 3269 1391 3358 αύτοῦ;“
1414 3267 1463 3355 ὥς
1484 3297 1588 3362 φησιν
1609 3275 1646 3344 έν

427 3475 441 3531 τ
465 3475 526 3546 Vgl.
545 3475 558 3530 1
576 3477 648 3531 εει.
667 3480 690 3540 1,
708 3477 732 3530 3.
750 3478 791 3532 τε.
814 3505 847 3516 -
872 3476 910 3534 ιο
933 3475 996 3545 ng
1014 3476 1112 3533 6261.
1132 3477 1171 3544 12,
1190 3477 1231 3532 36.
1248 3507 1281 3516 -
1299 3477 1338 3532 τε
1362 3477 1426 3546 61.
1445 3475 1587 3547 εοεαε,
1605 3478 1646 3532 10.

342 3589 384 3701 {a
398 3561 632 3701 68681'266
652 3562 695 3627 12,
714 3561 748 3617 30
774 3561 851 3630 (τοι.
871 3563 915 3624 10,
933 3563 974 3616 27.
1006 3561 1104 3616 εοεαε
1122 3563 1169 3629 22,
1187 3563 1219 3616 ετ
1247 3579 1272 3616 u.
1295 3561 1374 3616 οαα.
1392 3563 1421 3629 ε,
1440 3563 1464 3616 5.
1493 3561 1538 3626 13,
1556 3562 1590 3630 ε).
1614 3589 1647 3600 -

425 3832 440 3885 1
462 3829 566 3900 τοῖσδ]
593 3827 719 3885 τοιοῖσδέ
740 3829 822 3900 Angl.
841 3830 895 3898 (bei
906 3829 965 3884 Del
978 3829 1103 3897 1925166
1126 3829 1143 3884 2
1171 3823 1283 3897 αύτούς]
1310 3822 1485 3897 ἀνθρώπους
1512 3829 1578 3883 odor
1600 3822 1645 3883 αλλ·

341 3909 445 3984 λη’λους
460 3917 597 3969 vermutet
614 3915 693 3968 Βοοί.
712 3913 768 3982 (bei
785 3913 844 3970 Del.
863 3915 943 3969 1252
960 3916 1040 3968 Anm
1058 3914 1088 3983 b)
1112 3915 1116 3982 Ι
1141 3907 1181 3984 δὴ]
1205 3911 1235 3968 66
1257 3913 1338 3982 Angl.
1357 3915 1391 3982 (ο.
1409 3929 1435 3969 α.
1453 3913 1494 3983 0.)
1519 3917 1523 3979 Ι
1546 3914 1565 3970 8
1585 3930 1646 3968 ουν-

341 3996 518 4070 αναγεννημέ
519 4017 585 4064 νους
606 3997 629 4051 Τ
650 4001 654 4067 Ι
676 3998 715 4056 10
738 3995 851 4074 ίδίᾳὲ
814 4017 868 4067 μυ
890 3996 989 4065 ξένους
1005 3995 1109 4074 ίδίριδὲ
1125 3999 1175 4054 καί
1197 3989 1357 4068 ἢλικίανΕ.
1370 3997 1573 4062 Κλοείετωειια,
1592 3996 1646 4053 ἰδία

340 4081 394 4152 μὲν
420 4081 518 4150 ξένους
543 4083 598 4140 ίδία
625 4081 655 4139 66
680 4086 730 4139 καί
757 4054 867 4154 ἢίικίαν
888 4084 1030 4154 TAusgg,
1054 4081 1110 4140 ἰδία
1132 4075 1207 4155 πρὸς
1224 4080 1331 4148 ξένους,
1356 4078 1464 4137 ίδίαδὲ
1485 4077 1549 4136 καίΙ
1559 4072 1648 4179 (πρός

340 4160 422 4236 τούς)
449 4159 559 4270 6666
584 4169 643 4224 Del.
667 4169 857 4238 (1252211111.
876 4171 914 4237 οΙ,
940 4167 995 4224 ἰδία
1021 4165 1075 4236 μὲν
1061 4162 1201 4239 ν<πρδς>
1231 4165 1334 4236 ξέ,νους
1353 4165 1409 4223 ἰδία
1432 4164 1461 4221 δέ
1483 4167 1533 4221 καί
1559 4158 1648 4236 (πρός

340 4247 420 4323 τοὺς)
448 4243 561 4322 ἡλικίαν
582 4253 686 4308 Lomm.
708 4253 712 4320 Ι
737 4251 775 4309 14
794 4249 979 4324 έλλείποιμεν]
999 4248 1167 4320 ἐλλείπομεν
1184 4254 1319 4306 vermutet
1337 4252 1395 4306 Del.
1414 4252 1504 4320 (1252
1522 4253 1602 4305 Anm.
1620 4251 1647 4318 d

340 4339 413 4393 ohne
431 4338 545 4408 Grundl
566 4338 607 4394 20
634 4331 675 4408 δὴ]
703 4334 732 4394 66
749 4337 830 4406 AngI.
849 4343 883 4406 (a.
900 4355 925 4392 ε.
943 4337 984 4406 0.)
1008 4340 1012 4406 Ι
1037 4337 1075 4393 21
1104 4329 1231 4408 ὄφλημα]
1256 4330 1396 4407 ὀφείλημα
1419 4334 1564 4391 Ox.L0nd.
1584 4341 1589 4405 Ι
1612 4336 1647 4392 22

340 4418 553 4495 προσεύξονται
571 4421 692 4477 schreibe
714 4421 760 4476 ich
777 4421 829 4476 mit
845 4421 939 4487 Lond,
963 4421 1017 4491 vgl.
1035 4425 1120 4476 unten
1139 4420 1202 4491 Gap.
1220 4421 1336 4476 XXVIII
1354 4424 1382 4486 9,
1401 4423 1427 4476 S.
1446 4421 1495 4476 381
1513 4421 1539 4474 Z.
1559 4422 1603 4486 10,
1621 4439 1647 4476 u.

341 4507 413 4562 oben
435 4506 548 4562 Exhort.
572 4507 637 4577 Gap.
655 4505 743 4571 XVII,
765 4507 828 4562 116
846 4507 872 4560 Z.
891 4508 936 4570 22;
958 4501 1149 4578 προσεύξηται
1172 4505 1323 4560 TOx.DeI
1346 4511 1350 4570 Ι
1374 4508 1413 4564 28
1442 4503 1503 4579 (66)
1522 4507 1586 4576 fflge
1603 4506 1648 4560 ich

341 4593 393 4646 mit
408 4591 494 4646 hond.
513 4592 565 4660 ein,
585 4593 639 4662 ng.
658 4595 743 4646 unten
761 4591 825 4662 Cap.
843 4591 959 4645 XXVIII
977 4593 1002 4658 9,
1020 4592 1045 4645 8.
1064 4591 1113 4645 381
1132 4590 1159 4644 Ζ.
1177 4593 1217 4646 10.
