3780 5532
360 529 421 590 242
909 521 1130 575 ονιναιιοικ

361 679 524 774 δμαρτίας
554 677 574 774 ἢ
600 687 666 754 υἱοὶ
693 691 804 773 λοιμοὶ
830 677 850 770 ἢ
877 687 943 754 υἱοὶ
962 690 966 769 l
986 679 1122 764 ἀδικίας.
1164 687 1236 752 ἐπεὶ
1263 674 1326 752 οῦν
1352 689 1408 752 καὶ
1430 679 1613 772 ἄνθρωποι
1635 689 1667 756 οἱ
1690 698 1738 754 761

360 789 423 874 μέν
450 789 511 855 εἰσι
539 789 713 854 σπουδαῖοι
740 784 771 852 οἱ
794 789 829 853 δὲ
852 789 991 868 φαῦλοι,
1018 780 1147 852 διὸκαὶ
1174 785 1288 868 οἱμὲν
1310 789 1407 866 ,,τοῦ
1429 791 1555 854 θεοῦ(
1577 787 1609 856 οἱ
1631 791 1667 856 δὲ

363 889 427 956 τοῦ
449 879 607 967 διαβόλου
629 883 712 952 εἶναι
734 886 899 971 λέγονται,
923 878 1007 953 ἀλλὰ
1029 888 1083 952 καὶ
1105 877 1280 969 ,,όιγγελοι“
1302 886 1410 971 οἱμὲν
1432 891 1526 968 ,τοῦ
1547 892 1666 955 θεοῦ(

363 987 396 1054 οἱ
423 988 458 1054 δὲ
479 989 543 1054 τοῦ
564 989 727 1072 πονηροῦ,
756 986 910 1070 δαίμονες
937 987 971 1052 δὲ
998 977 1112 1052 οῦκέτι
1134 987 1249 1069 διχῶς,
1271 979 1399 1065 πάντες
1425 982 1488 1071 γὰρ
1511 979 1666 1054 όποδελκ-

329 1097 483 1154 ὄνονται
513 1083 597 1153 εἶναι
628 1087 765 1169 φαῦλοι·
796 1080 849 1152 διὰ
880 1088 985 1152 τοῦτο
1013 1078 1163 1170 φήσομεν
1197 1087 1303 1171 ψευδῆ
1331 1084 1415 1153 εἶναι
1449 1081 1511 1152 τὸν
1535 1091 1666 1154 Κέλσου

363 1178 468 1270 λόγον
500 1179 657 1264 εἰπόντος
692 1177 745 1252 τό·
780 1187 812 1252 εἰ
842 1179 875 1250 δ’
907 1184 981 1252 εἰσί
1012 1207 1118 1261 τινες
1149 1187 1347 1267 δαίμονες,
1377 1178 1571 1268 δηλονότι
1601 1187 1666 1252 καὶ

364 1272 483 1353 οῦτοι
515 1289 585 1354 τοῦ
615 1288 727 1354 θεοῦ·
757 1274 777 1369 ἢ
810 1279 973 1351 δεικνύτω
1004 1275 1023 1350 ό
1053 1276 1257 1368 βουλόμενος
1282 1279 1326 1369 μὴ
1353 1277 1458 1368 λόγον
1483 1277 1559 1370 ῦγιῆ
1581 1282 1666 1351 εῖναι

363 1379 428 1470 τὴν
457 1389 533 1470 περὶ
565 1377 766 1469 ἀνθρώπων
798 1387 854 1451 καὶ
879 1375 1030 1468 ἀγγέλων
1056 1383 1224 1467 διαίρεσιν,
1248 1373 1269 1467 ἢ
1296 1375 1399 1468 λόγον
1420 1383 1542 1468 ἔχοντα
1562 1409 1666 1469 παρα-

365 1477 512 1569 πλήσιον
536 1479 702 1551 δύνασθαι
723 1477 986 1552 ἀποδείκνυσθαι
1007 1485 1062 1548 καὶ
1084 1483 1137 1550 ἐπὶ
1161 1475 1371 1567 δαιμόνων.

314 1597 347 1652 10
449 1584 489 1648 Εἰ
511 1586 546 1650 δὲ
568 1576 664 1651 τοῦτ’
681 1577 862 1669 ἀμήχανον,
886 1585 990 1667 δῆλον
1011 1572 1066 1649 ότι
1089 1576 1169 1650 οῦτε
1191 1584 1264 1649 τοῦ
1286 1585 1382 1649 θεοῦ
1404 1585 1505 1649 εἰσιν
1527 1583 1564 1649 οἱ
1587 1584 1666 1649 δαέ-

363 1704 493 1770 μονες·
522 1676 562 1751 οῦ
585 1679 647 1769 γὰρ
669 1677 785 1767 ἄρχων
805 1676 923 1750 αὐτῶν
945 1672 964 1748 ό
984 1675 1079 1761 θεὸς
1100 1674 1185 1762 ἀλλ’,
1208 1672 1255 1760 ὥς
1277 1703 1381 1764 φασιν
1403 1681 1434 1748 οἱ
1456 1689 1545 1749 θεῖοι
1562 1675 1667 1767 λόγοι,

365 1774 384 1851 ό
411 1777 672 1866 ,,Βεελζεβοῦλ“·
702 1782 834 1864 [XXV1.]
866 1773 946 1848 οὔτε
976 1782 1216 1848 πιστευτέον
1249 1783 1418 1863 δαίμοσι,
1449 1772 1513 1848 κόν
1541 1784 1668 1860 Κέλσος

365 1883 419 1950 ἐπὶ
442 1878 587 1961 τούτους
610 1873 695 1967 ἡμᾶς
717 1885 903 1966 παρακαλῇ,
926 1871 999 1947 ἄλλ’
1022 1873 1263 1966 ἀποθανητέον
1285 1885 1365 1964 πρὶν
1386 1884 1566 1967 πεισθῆναι
1588 1883 1667 1948 δαέ-

281 1994 349 2049 198¹
365 2003 482 2067 μοσιν
512 1974 599 2050 ἀλλὰ
625 1983 680 2048 καὶ
706 1984 776 2048 πᾶν
798 1971 916 2048 ὁτιοῦν
937 1974 1165 2062 ὑπομενετέον
1191 1973 1405 2064 πειθόλμενον
1427 1984 1510 2067 θεῷ.
1554 1972 1667 2060 οῦτως

315 2092 348 2145 15
366 2082 402 2147 δε
424 2074 501 2148 οῦδὲ
527 2083 813 2164 καλλιερητέον
839 2081 1008 2165 δαίμοσι·
1037 2083 1092 2146 καὶ
1120 2077 1181 2165 γὰρ
1207 2073 1378 2148 ἀδύνατόν
1399 2079 1469 2147 ἐστι
1492 2095 1564 2159 τοῖς
1586 2076 1667 2165 φαῦ-

366 2186 439 2260 λοις
464 2182 519 2246 καὶ
545 2173 745 2264 ἀνθρώπων
771 2195 973 2259 κακωτικοῑς
999 2185 1234 2263 καλλιερεῖν.
1269 2171 1355 2248 ἀλλὰ
1381 2183 1437 2246 καὶ
1467 2176 1567 2248 κατὰ
1593 2185 1667 2248 πολ·

367 2306 427 2359 ους
453 2272 599 2365 νόμους
625 2272 710 2365 ἡμᾶς
736 2273 892 2358 βούλεται
915 2281 1042 2356 Κέλσος
1068 2286 1294 2363 καλλιερεῖν
1315 2293 1387 2358 τοῖς
1409 2283 1608 2363 δαέμοσιν;
1640 2279 1669 2346 εἰ

366 2381 427 2465 μὲν
457 2374 519 2464 γὰρ
547 2374 646 2446 κατὰ
677 2375 757 2457 τοῦς
786 2379 955 2462 κειμένους
987 2378 1023 2445 ἐν
1053 2393 1126 2457 ταῖς
1147 2370 1278 2459 πόλεσι,
1310 2381 1586 2462 κατασκευαζέτω
1613 2369 1666 2446 ότι

366 2473 544 2566 συνᾴδουσι
567 2493 638 2558 τοῖς
660 2482 768 2556 θείοις
794 2471 944 2562 νόμοις·
974 2476 1002 2544 εἰ
1029 2479 1064 2544 δὲ
1087 2479 1192 2546 τοῦτο
1214 2474 1259 2564 μὴ
1282 2473 1422 2547 δῦναται
1444 2471 1498 2563 (οῦ
1519 2473 1582 2564 γὰρ
1603 2469 1667 2545 κόν

314 2589 348 2644 20
366 2569 525 2665 ἀλλήλοις
552 2570 659 2644 ταῦτὰ
685 2580 838 2662 λέγουσιν
864 2577 896 2644 οἱ
922 2580 996 2644 τοῖιν
1018 2582 1161 2645 πολλῶν
1181 2575 1319 2648 πόλεων
1341 2575 1481 2661 νόμοι),
1505 2573 1667 2663 δηλονότι

366 2671 443 2744 οῦδὲ
458 2681 580 2762 κυρλως
602 2669 746 2760 νόμους
769 2665 789 2761 ἢ
813 2670 955 2758 φαύλων
977 2670 1136 2760 νόμους,
1160 2675 1219 2757 οἷς
1241 2670 1281 2744 οῦ
1302 2679 1553 2744 πιστευτέον·
1577 2703 1666 2758 ,πει-

364 2781 524 2861 θαρχεῖν(ί
546 2771 608 2860 γὰρ
630 2778 701 2856 ,δεῖ
719 2778 850 2860 μᾶλλον
871 2779 943 2862 θεῷ
966 2767 986 2860 ἢ
1008 2768 1236 2861 α’νθροόποις.“

447 2867 554 2960 όπαγε
581 2870 621 2961 δὴ
648 2870 713 2960 τὴν
740 2877 804 2942 τοῦ
827 2877 957 2941 Κέλσου
982 2871 1181 2960 συμβουλὴν,
1208 2878 1367 2960 λέγοντος
1392 2879 1665 2960 προστακτέον

366 2972 450 3043 εἶναι
483 2977 654 3058 δαίμοσι,
686 2977 740 3042 καὶ
771 2968 848 3042 οῦδὲ
878 2970 965 3042 κατὰ
998 2969 1038 3041 τό
1069 2970 1179 3042 ποσὸν
1208 2967 1392 3042 ἀκουστέον
1423 2969 1540 3062 αὐτῆς·
1570 2974 1664 3062 μόνῳ

315 3094 347 3150 25
365 3073 428 3164 γὰρ
460 3075 733 3161 προσευκτέον
764 3077 818 3159 τῷ
852 3076 905 3140 ἐπὶ
936 3077 1017 3142 πᾶσι
1047 3077 1139 3160 θεῷ,
1171 3079 1225 3142 καὶ
1256 3078 1526 3160 προσευκτέον
1553 3100 1589 3161 γε
1616 3079 1665 3161 τῷ

364 3190 542 3262 μονογενει
569 3176 623 3238 καὶ
654 3168 869 3260 πρωτοτόκοι
900 3167 1029 3260 ,πόσης
1050 3179 1211 3254 κτέσεως“
1239 3169 1331 3260 λόγῳ
1354 3177 1467 3254 θεοῦ,
1490 3179 1546 3242 καὶ
1568 3168 1666 3257 ἀξιω-

364 3278 445 3343 τέον
473 3267 579 3342 αὐτόν
604 3267 653 3352 οῦς
680 3264 832 3357 ἀρχιερέα
858 3267 922 3357 τὴν
944 3266 995 3340 ἐπ’
1019 3267 1125 3342 αῦτόν
1147 3269 1327 3358 φθάσασαν
1348 3267 1446 3360 ἡμῶν
1469 3268 1568 3361 εῦχὴν
1590 3267 1666 3342 ἀνα·

364 3377 479 3458 φέρειν
506 3374 560 3440 έπὶ
590 3369 662 3442 τόν
687 3367 786 3440 θεὸν
811 3366 917 3440 αῦτοῦ
940 3379 995 3440 καὶ
1017 3368 1115 3441 θεὸν
1137 3368 1308 3460 ἡμῶνκαὶ
1330 3377 1460 3458 πατέρα
1483 3369 1589 3443 αῦτοῦ
1610 3377 1666 3442 καὶ

363 3475 493 3557 πατέρα
524 3475 598 3540 τοῦν
629 3467 799 3553 βιούντων
826 3469 913 3539 κατὰ
940 3467 1003 3540 τόν
1031 3469 1135 3559 λόγον
1162 3475 1233 3540 τοῦ
1260 3476 1367 3540 θεοῦ.
1411 3465 1526 3558 ὥσπερ
1549 3477 1583 3541 δὲ
1604 3466 1666 3541 οῦκ

312 3594 347 3649 3ο
364 3563 406 3640 όν
439 3577 643 3658 βουλοίμεθα
674 3565 850 3657 εῦμενεῑς
880 3571 966 3656 ἔχειν
995 3563 1205 3658 ἀνθρώπους
1231 3568 1311 3652 τοῦς
1336 3575 1560 3659 βουλομένους
1582 3566 1664 3659 ἡμᾶς

450 3757 466 3811 1
490 3756 552 3824 vgl.
574 3757 675 3810 ISam.
693 3757 721 3818 2,
740 3756 779 3809 12.
804 3757 848 3822 10,
868 3757 908 3811 27.
934 3757 1038 3822 25,17.
1061 3756 1160 3810 Ezech.
1179 3758 1224 3823 18,
1245 3756 1284 3810 10.
1307 3786 1341 3795 -
1363 3755 1425 3827 Vgl.
1443 3757 1468 3810 11
1486 3757 1558 3811 Sam.
1575 3759 1603 3818 3,
1622 3759 1663 3812 34.

363 3843 387 3906 7,
406 3843 446 3896 10.
464 3871 497 3880 -
516 3841 534 3896 2
554 3840 616 3910 Vgl.
634 3841 659 3894 II
677 3839 746 3894 Κῦιι.
764 3842 790 3902 4,
808 3841 847 3894 21.
866 3843 907 3896 25.
924 3843 965 3896 40.
983 3843 1023 3896 42.
1048 3845 1072 3908 6,
1090 3843 1113 3896 6.
1140 3843 1221 3905 7,17.
1245 3842 1269 3904 8,
1287 3843 1312 3894 4.
1331 3843 1355 3896 7.
1372 3843 1397 3898 8.
1416 3845 1446 3896 11
1465 3859 1490 3896 υ.
1509 3859 1575 3898 ευ.
1592 3841 1663 3896 -0

363 3924 426 3996 Vgl.
444 3925 542 3980 Matth.
555 3927 595 3992 22,
613 3927 654 3981 30.
678 3925 745 3980 Luk.
760 3925 799 3990 12,
812 3925 837 3980 8.
855 3955 887 3963 -
906 3925 943 3980 11
963 3925 1026 3994 vgl.
1044 3925 1142 3979 Matth.
1162 3927 1201 3992 12,
1219 3927 1259 3980 24.
1284 3927 1371 3981 Mark.
1388 3927 1412 3990 3,
1424 3927 1465 3981 22.
1488 3925 1609 3992 Luk.11‚
1623 3929 1663 3980 15.

362 4011 446 4066 -21
466 4013 615 4072 Αο1.5,29.
635 4039 667 4048 -
686 4009 725 4064 20
743 4007 970 4078 vgl.J0h.1‚14.
989 4010 1029 4065 18.
1053 4013 1130 4074 3,16.
1150 4013 1189 4066 18.
1216 4012 1418 4076 1J0h.4‚9.—
1436 4009 1663 4079 Vgl.K01.1‚15.

363 4094 424 4149 Joh.
443 4099 467 4158 1,
485 4099 509 4149 1.
527 4125 560 4134 -
578 4095 615 4151 27
637 4092 898 4163 vg1.flebr.2,17.
922 4097 983 4158 3,1.
1006 4097 1088 4156 4‚14.
1108 4097 1147 4150 15.
1172 4098 1254 4162 5,1o.
1277 4097 1300 4162 6,
1319 4098 1360 4151 20.
1387 4098 1409 4162 7,
1428 4097 1469 4151 20.
1491 4096 1557 4163 8,1.
1581 4097 1664 4156 9,11.

449 4262 465 4316 1
490 4263 587 4330 λοιμοὶ
605 4261 733 4332 ΑΗδ.8ρ.
751 4263 856 4329 λοιμοῦ
874 4261 917 4317 Jol
926 4261 986 4316 Del.
1002 4263 1006 4331 1
1022 4261 1039 4315 0
1063 4257 1206 4334 διαβόλου]
1226 4259 1243 4318 ό
1260 4263 1289 4316 in
1309 4264 1451 4318 Oorrectur
1468 4267 1492 4318 A
1507 4261 1596 4332 11-5
1619 4279 1664 4316 am

361 4347 441 4400 Rand
460 4365 495 4416 οη
513 4347 550 4400 111
566 4348 570 4415 Ι
586 4347 604 4401 0
623 4341 792 4416 δηλονότιΑ
810 4348 896 4416 δῆλον
909 4337 952 4402 ότι
967 4349 1066 4416 Ausgg.
1082 4349 1086 4416 1
1103 4348 1141 4404 10
1161 4343 1206 4402 ἐπὶ
1218 4343 1347 4417 τούτους]
1367 4344 1411 4402 ἐπὶ
1429 4351 1515 4403 τοῦτο
1532 4347 1665 4401 vermutet

361 4431 420 4486 Del.
439 4433 461 4500 (Ι
480 4435 527 4486 701
546 4434 626 4484 Anm.
644 4431 671 4500 a)
689 4431 760 4485 ohne
780 4431 898 4500 Grundl
924 4431 962 4488 14
986 4422 1076 4497 οῦτως
1093 4435 1117 4484 A
1136 4423 1212 4487 οῦτω
1235 4435 1337 4502 Ausgg.
1363 4435 1365 4500 λ
1390 4433 1428 4488 15
1447 4449 1495 4486 vor
1512 4425 1568 4502 γὰρ
1587 4437 1619 4494 -λ-
1638 4449 1664 4492 α,

362 4515 432 4570 doch
452 4515 702 4584 durchgestrichen‚
721 4518 744 4568 Δ
760 4517 764 4584 1
780 4516 820 4572 20
842 4510 930 4571 ταύτὰ
947 4514 1080 4586 λέγουσιν
1101 4517 1224 4571 εολπε15ε
1246 4517 1291 4570 ich
1308 4517 1360 4571 mit
1378 4517 1424 4570 Βο.
1444 4516 1541 4582 (Notae
1557 4533 1581 4586 p.
1595 4516 1663 4583 405),

361 4593 450 4654 ταῦτὰ
469 4598 591 4669 λέγωσιν
611 4599 685 4654 lesen
708 4599 789 4653 Guiet
808 4617 834 4654 u.
855 4600 914 4654 Del.
934 4602 955 4669 (Ι
974 4603 1021 4656 701
1042 4603 1121 4656 Δαω.
1139 4605 1176 4664 eh
1203 4609 1292 4656 ταῖτα
1310 4599 1431 4671 λέγωσιν
1448 4602 1578 4670 AAusgg.
1598 4601 1603 4669 Ι
1624 4599 1663 4655 20

361 4683 559 4756 προοευκτέον
576 4685 677 4753 Ausgg.
695 4682 875 4754 προσεκτέον
892 4688 916 4737 Α
931 4685 935 4752 Ι
952 4683 991 4740 20
1010 4676 1118 4754 ὥσπερ]
1138 4704 1154 4756 ρ
1174 4685 1224 4739 auf
1238 4685 1325 4739 Rasur
1342 4689 1374 4738 Α.
