3772 5526
368 469 387 531 8
912 467 1138 523 ανισεσονν

367 636 487 712 χεσθαι
509 635 743 719 κεκρυμμένως
765 633 938 719 εἰρημένον
959 636 1023 701 τοῦ
1044 628 1152 722 νόμου
1173 631 1324 722 βούλημα
1346 640 1402 702 καὶ
1420 627 1620 720 όπόρὁητόν
1644 659 1677 700 τι

369 729 548 896 ἐμφσὲῖῳον,
580 725 661 800 οὔτε
697 727 770 801 τὸν
800 726 974 817 ούρανόν
1011 729 1176 821 φήσουσιν
1208 733 1293 803 είναι
1327 729 1427 804 θεὸν
1465 725 1547 801 οῦτε
1582 731 1677 812 τούς

368 852 441 913 αγγ
493 855 569 910 ους.

452 955 539 1022 VIII.
580 947 667 1023 Ἐπεὶ
700 958 735 1024 δὲ
769 951 944 1044 φόσκομεν
981 951 1086 1026 αύτόν
1117 953 1338 1043 συγκεχύσθαι
1369 955 1405 1024 ἐκ
1436 979 1544 1024 τινων
1572 981 1677 1040 παρα·

333 1071 349 1122 5
367 1047 581 1138 κουσμότων,
603 1058 685 1140 φέρε
706 1061 762 1122 καί
785 1061 893 1125 ταῦτα
914 1050 1007 1144 ἡμεῖς
1028 1052 1115 1124 κατὰ
1131 1051 1172 1124 τό
1189 1051 1337 1124 δυνατόν
1353 1048 1431 1141 ἡμῖν
1447 1051 1677 1140 τρανῶσωμεν

368 1154 424 1218 καί
466 1149 736 1242 παραστήσωμεν
778 1146 850 1237 ότι,
889 1160 1021 1224 Κέλσου
1060 1159 1258 1242 νομίζοντος
1294 1149 1474 1223 Ἰουδαϊκὸν
1515 1152 1600 1221 εἶναι
1637 1149 1677 1220 τό

369 1268 612 1335 προσκυνεῖν
635 1248 793 1341 ούρανῷ
817 1257 881 1321 καί
903 1271 990 1335 τοῖς
1012 1256 1052 1323 ἐν
1072 1249 1168 1342 αύτῷ
1191 1249 1390 1340 ἀγγέλοις,
1412 1247 1475 1321 ούκ
1493 1246 1677 1322 Ἰουδαϊκὸν

368 1352 430 1434 μέν
461 1346 513 1419 τόΙ
534 1357 709 1434 τοιοῦτον,
740 1349 973 1439 παραβατικόν
999 1357 1034 1422 δὲ
1060 1354 1256 1440 ίυυδαϊσμοῦ
1282 1355 1384 1434 ἐστιν,
1415 1345 1530 1438 ῶσπερ
1556 1349 1677 1421 καὶτὸ

369 1467 611 1536 προσκυνεῖν
641 1446 738 1541 ήλίῳ
766 1457 829 1520 καὶ
852 1447 995 1539 σελήνη
1016 1457 1081 1520 καί
1102 1443 1266 1538 ἄστροις
1295 1447 1380 1522 ἀλλὰ
1406 1457 1461 1520 καί
1485 1467 1557 1533 τοῖς
1579 1447 1677 1538 όγόλ-

319 1565 352 1619 10
369 1569 478 1630 μασιν.
522 1545 671 1638 εὑρήσεις
701 1557 783 1639 γοῦν
812 1547 957 1638 μάλιστα
988 1553 1024 1619 ἐν
1051 1555 1102 1638 τῶ
1124 1545 1257 1642 Ἱερεμίᾳ
1284 1547 1346 1620 τόν
1368 1555 1433 1620 τοῦ
1456 1555 1542 1621 θεοῦ
1563 1547 1676 1638 λόγον,

371 1644 425 1716 διὰ
455 1653 519 1718 τοῦ
551 1647 734 1738 προφήτου
763 1645 980 1738 μεμφόμενον
1011 1653 1062 1737 τῶ
1093 1645 1295 1720 Ἰουδαίων
1324 1655 1398 1739 λαῷ
1429 1647 1478 1732 ῶς
1507 1675 1677 1737 προσκυ-

371 1751 513 1817 νοῦντι
543 1746 586 1818 τόι
617 1754 759 1818 τοιαῦτα
787 1756 843 1819 καί
866 1747 990 1819 θύοντι
1020 1755 1085 1836 ,τῇ
1110 1755 1281 1836 βασιλίσσῃ
1308 1755 1371 1819 τοῦ
1401 1745 1598 1837 ούρανοῦ·
1622 1753 1677 1818 καί

370 1843 480 1931 ,πόση
506 1853 549 1934 τῇ
579 1854 720 1940 στρατιᾷ
752 1854 815 1919 τοῦ
844 1845 1047 1935 ούρανοῦ.“’
1091 1853 1230 1936 δηλοῦσι
1257 1854 1293 1918 δὲ
1318 1853 1374 1918 καὶ
1401 1849 1432 1918 οί
1460 1855 1677 1935 Χριστιανῶν

370 1939 479 2031 λόγοι,
512 1953 782 2036 κατηγοροῦντες
809 1955 883 2019 τῶν
904 1951 941 2018 ἐν
963 1944 1167 2030 Ἰουδαίοις
1194 1943 1492 2037 όμαρτανυμένων,
1516 1941 1571 2020 ότι
1594 1953 1678 2018 θεοῦ

318 2063 351 2115 15
370 2041 661 2130 ἐγκαταλιπόντος
689 2045 752 2118 τόν
782 2045 866 2117 λαόν
896 2050 1026 2117 ἐκεῖνον
1055 2051 1110 2117 ἐπί
1141 2069 1231 2117 τισιν
1259 2042 1470 2136 ἁμαρτήμασι
1499 2053 1555 2116 καὶ
1583 2041 1676 2116 ταῦτ’

254 2205 257 2210 .
371 2137 485 2226 αύτοῖς
508 2139 729 2233 ἡμαρτόνετο.
772 2151 809 2216 ἐν
838 2153 899 2236 μὲν
925 2145 988 2234 γὰρ
1015 2165 1087 2228 ταῖς
1108 2143 1253 2234 Πρόξεσι
1273 2151 1458 2234 γέγραπται
1480 2153 1554 2216 τῶν
1573 2142 1677 2216 ἀποσ-

372 2236 485 2310 τόλων
511 2251 586 2332 περὶ
616 2239 815 2315 Ἰουδαίων
847 2239 901 2316 ότι
932 2248 1094 2334 ,ἔστρεψε
1121 2250 1156 2314 δέ
1183 2241 1306 2327 δθεός
1327 2253 1383 2315 καὶ
1404 2252 1601 2332 παρέδωκεν
1623 2241 1678 2313 αύ-

371 2339 451 2422 τοῦς
479 2341 654 2430 λατρεύειν
684 2351 726 2432 τῇ
754 2351 758 2430 Ι
786 2351 927 2435 στρατιᾷ
955 2350 1018 2415 τοῦ
1053 2340 1241 2432 ούρανοῦ,
1274 2346 1394 2426 καθῶς
1424 2350 1608 2433 γέγραπται
1641 2347 1678 2413 ἐν
1694 2363 1747 2418 583

286 2454 352 2508 118v
371 2447 476 2528 βίβλῳ
499 2448 573 2512 τῶν
591 2445 597 2532 Ι
615 2452 820 2531 προφητῶν·
849 2443 893 2532 μή
921 2441 1046 2531 σφάγια
1071 2450 1127 2514 καί
1149 2451 1268 2524 θυσίας
1289 2449 1543 2533 προσηνέγκατέ
1562 2471 1619 2532 μοι
1641 2447 1678 2513 ἐν

320 2552 354 2605 20
372 2546 414 2626 τῇ
445 2537 557 2629 ἐρήμῳ
584 2540 835 2629 τεσσαράκοντα
864 2545 936 2632 ἔτη,
966 2545 1059 2625 οίκος
1080 2539 1216 2632 Ἰσραήλ,
1238 2549 1294 2613 καὶ
1316 2540 1493 2630 ἀνελάβετε
1516 2542 1677 2631 τήνσκη-

373 2637 435 2728 νήν
457 2639 576 2728 Μολόχ
598 2647 653 2712 καί
675 2641 717 2713 τό
739 2637 866 2732 ἄστρον
888 2649 951 2714 τοῦ
974 2649 1058 2714 θεοῦ
1075 2636 1207 2731 Ῥομφᾶ,
1231 2642 1312 2725 τοῦς
1333 2640 1473 2724 τύπους,
1490 2637 1550 2724 οῦς
1565 2640 1677 2730 ἐποιή-

371 2761 450 2809 σατε
480 2759 721 2828 προσκυνεῖν
751 2740 906 2826 αύτοῖς;“
935 2740 1027 2831 παρὰ
1057 2749 1092 2814 δὲ
1119 2748 1170 2831 τῶ
1193 2737 1333 2830 Παύλῳ,
1357 2735 1503 2830 ἀκριβῶς
1525 2739 1567 2812 τὰ
1589 2737 1677 2812 'Iov-

372 2845 497 2910 δαίων
531 2846 749 2914 παιδευθέντε
780 2847 836 2913 καί
865 2836 1010 2930 ύστερσν
1045 2846 1082 2912 ἐκ
1117 2837 1314 2929 παραδόξου
1348 2845 1545 2928 ἐπιφανείας
1573 2836 1678 2929 Ἰησοῦ

370 2949 648 3028 χριστιανίσαντι,
681 2938 812 3013 τοιαῦτ’
843 2947 880 3014 ἐν
916 2949 960 3030 τῇ
994 2941 1080 3030 πρὸς
1110 2948 1314 3021 Κολασσαεῖς
1348 2945 1516 3012 λέλεκται·
1545 2947 1678 3030 ,μηδεὶς

320 3053 353 3106 25
371 3034 454 3125 ῦμᾶς
484 3046 762 3127 καταβραβευέτω
793 3048 910 3113 θέλων
940 3046 978 3113 ἐν
1008 3038 1304 3128 ταπεινοφροσύνῃ
1335 3045 1389 3110 καί
1416 3047 1578 3132 θρησκείᾳ
1605 3048 1678 3112 τῶν

372 3133 565 3227 ἀγγέλων,
596 3133 617 3209 ό
649 3138 797 3228 ίῶρακεν
828 3139 1036 3230 ἐμβατεύων,
1067 3146 1139 3227 εἰκῇ
1170 3139 1392 3228 φυσιούμενος
1417 3137 1485 3211 ύπό
1513 3146 1576 3211 τοῦ
1598 3138 1678 3221 νοὸς

372 3242 432 3324 τῆς
468 3237 590 3327 σαρκὸς
625 3237 741 3324 αύτοῦ,
776 3249 833 3311 καί
869 3237 910 3312 ού
944 3247 1083 3328 κρατῶν
1119 3237 1182 3327 τὴν
1209 3238 1371 3328 κεφαλήν,
1400 3245 1435 3325 ἐξ
1466 3230 1507 3310 οῦ
1538 3246 1608 3311 πᾶν
1636 3237 1677 3309 τὸ

371 3343 467 3424 σῶμα
497 3336 550 3408 διὰ
581 3345 655 3410 τῶν
686 3335 788 3426 ἁφῶν
816 3346 872 3410 καί
908 3344 1101 3427 συνδέσμων
1136 3337 1444 3427 ἐπιχορηγούμενον
1478 3343 1533 3407 καί
1568 3346 1677 3428 συμβι·

371 3435 556 3524 βαζόμενον
603 3433 696 3524 αὔξει
736 3438 801 3528 τὴν
845 3433 983 3529 αὔξησιν
1023 3443 1086 3508 τοῦ
1124 3443 1237 3509 θεοῦ.“
1273 3443 1381 3507 ταῦτα
1422 3443 1457 3509 δὲ
1491 3433 1568 3527 μήτ’
1600 3433 1677 3508 όνα-

318 3551 354 3605 30
373 3534 472 3622 γνούς
502 3533 587 3626 μήτε
607 3539 732 3627 μαθῶν
762 3534 782 3610 δ
810 3545 938 3620 Κέλσος
967 3534 1029 3608 οῦκ
1059 3533 1122 3609 οίδ
1145 3531 1241 3620 ὅπως
1271 3545 1456 3624 πεποίηκεν
1484 3534 1532 3619 ῶς
1553 3534 1595 3607 ού
1616 3566 1676 3607 τια-

457 3723 476 3778 4
499 3723 562 3793 Vgl.
581 3724 653 3779 oben
671 3725 696 3778 V
714 3727 738 3789 6,
756 3725 782 3780 S.
799 3725 816 3780 6
833 3724 860 3778 Z.
878 3723 921 3778 8f.
944 3754 977 3762 -
996 3723 1036 3780 10
1053 3723 1116 3794 Vgl.
1128 3723 1227 3778 Ierem.
1245 3724 1287 3784 51,
1306 3725 1345 3776 17.
1370 3725 1447 3788 7,17.
1465 3723 1506 3777 18.
1531 3723 1626 3790 19,13.
1647 3752 1679 3761 -

373 3806 408 3860 17
425 3809 485 3860 Aet.
504 3810 527 3872 7,
544 3809 587 3862 42.
604 3809 638 3862 43
657 3808 752 3878 (Amos
769 3811 792 3872 5,
811 3811 852 3864 25.
871 3809 923 3877 26).
941 3840 974 3848 -
992 3807 1033 3864 14
1052 3808 1112 3862 Kol.
1130 3809 1156 3874 2,
1174 3809 1215 3862 18.
1235 3807 1274 3860 19.

458 3973 478 4029 4
496 3971 526 4028 δὲ
543 3972 702 4046 φύσιωμεν]
714 3973 737 4031 δ
746 3973 912 4047 ἐφάσκομεν
923 3977 1048 4031 νειωιιεε
1060 3973 1104 4026 ich
1119 3973 1124 4041 Ι
1139 3972 1159 4028 θ
1172 3972 1264 4026 1ιίιι1ετ
1277 3968 1379 4044 σελήνη
1392 3973 1479 4028 Rasur
1491 3977 1516 4029 A
1530 3977 1535 4043 Ι
1550 3967 1678 4046 ἄστροις]

373 4075 391 4124 ρ
409 4058 580 4127 fibergesohr.
599 4062 635 4114 A¹
650 4062 654 4126 Ι
670 4056 894 4131 οἴγάλμιίλμασιν
910 4065 935 4116 A
950 4065 954 4130 Ι
971 4061 1010 4117 10
1033 4050 1163 4130 εὑρήσεις
1185 4057 1246 4112 Del.
1266 4051 1395 4130 εἱρήσειε
1413 4059 1543 4129 ΑΗσ.8ρ.
1559 4059 1564 4127 Ι
1580 4058 1619 4114 15
1638 4053 1679 4127 ἐγ-

373 4155 586 4226 καταλιπόντος
606 4161 629 4215 Ρ
650 4158 907 4233 ἐγκαταλείποντες
924 4163 1020 4216 M⁰01¹=
1032 4164 1136 4242 Ausgg2
1157 4137 1417 4230 ἐγκαταίόίπδντος
1436 4161 1483 4231 [so]
1503 4160 1540 4214 Α1
1564 4160 1568 4226 Ι
1589 4149 1680 4230 ἆμαρ-

374 4275 500 4349 τήμασιν
516 4282 656 4353 MAusgg.
680 4285 684 4352 Ι
709 4285 747 4340 18
774 4291 826 4340 τοῦ
845 4279 982 4356 ούρανοῦ]
1000 4248 1060 4339 τόίν
1078 4245 1154 4338 01⁹3?
1173 4281 1220 4351 [so]
1240 4283 1277 4335 Α1
1301 4281 1306 4350 Ι
1327 4281 1364 4337 21
1388 4298 1438 4336 vor
1456 4274 1560 4352 Μολόχ
1577 4289 1610 4346 -Ι-
1629 4283 1681 4335 τοῦ

374 4367 476 4435 Ausgg.
501 4367 505 4434 Ι
529 4363 630 4438 ῥομφᾶ
647 4368 728 4424 ΑΗὸ.
752 4362 867 4440 ῥεφφδιν
884 4360 1043 4438 ΡῬεμφὰν
1060 4367 1104 4437 Sp.
1113 4366 1174 4421 Del.
1189 4368 1194 4434 Ι
1214 4361 1281 4431 τοῦς
1298 4369 1323 4421 A
1340 4367 1390 4422 καί
1407 4369 1510 4436 Ausgg.
1533 4368 1538 4426 l
1563 4366 1603 4422 21
1620 4364 1680 4434 καί]

372 4469 392 4504 ιι
409 4451 438 4504 in
450 4451 592 4507 Conantur
603 4457 628 4506 A
643 4455 647 4521 Ι
663 4454 703 4510 24
720 4458 876 4517 κολασαεῖς
887 4457 912 4507 A
926 4455 931 4520 Ι
947 4451 1085 4522 λέλεκται]
1104 4451 1240 4506 zwischen
1259 4450 1272 4506 ἐ
1289 4454 1345 4507 υ.λ
1364 4451 1425 4504 sind
1443 4451 1681 4506 2Βυυ1ε1ευειε·

374 4534 445 4590 diert
461 4539 486 4590 A
506 4537 510 4604 Ι
530 4537 569 4593 25
588 4533 819 4608 ταπεινοφοσύνη
836 4540 861 4592 A
876 4539 880 4606 Ι
901 4537 938 4593 26
956 4527 974 4590 όί
993 4537 1163 4606 Iibergesehr.
1183 4539 1217 4589 Αι
1236 4537 1239 4603 Ι
1255 4535 1347 4590 hinter
1365 4525 1383 4589 όί
1402 4543 1434 4600 Ι-
1451 4527 1490 4604 μιΙ
1508 4535 1598 4590 ΡΒεί.
1614 4537 1618 4604 Ι
1635 4533 1680 4602 ἐμ-

370 4615 512 4692 βατεύων]
531 4617 546 4676 ἐ
562 4623 590 4676 in
610 4624 753 4678 Conectur
770 4626 790 4693 β
806 4622 856 4676 auf
871 4621 959 4675 Rasur
977 4624 1001 4676 A
1016 4623 1020 4690 Ι
1037 4621 1077 4678 10
1095 4615 1158 4677 οίδα
1176 4625 1278 4690 Ausgg.
