3780 5538
365 465 425 526 314
911 459 1133 516 ΩΡΙΓΕΝΟΥΣ

365 617 405 690 τό
437 616 576 707 ἀνάξιον
605 617 711 693 αὐτὸν
746 624 881 694 ἐσεσθαι
914 629 978 693 τοῦ
1007 617 1323 709 έπακουσθήσεσθαι
1353 613 1373 710 ἢ
1406 619 1460 691 διὰ
1490 619 1531 691 τὸ
1562 627 1669 694 ταῦτα

367 716 473 790 αὐτὸν
504 715 680 806 εὔξασθαι,
711 715 732 792 ἀ
765 719 848 812 μήτε
880 728 930 812 τῳ
962 719 1130 811 εὐχομένῳ
1158 729 1322 792 λυσιτελεῖ
1346 727 1458 804 λαβεῖν
1484 716 1567 809 μήτε
1596 724 1669 808 ἐμοὶ

365 824 498 906 πρέπον
524 839 719 907 παρασχεῖν·
745 828 799 890 καὶ
825 819 911 892 κατὰ
938 819 1038 911 τήνδε
1062 828 1123 911 μὲν
1150 819 1213 910 τήν
1235 818 1343 909 εὐχήν,
1366 825 1446 908 φέρε
1469 824 1583 904 εἰπεῖν,
1606 826 1669 891 τοῦ

366 923 474 1001 δεῖνος
504 915 565 990 οὐκ
589 933 592 998 Ι
616 918 844 1007 ἐπακούσομαι
874 917 980 991 αὐτοῦ
1010 920 1097 992 κατὰ
1129 918 1230 1010 τήνδε
1257 923 1292 989 δὲ
1318 916 1554 1009 ἐπακούσομαι.
1596 920 1668 1008 (ἐὰν
1686 933 1740 987 208

299 1169 305 1177 -
365 1115 623 1206 προεγνωκότα,
654 1115 702 1201 ιδς
728 1126 802 1190 τῶν
829 1117 1039 1208 πραγμάτων
1060 1125 1399 1208 κατηναγκασμένων,
1423 1126 1563 1191 λεκτέον
1584 1119 1669 1209 πρὸς

365 1216 428 1286 τὸν
454 1224 615 1289 τοιοῦτον
642 1213 697 1289 ότι
723 1215 808 1290 αὐτὸ
834 1225 940 1290 τοῦτο
967 1225 1018 1308 τῴ
1046 1225 1118 1308 θεῷ
1149 1222 1316 1307 ἔγνωσται
1342 1215 1529 1306 ἀραρότως,
1560 1219 1602 1291 τὸ
1623 1221 1667 1308 μή

366 1310 542 1403 ἀραρότως
578 1314 678 1390 τόνδε
713 1317 791 1388 τινὰ
828 1317 892 1390 τόν
927 1315 1117 1406 ἄνθρωπον
1152 1325 1208 1388 καὶ
1242 1325 1381 1402 βεβαίως
1411 1316 1594 1402 βούλεσθαι
1625 1319 1667 1390 τὰ

364 1423 544 1502 κρείττονα
576 1412 596 1506 ἢ
632 1412 726 1488 οὕτω
761 1415 919 1506 θελήσειν
949 1417 991 1488 τὰ
1020 1425 1164 1506 χείρονα,
1196 1411 1285 1487 ὥστε
1314 1413 1535 1489 ἀνεπίδεκτον
1563 1414 1669 1490 αὐτὸν

314 1525 348 1580 10
365 1514 498 1585 ἐσεσθαι
532 1523 720 1606 μεταβολῆς
750 1523 811 1606 τῆς
841 1521 895 1588 ἐπὶ
925 1515 968 1587 τὰ
999 1522 1234 1605 συμφέροντα.)
1276 1523 1331 1588 καὶ
1362 1514 1466 1587 πόλιν
1497 1514 1577 1588 τάδε
1606 1523 1667 1606 μέν

366 1641 444 1683 τινα
469 1613 603 1704 ποιήσω
631 1622 720 1706 τῷδε
748 1613 926 1706 εὐξαμένῳ,
953 1621 1024 1703 ἐμοί
1052 1616 1113 1706 γὰρ
1136 1623 1240 1688 τοῦτο
1262 1621 1394 1704 πρέπον
1416 1620 1507 1686 ἐστὶν
1530 1612 1570 1686 οὐ
1591 1639 1668 1702 ψεκ-

366 1721 436 1796 τῶς
460 1742 518 1804 μοι
545 1713 713 1806 εὐξαμένῳ
741 1712 820 1786 οὐδὲ
847 1710 978 1802 ἀμελῶς
1002 1723 1077 1804 περὶ
1106 1715 1169 1805 τήν
1194 1710 1295 1804 εὐχὴν
1322 1711 1668 1805 ἀναστραφησομένῳ·

365 1819 455 1902 τῷδε
483 1819 517 1884 δὲ
544 1817 598 1885 ἐπὶ
624 1815 734 1888 ποσὸν
761 1811 931 1904 εὐξαμένῳ
958 1812 1259 1902 ,ὑπερεκπερισσοῦ
1285 1805 1356 1885 τόν(
1382 1819 1526 1885 αἰτεῖται
1552 1809 1572 1902 ἢ
1600 1833 1671 1886 νοεῖ

366 1909 561 2002 δωρήσομαι
576 1911 657 1984 τάδε
679 1913 765 1998 τινὰ,
787 1919 858 2003 ἐμοὶ
881 1914 944 2004 γὰρ
966 1912 1065 1985 τόνδε
1087 1921 1207 2004 πρέπει
1231 1919 1329 1984 νικᾶν
1350 1917 1386 1984 ἐν
1409 1931 1483 1996 ταῖς
1505 1910 1669 1995 εὐποιίαις

315 2021 348 2075 15
365 2017 420 2082 καί
457 2032 611 2102 χορηγεῖν
646 2022 788 2084 πλείονα
824 2005 875 2084 ὧν
910 2021 1043 2104 αἰτήσαι
1077 2013 1253 2102 κεχώρηκε.
1296 2019 1351 2082 καί
1386 2019 1476 2102 τῷδε
1509 2020 1570 2102 μέν
1599 2042 1669 2084 τινι

366 2117 491 2201 τοιοῦδε
505 2118 654 2203 ἐσομένῳ
677 2110 778 2184 τόνδε
798 2114 861 2185 τὸν
883 2109 1025 2204 ἀγγελον
1048 2113 1245 2200 λειτουργὸν
1267 2116 1456 2201 ἐπιπέμψω,
1477 2109 1547 2184 ἀπὸ
1569 2120 1666 2184 τοῦδε

366 2207 553 2298 ἀρξόμενον
580 2219 642 2284 τοῦ
667 2209 794 2301 χρόνου
822 2232 991 2302 συνεργεῖν
1013 2209 1121 2284 αὐτοῦ
1143 2218 1184 2298 τῇ
1207 2219 1357 2304 σωτηρίᾳ
1377 2218 1432 2282 καὶ
1453 2218 1547 2302 μέχρι
1569 2218 1666 2284 τοῦδε

366 2306 599 2396 συνεσόμενον,
627 2318 716 2402 τῴδε
743 2319 778 2384 δὲ
805 2309 914 2395 τόνδε,
942 2318 1019 2400 φέρε
1042 2318 1155 2395 εἰπεῖν,
1176 2311 1239 2383 τὸν
1261 2315 1360 2382 τοῦδε
1382 2312 1594 2402 τιμιώτερον,
1616 2317 1667 2402 τῷ

367 2415 465 2480 τοῦδε
500 2414 646 2501 ἐσομένῳ
682 2417 859 2499 κρείττονι.
906 2419 1006 2483 τοῦδε
1036 2418 1074 2482 δέ
1107 2439 1214 2494 τινος,
1245 2409 1328 2500 μετὰ
1359 2411 1401 2482 τὸ
1432 2414 1667 2482 ἐπιδεδωκέναι

316 2516 349 2571 20
368 2507 491 2579 ἑαυτὸν
526 2507 641 2599 λόγοις
677 2529 749 2593 τοῖς
786 2518 1001 2601 διαφέρουσιν
1036 2509 1359 2600 ὐπεκλυθησομένου
1395 2519 1451 2580 καὶ
1486 2519 1666 2599 παλινδρο-

366 2603 535 2708 μήσοντος
561 2615 615 2680 ἐπί
643 2611 685 2683 τὰ
711 2609 914 2696 ὐλικοίτερα,
942 2607 1125 2699 ἀποστήσω
1148 2606 1247 2680 τόνδε
1270 2607 1333 2680 τόν
1354 2617 1533 2696 κρείττονα
1555 2637 1668 2698 συνερ-

367 2704 440 2793 γόν·
479 2709 519 2780 οὐ
552 2705 781 2795 ἀποστάντος,
815 2705 889 2780 κατ’
912 2707 1009 2796 ἀξίαν
1039 2707 1145 2781 αὐτοῦ
1170 2719 1294 2798 χείρων
1321 2738 1371 2792 τις
1397 2703 1456 2797 ήδε
1478 2706 1498 2799 ή
1521 2710 1667 2797 δύναμις.

367 2805 486 2894 καιρόν
509 2805 665 2898 εὐρηκυῖα
688 2815 751 2880 τοῦ
775 2813 959 2893 ἐπιβαίνειν
981 2817 1023 2898 τῇ
1047 2811 1204 2901 ῥαθυμίᾳ,
1226 2813 1389 2881 ἐπιστᾶσα
1411 2815 1466 2880 ἐπί
1488 2807 1568 2881 τάδε
1592 2809 1668 2881 τινὰ

366 2903 409 2975 τὰ
440 2902 662 2997 ἁμαρτήματα
693 2905 812 2992 αὐτὸν,
845 2909 982 2998 ἕτοιμον
1008 2907 1132 2980 ἑαυτὸν
1157 2907 1243 2997 πρὸς
1268 2907 1309 2980 τὸ
1337 2905 1541 2998 ἀμαρτάνειν
1568 2916 1668 2981 δεδω-

314 3013 347 3068 25
364 3001 460 3088 κότα,
482 3014 732 3094 προκαλέσεται.

449 3118 475 3176 5.
513 3099 627 3191 οὕτως
653 3100 717 3178 οὐν
744 3103 807 3196 ήδη
835 3109 938 3179 οἱονεὶ
964 3111 1034 3195 ἐρεῖ
1057 3103 1076 3178 ό
1098 3105 1428 3198 προδιατασσόμενος
1456 3109 1497 3180 τὰ
1524 3104 1586 3182 ὅλα
1614 3104 1667 3182 ότι

315 3207 348 3261 6ν
364 3200 469 3294 Ἀμοός
490 3206 649 3297 γενίνήσει
672 3206 734 3279 τὸν
753 3204 888 3292 Ἰωσίαν,
912 3202 1004 3290 όστις
1026 3204 1067 3278 οὐ
1089 3208 1229 3296 ζηλώσει
1252 3207 1294 3278 τὰ
1317 3217 1379 3279 τοῦ
1400 3208 1531 3296 πατρὸς
1551 3215 1667 3280 πταίσ-

364 3332 454 3392 ματα
489 3302 574 3376 ἀλλά
608 3308 721 3394 τυχεόν
756 3312 857 3396 τῆσδε
886 3313 947 3395 τῆς
979 3304 1032 3376 ἐπ’
1059 3305 1183 3397 ἀρετήν
1213 3308 1470 3397 προτρεπούσης
1501 3304 1583 3380 ὁδοῦ
1613 3308 1668 3378 διὰ

365 3411 476 3475 τῶνδε
503 3413 577 3476 τῶν
603 3412 836 3496 συνεσομένων
861 3406 965 3488 καλὸς
990 3409 1083 3476 ἔσται
1109 3415 1164 3478 καὶ
1186 3404 1324 3493 ἀγαθός,
1348 3403 1440 3491 ὅστις
1460 3406 1668 3494 κατασκάψει

314 3511 348 3566 30
366 3501 406 3573 τό
436 3511 499 3575 τοῦ
532 3501 699 3596 Ἱεροβοὰμ
734 3514 847 3589 κακῶς
882 3511 1112 3595 οἰκοδομηθὲν
1146 3505 1397 3596 θυσιαστήριον.
1439 3510 1514 3579 οῖδα
1547 3515 1583 3580 δέ
1612 3517 1667 3580 καὶ

451 3659 489 3714 13
507 3658 569 3728 Vgl.
587 3659 686 3728 Ephes.
699 3661 723 3722 3,
736 3660 777 3713 20.
796 3689 829 3698 -
848 3661 886 3714 14
904 3658 966 3728 Vgl.
985 3658 1125 3729 Origenes,
1146 3661 1249 3714 Comm.
1268 3661 1296 3712 in
1313 3659 1375 3715 Joh.
1389 3661 1426 3714 VI
1444 3663 1478 3718 20
1495 3663 1548 3731 (36)
1566 3663 1641 3730 (tom.
1656 3663 1667 3714 1

364 3759 390 3812 p.
408 3746 457 3798 231
476 3743 518 3797 εδ.
537 3744 649 3811 Lomm.‚
667 3745 679 3798 Ι
699 3745 755 3807 153,
774 3745 858 3812 6sqq.
877 3743 918 3798 ed.
937 3745 1062 3813 Brooke).
1080 3775 1113 3783 -
1133 3745 1171 3800 15
1190 3745 1253 3814 Vgl.
1272 3746 1297 3798 ΙΙ
1316 3745 1379 3800 Kor.
1392 3748 1416 3810 9,
1435 3747 1475 3800 10.
1494 3775 1527 3784 -
1545 3747 1582 3802 22
1606 3745 1666 3815 Vgl.

364 3829 390 3881 11
408 3829 477 3882 Κδο.
496 3831 538 3896 21,
556 3831 596 3883 24.
620 3830 660 3894 22,
679 3829 703 3882 2.
727 3829 768 3891 23,
785 3829 870 3883 4-25
888 3828 954 3896 [und
972 3829 1043 3883 oben
1062 3831 1126 3900 Cap.
1145 3829 1168 3882 V
1188 3833 1212 3892 5.
1231 3830 1256 3884 S.
1274 3831 1325 3885 310
1343 3831 1369 3884 Z.
1387 3831 1421 3885 24
1430 3830 1476 3900 ff.].

450 3947 466 4000 l
492 3938 581 4001 αὐτὸν
598 3956 631 4005 <
649 3945 840 4012 wet.1)01.12
861 3939 1009 4016 εὔξασθαι]
1029 3941 1161 4013 εὔξεσθαι
1179 3946 1253 4001 lesen
1271 3949 1348 4002 Βεοί.
1367 3949 1426 4005 Del.
1444 3951 1466 4018 (Ι
1484 3951 1534 4005 207
1547 3953 1626 4006 Anm.
1639 3951 1667 4019 g)

365 4031 445 4100 Angl.
465 4032 519 4100 (bei
537 4032 596 4088 Del.
616 4033 627 4084 Ι
644 4032 725 4098 914⁸>
747 4033 818 4086 ohne
836 4032 931 4086 Grund
954 4033 958 4100 ί
983 4033 1002 4087 4
1028 4029 1110 4101 τήνδε
1131 4031 1255 4086 schreibe
1276 4033 1321 4085 ich
1341 4032 1393 4086 mit
1411 4033 1488 4088 Βευί.
1506 4034 1560 4102 (bei
1577 4033 1636 4089 Del.
1656 4035 1666 4087 1

365 4118 416 4172 208
433 4119 514 4170 Anm.
532 4117 558 4184 α)
577 4135 602 4170 u.
620 4118 701 4186 Angl.
721 4118 755 4186 (a.
768 4134 792 4171 ε.
806 4116 855 4186 0.),
873 4119 955 4172 τοῦδε
972 4117 1105 4186 TAusgg.
1130 4117 1134 4184 Ι
1158 4118 1176 4172 5
1196 4109 1238 4186 οὐ]
1260 4108 1293 4171 δν
1309 4117 1331 4169 Τ
1351 4119 1355 4185 Ι
1379 4119 1397 4172 8
1419 4113 1586 4189 βούλεσθαι]
1604 4122 1668 4190 βου-

365 4198 505 4270 λήσεσθαι
524 4201 588 4256 ίίεεί
605 4202 686 4272 Angl.
699 4203 733 4268 ίε..
747 4219 771 4256 ει.
784 4201 825 4270 Ο.)
843 4203 915 4257 σίτου
927 4202 1021 4256 Grund
1037 4205 1041 4270 Ι
1058 4203 1095 4258 11
1109 4197 1253 4274 εὐξαμένῳ
1265 4201 1345 4270 Angl.
1359 4202 1454 4270 (Lond.
1466 4221 1492 4273 p.
1505 4205 1539 4260 36
1549 4208 1629 4259 Anm.
1642 4206 1667 4270 8)

364 4287 423 4340 Del.
442 4281 586 4360 εὐξαμένῳ
603 4286 681 4340 ΤΟΧ.
696 4287 780 4340 Lond.
801 4288 805 4354 Ι
826 4287 863 4341 12
882 4305 908 4341 u.
928 4289 966 4343 18
989 4282 1133 4360 εὐξαμένῳ
1155 4284 1204 4340 Ox.
1220 4287 1225 4354 1
1246 4287 1283 4342 18
1306 4288 1386 4360 τῷδε]
1409 4291 1450 4361 τῷ
1467 4287 1517 4341 01.
1526 4288 1585 4343 Del.
1602 4290 1606 4356 Ι
1622 4284 1668 4343 ἐπὶ

364 4367 468 4443 ποσὸν]
491 4368 537 4426 ἐπὶ
559 4366 655 4426 πόσον
676 4372 761 4427 Lond.
784 4367 830 4427 ἐπὶ
847 4367 939 4427 τόσον
960 4375 1095 4428 τειωυίοί
1116 4373 1194 4426 Βεοίι
1214 4371 1268 4441 (bei
1286 4371 1345 4426 Del.
1363 4373 1533 4428 1208Anm
1552 4373 1580 4443 d)
1604 4377 1608 4441 Ι
1632 4375 1665 4430 17

364 4450 527 4528 οίρξόμενον
544 4456 603 4512 Del.
627 4451 790 4526 ἀρξάμενον
810 4457 985 4514 T01‚L0nd.
1001 4461 1005 4527 Ι
1021 4459 1061 4514 20
1079 4451 1365 4527 παλινδρομήσαντος
1383 4456 1432 4511 Ox.
1448 4457 1506 4524 122
1525 4475 1571 4512 am
1587 4457 1667 4512 Rand

366 4546 402 4610 σῇ
421 4557 474 4594 von
491 4543 511 4595 I.
524 4540 557 4594 H.
575 4540 597 4593 Τ
612 4543 616 4608 l
632 4537 722 4597 αὐτοῦ
738 4541 843 4612 χείρων
860 4542 982 4596 schreibe
998 4543 1043 4596 ich
1061 4542 1113 4596 mit
1129 4541 1207 4596 Βεαί.
1225 4541 1279 4610 (bei
1298 4541 1356 4596 Del.
1374 4543 1456 4597 1208
1473 4545 1553 4596 Anm.
1571 4541 1604 4608 ί),
1623 4537 1668 4596 αὐ

364 4621 462 4696 τόχειρ
481 4618 523 4681 σίν
539 4625 672 4695 TAusgg.
689 4626 748 4693 126
767 4643 812 4678 am
830 4625 909 4679 Rand
929 4631 964 4696 σῆ
983 4645 1036 4682 von
1053 4628 1073 4683 Ι,
1086 4626 1119 4681 Η.
1137 4627 1166 4681 Τ.
