3790 5526
380 491 437 552 172
914 482 1137 537 3313330112

378 640 474 733 ήμιῦν
495 637 584 716 ’ὅσον
608 639 675 716 ἀπὸ
700 649 765 716 τοῦ
788 648 824 716 ἔν
850 673 917 715 τινι
942 651 1026 716 τῶν
1047 651 1269 735 προφητῶν
1291 649 1452 732 λέγοντος
1473 645 1572 711 θεοῦ
1595 644 1679 728 είρη

378 771 434 814 ται
464 745 547 814 είναι
577 743 809 832 ,δικαιώματα
835 740 875 814 οῦ
900 743 1007 815 καλάα
1032 752 1088 814 καὶ
1109 741 1372 834 ,προστάγματα
1394 739 1434 813 οῦ
1455 737 1574 812 καλάίί·
1602 735 1680 812 333
1759 797 1770 824 ,

377 842 462 930 πρὸς
484 839 636 914 διάνοιαν
656 841 743 913 κατὰ
766 842 829 915 τὸν
851 840 956 915 αῦτὸν
976 841 1193 934 προφήτην
1215 849 1252 915 ἐκ
1274 841 1464 932 προσώπου
1485 846 1557 911 τοῦ
1579 845 1678 910 θεοῦ

378 946 508 1030 λέγεται
534 941 619 1012 εἶναι
644 943 876 1030 ,δικαιώματα
901 941 1007 1014 καλάίί
1032 950 1088 1013 καὶ
1113 940 1376 1032 ,προστάγματα
1401 937 1522 1012 καλάίί·
1555 935 1596 1011 οῦ
1618 938 1680 1028 γὰρ

344 1057 359 1109 5
377 1048 564 1127 προφανῶς
585 1044 724 1113 ἐναντία
746 1046 832 1130 λέγει
854 1037 873 1113 3
895 1040 1107 1133 προφήτης
1129 1047 1165 1114 έν
1187 1040 1312 1131 ταῦτῷ.
1348 1033 1377 1131 3
1399 1037 1603 1122 ἀκολούθως
1624 1046 1681 1108 καί

378 1133 555 1222 ὁΠαῦλος
584 1139 626 1211 τὸ
656 1147 753 1228 μὲν,
755 1138 918 1230 ,γράμμαίί
945 1144 1036 1214 εἶπεν
1062 1140 1295 1226 ἀποκτέννειν,
1323 1136 1407 1230 ὅπερ
1434 1145 1508 1211 ἰ’σον
1535 1143 1605 1210 ἐστὶ
1627 1141 1679 1226 τῴ

377 1237 493 1326 (πρὸς)
527 1239 568 1310 τὸ
599 1235 761 1328 ῥητόν,
763 1240 815 1324 ,τὸ
847 1246 882 1311 δὲ
907 1248 1050 1330 πνεῦμα(
1051 1251 1274 1330 ζῳοποιεῖν,
1297 1233 1381 1329 ὅπερ
1409 1245 1601 1328 ίσοδυναμεῖ
1626 1243 1679 1326 τῷ

375 1335 462 1426 πρὸς
483 1334 643 1408 διάνοιαν.
687 1341 758 1408 ἔστι
781 1345 864 1425 γοῦν
889 1340 981 1428 παρὰ
1008 1349 1059 1431 τῷ
1079 1339 1204 1430 Παύλῳ
1226 1336 1398 1428 ἀνάλογόν
1420 1367 1455 1409 τι
1476 1334 1584 1426 εύρεῖν
1607 1354 1680 1418 τοῖς

377 1446 584 1524 νομισθεῖσιν
614 1431 656 1508 ἀν
686 1438 912 1527 έναντιούμασι
942 1440 1029 1511 κατὰ
1058 1439 1131 1512 τὸν
1161 1438 1386 1530 προφήτην.
1430 1436 1478 1521 οῦς
1503 1435 1565 1526 γάρ
1590 1429 1680 1507 ὅπου

327 1549 359 1604 10
376 1540 436 1624 μὲν
460 1529 611 1626 Ἰεζεκιήλ
638 1543 774 1625 λέγει’,
778 1539 899 1622 ,ἔδωκα
928 1537 1044 1623 αῦτοῖς
1071 1540 1281 1628 δικαιώματα
1312 1536 1353 1611 03
1382 1537 1469 1610 καλὰ
1495 1543 1550 1608 καὶ
1576 1561 1679 1626 προσ-

377 1630 530 1723 τάγματα
558 1631 599 1706 οῦ
619 1634 720 1720 καλά,
746 1639 783 1707 ἐν
810 1638 861 1720 οἷς
887 1636 928 1710 03
954 1637 1115 1730 ζήσονται
1136 1643 1174 1710 έν
1194 1636 1330 1723 αύτοῖς“
1360 1633 1450 1712 ὅπου
1471 1644 1518 1708 δέ·
1548 1637 1680 1722 ,ἔδωκα

376 1729 492 1816 αύτοῖς
514 1735 726 1869 δικαιώματα
751 1736 839 1808 καλά
860 1745 916 1809 καὶ
937 1736 1180 1829 προστάγματα
1201 1737 1301 1824 καλά,
1330 1742 1367 1810 έν
1390 1739 1440 1821 οίς
1462 1736 1679 1828 ζήσονταιν
1642 1739 1679 1806 έν

376 1829 527 1958 αῦτοῖςῇ(
553 1828 631 1923 ήτοι
664 1839 886 1926 ἰσοδυναμοῦν
912 1867 948 1927 γε
979 1837 1129 1922 τούτοις·
1168 1832 1264 1910 οῦτοο
1290 1833 1392 1910 xal‘
1372 1868 1392 1910 ο
1414 1844 1560 1920 Παῦλος,
1590 1829 1679 1908 ὅπου

375 1937 436 2019 μὲν
458 1931 499 2004 τὸ
521 1940 585 2004 τοῦ
606 1941 747 2024 νομικοῦ
768 1934 961 2027 γράμματος
982 1945 1152 2024 διαβαλεῖν
1173 1944 1275 2022 θέλει,
1298 1946 1450 2028 φησίν,
1453 1940 1491 2022 ,εἰ
1513 1931 1591 2024 333
1613 1940 1679 2004 δια-

327 2047 358 2102 15
375 2037 472 2102 κονία
495 2038 558 2104 τοῦ
580 2032 736 2106 θανάτου
757 2039 789 2123 <έ
791 2042 825 2122 ν>
791 2035 1033 2128 νγράμμασιν
1054 2044 1234 2110 έντετυπιοΙ
1232 2044 1320 2129 μένη
1342 2043 1455 2120 λίθοις
1476 2032 1620 2156 ἐγενήθη
1641 2039 1679 2104 ἐν
1696 2045 1745 2098 709

376 2127 470 2218 δόξη,
498 2125 588 2204 ὥστε
612 2133 845 2223 μὴδύνασθαι
870 2134 1020 2210 ἀτενίσαι
1046 2138 1127 2220 τοῦς
1152 2138 1244 2222 υίοῦς
1264 2134 1391 2227 Ἰσραήλ
1413 2134 1516 2219 είς
1481 2165 1521 2208 το
1543 2131 1677 2224 πρόσω-

375 2259 443 2302 πον
465 2239 668 2317 Μωῦσέως
694 2233 748 2305 διὰ
771 2234 835 2324 τήν
856 2233 959 2324 δόξαν
981 2244 1044 2309 τοῦ
1066 2239 1255 2327 προσώπου
1276 2236 1383 2308 αῦτοῦ
1406 2235 1471 2325 τήν
1492 2262 1677 2323 καταργου-

374 2335 486 2418 αένην,
508 2339 584 2413 πῶς
611 2330 683 2454 οῦχὶ
708 2333 882 2422 μᾶλλον(
861 2367 881 2426 3
904 2342 1057 2408 διακονία
1083 2343 1147 2408 τοῦ
1168 2335 1358 2425 πνεύματος
1380 2338 1473 2406 ἔσται
1494 2338 1531 2405 έν
1553 2331 1677 2419 δόξη,·“

376 2423 464 2500 ὅπου
495 2435 531 2501 33
560 2430 723 2522 θαυμάζει
754 2431 825 2504 τὸν
851 2431 976 2524 νόμον
1001 2443 1057 2506 καὶ
1083 2432 1291 2524 ἀποδέχεται,
1313 2431 1544 2522 πνευματικὸν
1570 2431 1678 2554 αῦτὸν

325 2543 358 2598 20
376 2522 532 2618 ὀνομάζει
554 2537 674 2621 λέγων·
700 2537 859 2622 ,οίδαμεν
884 2529 960 2606 33⁰
941 2564 995 2606 οτι
1018 2530 1037 2654 3
1058 2531 1181 2625 νόμος
1201 2529 1428 2622 πνευματικός
1448 2537 1573 2617 ἐστιν,“
1595 2529 1677 2603 ἀπο-

376 2633 504 2716 δέχεται
526 2635 562 2701 33
584 2633 621 2702 έν
642 2639 707 2722 τῷ·
736 2626 847 2717 ,ὥστε
868 2629 887 2704 3
908 2641 969 2723 μὲν
991 2631 1111 2725 νόμος
1133 2627 1235 2723 ἀγιος,
1258 2630 1356 2723 καλή
1378 2630 1501 2720 ἐντολή
1524 2627 1601 2718 ἀγία
1622 2637 1676 2700 καὶ

375 2730 485 2799 δικαία
505 2737 561 2800 καί
583 2703 724 2822 ἀγαθή.“

457 2848 540 2916 XXI.
576 2843 651 2918 Ἐὰν
679 2840 742 2921 οῦν
768 2845 789 2940 3
814 2853 902 2935 λέξις
928 2855 1001 2920 τοῦ
1024 2845 1148 2937 νόμου
1168 2856 1323 2921 πλοῦτον
1345 2853 1582 2937 ἐπαγγέλλεται
1604 2865 1677 2928 τοῖς

377 2947 531 3030 δικαίοις,
555 2952 683 3030 Κέλσος
713 2955 773 3036 μέν
807 2948 895 3021 κατά
926 2947 967 3021 τὸ
998 2945 1209 3021 ἀποκτέννον
1230 2946 1403 3038 ,,γράμμα“
1424 2951 1590 3036 νομιζέτω
1614 2944 1677 3016 τὸν

325 3055 357 3110 25
376 3042 510 3130 τυφλὸν
531 3052 688 3118 πλοῦτον
710 3054 866 3137 λέγεσθαι
888 3053 924 3120 έν
946 3054 1134 3142 ἐπαγγελίᾳ·
1162 3046 1253 3140 ἡμεῖς
1275 3055 1310 3120 33
1332 3047 1396 3120 τὸν
1417 3041 1477 3133 ἀξῦ
1498 3052 1677 3131 βλέποντα,

375 3143 465 3215 καθὸ
495 3155 667 3217 πλουτεῖ
700 3176 789 3233 τις,
792 3153 839 3233 ,έν
869 3155 972 3220 παντὶ
1002 3145 1107 3268 λόγῳ·
1124 3157 1180 3220 καὶ
1206 3147 1296 3238 πάση
1323 3145 1454 3238 γνώσει
1456 3155 1475 3183 “
1505 3153 1562 3218 καὶ
1588 3145 1678 3217 καθὸ

375 3249 687 3364 παραγγέλλομεν,
689 3265 774 3332 ,τοῖς
799 3255 976 3331 πλουσίοις
997 3253 1033 3320 έν
1055 3254 1107 3337 τῷ
1130 3255 1194 3320 νῦν
1216 3255 1315 3320 αίοῦνι
1336 3247 1380 3338 μή
1402 3244 1515 3365 ύφήλά
1538 3263 1678 3334 φρονεῖν

374 3338 452 3430 μηδ’
474 3339 651 3432 ήλπικέναι
677 3349 732 3418 ἐπὶ
753 3345 908 3419 πλούτου
930 3343 1114 3438 ἀδηλότητι
1135 3345 1208 3421 ἀλλ’
1230 3353 1285 3422 ἐπὶ
1306 3354 1397 3439 θεῷ,
1420 3376 1472 3436 τῳ
1457 3351 1679 3434 παρέχοντι

376 3437 490 3512 πάντα
521 3452 691 3529 πλουσίοις
720 3450 765 3530 είς
795 3443 992 3532 ἀπόλαυσιν,
1024 3442 1252 3584 ἀγαθοεργεῖν,
1284 3459 1480 3519 πλουτεῖν
1507 3449 1587 3516 ἐν
1571 3473 1680 3535 εργοις

325 3553 358 3609 30
376 3535 526 3630 ἀγαθοῖς,
550 3540 847 3633 εύμεταδάτους
815 3561 909 3632 εί,ναι
931 3546 1184 3631 κοινωνικούςί(
1212 3554 1266 3618 καὶ
1282 3545 1384 3637 γάρ,
1387 3541 1416 3617 3‘
1418 3549 1487 3616 (έν
1501 3542 1680 3634 ἀληθινοῖς

460 3729 478 3784 2
496 3747 523 3786 u.
543 3731 562 3787 4
585 3731 648 3800 Vgl.
666 3731 764 3788 Ezech.
783 3735 823 3800 20,
842 3737 883 3791 25.
907 3765 940 3774 —
962 3737 982 3792 0
1000 3735 1063 3804 Vgl.
1081 3735 1107 3788 Π
1125 3735 1187 3790 Kor.
1206 3735 1231 3802 3,
1248 3737 1272 3790 6.
1291 3763 1324 3773 -
1347 3733 1387 3790 10
1410 3732 1508 3788 Ezeeh.
1527 3733 1568 3795 20,
1587 3733 1628 3790 25.
1648 3763 1680 3772 -

377 3813 413 3868 11
433 3813 532 3870 Ezeoh.
551 3817 592 3878 20,
613 3820 652 3873 11.
670 3848 703 3856 -
722 3818 761 3874 14
779 3820 805 3873 11
822 3819 886 3874 Kor.
904 3821 928 3884 3,
947 3823 970 3876 7.
988 3821 1012 3876 3
1030 3850 1063 3860 -
1081 3813 1121 3876 20
1139 3819 1216 3874 Βδιο.
1235 3822 1259 3886 7,
1277 3821 1317 3873 14.
1336 3849 1370 3858 -
1388 3818 1427 3874 21
1447 3817 1525 3873 Ηῠαι.
1544 3819 1568 3885 7,
1587 3818 1627 3872 12.
1647 3847 1680 3856 -

376 3896 415 3952 24
433 3898 495 3968 vgl.
514 3901 540 3954 11
552 3901 616 3956 Kor.
630 3903 654 3964 3,
667 3903 691 3957 6.
709 3933 742 3942 -
760 3902 799 3959 25
818 3903 881 3974 Vgl.
893 3904 981 3968 Plato.
1000 3905 1084 3972 Leges
1101 3905 1114 3956 I
1132 3905 1148 3959 6
1165 3921 1191 3973 p.
1203 3904 1253 3959 331
1266 3903 1294 3958 G.
1312 3933 1345 3945 -
1363 3903 1403 3959 20
1421 3901 1484 3972 vgl.
1503 3903 1515 3955 I
1533 3901 1597 3955 Kor.
1618 3905 1641 3962 1,
1654 3904 1679 3956 5.

375 4011 408 4020 -
426 3982 463 4040 27
483 3985 496 4038 Ι
513 3985 581 4040 Tim.
600 3986 624 4053 6,
643 3989 683 4041 17.
703 3987 743 4042 18.
761 4018 794 4028 ·-
812 3989 853 4045 83
871 3988 934 4058 Vgl.
953 3989 1030 4044 Prov.
1048 3989 1090 4052 13,
1107 3988 1132 4043 8.

462 4151 480 4207 3
499 4159 593 4208 ταντῶ
610 4157 635 4208 A
650 4155 654 4222 1
670 4155 688 4210 0
707 4148 876 4211 ἀποκτένειν
892 4159 918 4210 A
935 4149 1113 4212 ἀποκτείνειν
1131 4156 1232 4226 Ausgg.
1247 4155 1282 4223 17
1301 4147 1402 4226 (πρὸς)
1420 4151 1485 4222 fuge
1503 4151 1548 4206 ioh
1567 4152 1618 4207 mit
1630 4153 1679 4206 Bo.

375 4233 472 4301 (Notae
489 4255 515 4308 p.
533 4239 594 4308 400)
613 4239 677 4306 ein}
702 4239 855 4306 ζωοποιεῖν
871 4239 1093 4310 J01⁰⁰rr·Ausgg.
1112 4239 1291 4307 ζυοποιεῖλ
1310 4241 1314 4308 1
1335 4239 1374 4294 10
1398 4229 1535 4306 Ἰεζεκιὴλ]
1558 4256 1575 4305 η
1597 4253 1645 4290 aus
1663 4239 1679 4290 λ

375 4337 442 4375 corr.
456 4325 499 4391 A}
516 4323 553 4379 11
574 4317 665 4380 ἔδωκα
678 4324 779 4394 Ausgg.
798 4317 937 4379 έδωκενΑ
952 4325 956 4392 Ι
973 4324 1011 4380 14
1027 4326 1098 4394 φησί
1115 4327 1140 4378 Α
1155 4325 1159 4391 Ι
1175 4319 1202 4379 εί
1216 4324 1246 4376 in
1264 4323 1443 4378 correcturA
1458 4324 1463 4390 l
1480 4322 1518 4378 13
1537 4317 1596 4390 <δν>
1615 4321 1680 4389 fuge

375 4407 420 4460 ich
441 4407 492 4462 mit
514 4408 567 4464 den
589 4411 692 4478 Ausgg.
714 4409 759 4463 ein
781 4409 786 4478 Ι
810 4425 859 4462 vor
881 4409 975 4474 λίθοις
995 4416 1027 4474 -1-
1045 4403 1076 4463 έν
1097 4407 1206 4478 Sp.Del.
1226 4415 1258 4472 ÷
1275 4409 1324 4463 καί
1345 4407 1396 4462 flu.
1420 4408 1424 4474 1
1449 4405 1489 4462 20
1512 4403 1542 4461 33
1559 4409 1584 4460 A
1608 4401 1635 4460 δ’
1653 4406 1680 4459 Μ

375 4494 476 4562 Ausgg.
492 4494 496 4560 Ι
511 4493 550 4548 24
567 4487 744 4549 ἀποκτέννον
760 4493 858 4547 Maon.
878 4487 1041 4549 ἀποκτένον
1051 4495 1076 4547 A
1090 4487 1264 4548 ἀποκτεῖνον
1274 4495 1375 4560 Ausgg.
1391 4493 1395 4558 Ι
1411 4491 1449 4548 27
1463 4487 1682 4562 παραγγέλλλο-

375 4595 435 4643 μεν,
454 4577 503 4631 διε
520 4579 616 4634 ττείίο
632 4581 648 4632 λ
666 4579 833 4649 εερυοςίοή,
857 4581 882 4632 A
905 4579 909 4644 Ι
933 4577 972 4634 28
999 4573 1046 4632 ἐπί
1067 4581 1128 4652 θεῷ
1145 4583 1187 4652 τῷ
1208 4573 1364 4648 παρέχοντι
1390 4579 1415 4631 A
1436 4571 1474 4630 ἐν’
1489 4579 1530 4649 τῷ
1552 4579 1613 4650 θεῷ
1641 4581 1682 4648 τῷ

377 4661 468 4726 ζῶντι,
486 4667 528 4735 τῷ
545 4662 700 4734 παρέχοντι
718 4663 769 4718 HA.
787 4680 832 4717 am
851 4662 938 4729 Rand,
955 4663 1065 4734 8333.
1083 4661 1122 4716 im
1139 4661 1216 4718 Text«
