3772 5526
624 488 723 542 τινα
747 487 905 542 κιΛΣοΥ
925 487 949 544 v
972 489 1014 542 54.
1032 487 1073 541 55.
1091 487 1133 542 5ο.
1491 489 1530 550 59

139 665 208 720 1355Γ
224 649 317 733 υίούς
338 657 442 731 θεῶν,
470 644 569 720 ούδὲν
595 646 690 741 αύτῷ
713 647 936 738 συμβάλλεται
961 642 981 720 ό
1003 644 1104 736 λόγος
1125 645 1211 734 πρὸς
1233 644 1274 717 τό
1296 645 1345 736 μὴ
1372 654 1377 732 Ι
1405 641 1532 734 μόνον

225 748 288 820 τόν
309 744 458 838 Ἰησοῦν
488 744 536 831 σός
565 743 737 837 ἄγγελον
766 754 1098 838 ἐπιδεδημηκέναι
1129 764 1202 830 τοῖς
1228 741 1441 834 άνθροόποις,
1469 767 1531 814 σω·

224 854 311 937 τῆρα
339 854 395 918 καὶ
424 843 599 937 εὐεργέτην
627 853 777 937 ἐναργῶς
804 845 949 920 πάντων
972 855 1045 918 τῶν
1065 841 1352 936 μεταβαλλόντων
1371 842 1440 916 άπὸ
1470 850 1531 933 τῆς

221 945 349 1035 γύσεως
371 951 431 1035 τῆς
453 954 571 1030 κακίας
592 954 821 1038 γεγενημένον.

188 1061 205 1116 ῦ
306 1045 380 1146 εἶτα
411 1044 531 1135 φύρων
560 1052 615 1116 καὶ
645 1053 795 1137 συγχέων
828 1043 849 1118 ά
885 1040 981 1129 ὅπως
1016 1053 1102 1118 ποτὲ
1132 1042 1254 1136 ἤκουσε
1284 1050 1339 1114 καί
1367 1041 1410 1114 τὰ
1442 1034 1531 1114 όπου

222 1142 301 1216 ποτ’
324 1147 389 1216 σύν
411 1152 631 1234 γεγραμμένα,
655 1150 720 1217 είτε
742 1152 924 1238 δεδογμένα
946 1156 1023 1216 θεία
1046 1144 1243 1236 εἶναιπαρὰ
1269 1151 1530 1232 Χριστιανοίς

224 1250 291 1316 εἴτε
312 1243 448 1334 καὶμὴ,
472 1251 552 1334 φησὶ
574 1245 655 1328 τούς
681 1241 781 1336 όμοῦ
806 1242 1079 1337 καταβεβηκότας
1102 1242 1295 1336 ἑξήκοντα
1317 1237 1338 1332 ἢ
1365 1238 1530 1330 ἐβδομή-

221 1373 348 1415 κοντα
381 1341 626 1431 κολάζεσθαι
657 1350 814 1432 δεσμοῖς
842 1344 1150 1436 ύποβληβέντας
1180 1347 1221 1414 έν
1251 1349 1305 1432 γῇ.
1351 1347 1406 1412 καὶ
1437 1346 1531 1430 φέρει

223 1440 270 1526 οός
291 1440 360 1516 άπὸ
384 1451 448 1515 τοῦ
468 1440 582 1532 Ἑνώχ,
610 1442 672 1516 ούκ
694 1439 874 1534 ὀνομάζων
896 1445 1011 1532 αὐτόν,
1035 1442 1088 1518 τό·
1118 1436 1216 1516 όθεν
1247 1448 1312 1514 καὶ
1344 1440 1412 1524 τάς
1441 1450 1531 1528 θερ-

171 1542 294 1632 1ομάς
322 1541 451 1632 πηγάς
478 1545 585 1615 είναι
614 1543 662 1615 τά
691 1547 860 1618 ἐκείνων
890 1543 1053 1635 δάκρυα,
1084 1551 1220 1634 πρᾶγμα
1246 1535 1327 1614 ούτε
1349 1536 1530 1630 λεγόμενον

222 1637 297 1712 οὔτ’
328 1637 537 1730 άκουόμενον
565 1648 602 1712 έν
633 1660 707 1726 ταῖς
737 1648 924 1735 ἐκκλησίαις
955 1651 1019 1717 τοῦ
1049 1651 1138 1715 θεοῦ.
1181 1641 1259 1714 οὐδὲ
1290 1641 1352 1730 γάρ
1383 1636 1530 1730 άνόητος

222 1733 337 1822 οὕτως
359 1770 411 1823 τις
433 1733 485 1832 ἦν,
508 1745 563 1814 ἵνα
585 1739 849 1832 σωματοποιήση
873 1741 1024 1830 δάκρυα
1045 1739 1262 1830 παραπλήσια
1284 1759 1356 1824 τοῖς
1378 1749 1452 1811 τῶν
1474 1736 1530 1812 άν-

222 1839 378 1928 θροόπων
408 1845 446 1910 ἐν
474 1859 547 1924 τοῖς
577 1837 840 1930 καταβεβηκόσιν
869 1847 905 1928 ἐξ
932 1839 1080 1931 ούρανοῦ
1107 1838 1298 1930 ἀγγέλοις.
1341 1845 1395 1910 καί
1417 1845 1446 1910 εί
1466 1837 1529 1928 χρή

221 1965 257 2025 γε
287 1946 420 2024 παίζειν
450 1939 535 2028 πρὸς
565 1939 608 2010 τά
638 1939 718 2010 καθ’
741 1936 839 2030 ἡμῶν
869 1937 1124 2030 σπουδαζόμενα
1150 1945 1201 2030 τῷ
1230 1945 1359 2030 Κέλσῳ,
1390 1944 1531 2010 λεκτέον

172 2052 205 2106 15
224 2032 278 2111 ότι
301 2035 362 2110 ούκ
384 2034 427 2110 άν
449 2067 501 2122 τις
524 2040 595 2110 είπε
618 2037 688 2122 τὰς
717 2039 869 2128 θερμάς
897 2037 1038 2131 πηγάς,
1070 2030 1121 2109 οόν
1148 2043 1183 2110 αἱ
1204 2049 1359 2110 πλεῖσται
1382 2041 1530 2127 γλυκεῖαί

224 2143 293 2222 είσι,
324 2135 474 2226 δάκρυα
505 2139 607 2210 εἶναι
642 2145 715 2210 τῶν
745 2135 940 2228 άγγέλων,
972 2144 1043 2210 ἐπεὶ
1073 2135 1093 2229 ἡ
1121 2137 1219 2226 φύσις
1245 2145 1319 2209 τῶν
1345 2134 1530 2224 δακρύων

222 2239 314 2358 ἐστὶν
340 2232 483 2326 άλμυρά·
513 2241 541 2308 εί
566 2237 610 2328 μὴ
638 2233 703 2328 άρα
729 2242 761 2310 οί
787 2238 874 2310 κατὰ
897 2238 960 2312 τόν
983 2245 1114 2310 Κέλσον
1143 2234 1303 2328 άγγελοι
1332 2243 1452 2327 γλυκέα
1475 2241 1530 2307 δα-

221 2361 387 2424 κρνουσιν.

303 2456 384 2524 LVL
421 2455 506 2524 Εἶτα
537 2455 612 2543 ἑξῆς
641 2453 684 2526 τά
714 2450 838 2546 ἄμικτα
866 2460 921 2526 καὶ
951 2451 1096 2544 άνόμοια
1123 2453 1240 2542 μιγνύς
1265 2459 1321 2523 καί
1340 2457 1344 2539 Ι
1364 2457 1531 2540 ἐξομοιῶν
1547 2460 1597 2515 621

171 2562 205 2618 20
222 2547 385 2642 άλλήλοις
407 2555 558 2642 ἐπιφέρει
580 2559 632 2644 τῷ
648 2561 823 2644 περὶτῶν,
847 2548 895 2638 τός
913 2577 1004 2644 φησι,
1026 2549 1312 2640 καταβεβηκότων
1335 2549 1530 2642 ἑξήκοντα

222 2645 541 2742 ἢὲβδομὴκοντα
568 2649 747 2743 άγγέλων
769 2651 871 2745 λόγῳ,
897 2652 1026 2743 πηγάς
1054 2659 1215 2741 θερμῶν
1239 2650 1326 2723 κατὰ
1348 2648 1455 2723 αύτόν
1476 2656 1531 2721 δα-
1629 2703 1634 2716 ,

221 2748 435 2841 κρυσάντων,
466 2746 521 2824 ότι
551 2761 616 2824 καὶ
643 2752 742 2842 πρὸς
769 2750 894 2825 αύτοῦ
916 2760 980 2824 τοῦ
1000 2749 1105 2842 Ἰησοῦ
1128 2750 1200 2823 τόν
1222 2749 1354 2839 τάφον
1376 2748 1530 2840 ἱστόρην-

222 2880 278 2922 ται
308 2854 553 2941 ἐληλυθέναι
583 2850 651 2924 ύπό
674 2882 783 2924 τινων
804 2861 865 2944 μἐν
895 2849 1058 2942 άγγελοι
1089 2849 1157 2924 δύο
1184 2847 1252 2922 ύπό
1275 2879 1383 2924 τινων
1404 2854 1440 2920 δὲ
1463 2851 1529 2934 είς·

222 2945 286 3022 ούκ
309 2953 401 3038 οίμαι
422 2950 568 3042 τηρήσας
588 2960 772 3024 Ματθαῑον
794 2960 854 3040 μὲν
875 2959 931 3022 καὶ
946 2949 1089 3042 Μάρκον
1111 2951 1180 3022 ένα
1201 2954 1422 3039 ίστορηκέναι,
1445 2959 1531 3022 Λου-

171 3060 205 3115 25
222 3056 286 3121 κᾶν
316 3056 352 3122 δε
381 3057 437 3121 καί
459 3047 619 3139 Ἰωάννην
649 3051 734 3137 δύο,
766 3047 851 3141 άπερ
879 3049 943 3124 ούκ
968 3044 1013 3140 ἦν
1038 3055 1184 3123 ἐναντία.
1226 3054 1260 3120 οί
1285 3048 1431 3138 μὲνγὰρ
1453 3045 1530 3120 άνα-

223 3147 414 3238 γράψαντες
444 3150 512 3220 ἕνα
542 3148 606 3222 τὸν
635 3146 891 3222 άποκυλίσαντα
921 3151 1006 3238 ,μὸν
1033 3158 1156 3222 λίθον(
1182 3146 1251 3221 άπό
1278 3153 1343 3219 τοῦ
1369 3156 1532 3237 μνημείου

223 3245 352 3320 τοῦτόν
382 3272 484 3335 φασιν
513 3250 611 3334 εἶναι,
641 3252 673 3320 σί
703 3255 739 3320 δε
771 3250 852 3333 τούς
882 3249 951 3322 δύο
983 3249 1063 3332 τούς
1092 3246 1296 3330 ἐπιστάντας
1327 3252 1385 3332 „bv
1411 3249 1531 3336 ἐσθῆτι

222 3343 482 3436 άστραπτούσηίί
506 3363 580 3431 ταῖς
602 3355 795 3438 γενομέναις
816 3354 870 3420 ἐπὶ
893 3349 934 3421 τό
956 3367 1117 3440 μνημεῖον
1141 3355 1292 3436 γυναιξὶν
1309 3340 1329 3434 ἢ
1350 3345 1430 3429 τούς
1444 3355 1532 3417 θεω-

222 3454 391 3536 ρηθέντας
413 3447 511 3518 ἐνδον
532 3452 591 3532 „bv
613 3458 743 3532 λευκοῖς
769 3454 1045 3538 καθεζομένους.“
1081 3448 1224 3519 ἕκαστον
1252 3453 1287 3518 δὲ
1309 3444 1448 3517 τούτων
1468 3451 1533 3518 νῦν

306 3633 326 3690 8
345 3632 409 3702 vgl.
428 3631 499 3687 oben
517 3634 542 3687 V
559 3635 601 3698 52,
619 3635 645 3690 S.
663 3635 697 3692 56
715 3635 741 3689 Ζ.
759 3633 784 3690 8.
802 3664 835 3674 -
855 3635 893 3692 15
912 3634 975 3704 Vgl.
993 3635 1128 3698 Irenaeus,
1146 3633 1215 3688 Adv.
1228 3633 1303 3688 haer.
1315 3633 1328 3686 I
1342 3637 1365 3698 1,
1379 3634 1402 3688 7.
1414 3633 1439 3688 8.
1468 3632 1531 3687 Τετ-

221 3716 333 3783 tullian,
355 3717 425 3772 Adv.
444 3718 584 3774 valentin.
602 3719 669 3790 Cap.
688 3720 747 3775 XV.
771 3749 804 3760 -—
826 3718 1065 3788 24vg1.Matth.
1085 3719 1127 3778 28,
1147 3719 1171 3772 2.
1205 3717 1293 3772 Mark.
1315 3718 1355 3783 16,
1376 3720 1400 3774 5.
1418 3747 1452 3756 -
1469 3716 1532 3785 vgl.

223 3801 290 3958 {A}
304 3803 357 3942 12ζῇ
368 3802 483 3944 420]ιῖίέ
501 3804 543 3872 20,
562 3804 602 3858 12.
625 3833 658 3844 -
681 3803 720 3860 28
743 3803 805 3873 vgl.
824 3803 923 3860 Matth.
941 3804 982 3870 28,
1001 3805 1026 3859 2.
1049 3834 1082 3844 -
1105 3801 1142 3860 27
1168 3802 1231 3871 vgl.
1251 3801 1316 3857 Luk.
1335 3803 1375 3866 24,
1393 3806 1418 3860 4.
1436 3833 1469 3843 -
1492 3803 1531 3860 28

280 3927 286 3940 .
359 3929 366 3942 .
418 3929 425 3956 ,
478 3929 484 3943 .

308 4038 428 4108 laem]
447 4041 520 4095 θεοῦ
537 4039 681 4094 schreiben
698 4039 746 4093 Βο.
765 4037 863 4108 (Notae
879 4056 905 4109 p.
923 4037 983 4107 392)
1001 4055 1027 4092 u.
1041 4038 1122 4092 Guieb
1140 4036 1194 4106 (bei
1212 4036 1271 4092 Del.
1289 4037 1302 4090 Ι
1319 4038 1371 4093 620
1388 4036 1469 4091 Anm.
1482 4038 1506 4106 ο)
1527 4039 1529 4106 ί

223 4141 240 4196 3
256 4105 480 4212 μεταβαλόντων
498 4141 547 4211 [το]
567 4143 604 4194 A¹
624 4143 629 4210 1
650 4139 668 4195 4
689 4136 882 4212 γεγενημένον
898 4139 949 4194 Hb.
968 4156 1014 4193 am
1031 4139 1118 4204 Rand,
1137 4137 1246 4210 Sp.Del.
1264 4137 1302 4190 im
1319 4136 1401 4202 '1'er
1420 4155 1533 4209 γεγενη-
1593 4123 1595 4126 ’

223 4221 318 4293 μένων
334 4229 359 4280 A
374 4227 378 4294 1
395 4226 413 4282 ῦ
432 4219 588 4280 δποίσποτε
606 4228 630 4279 A
646 4227 650 4293 Ι
666 4216 854 4281 όπουποέοῦν
871 4223 895 4276 A
911 4227 915 4290 Ι
931 4223 949 4278 8
968 4221 1057 4294 φέρει]
1077 4245 1086 4277 ι
1104 4223 1309 4293 nachgetragen
1326 4226 1352 4277 A
1367 4225 1371 4290 Ι
1385 4223 1422 4278 12
1441 4215 1534 4287 οὕτως

224 4310 248 4363 A
266 4303 343 4365 οίίτοι
361 4313 464 4380 Ausgg.
488 4311 493 4378 1
518 4309 556 4365 12
583 4303 655 4379 ἑξῆς]
674 4315 692 4379 ῆ
709 4327 757 4363 aus
776 4304 792 4378 ἡ
811 4325 878 4364 corr.
896 4311 921 4362 A
944 4309 949 4377 Ι
974 4309 1012 4364 21
1039 4309 1179 4379 θερμῶν]“
1192 4299 1305 4378 θερμάς
1327 4307 1454 4362 Gelenius
1477 4305 1532 4376 (bei

223 4393 313 4450 Del.1
331 4396 380 4451 621
399 4396 479 4448 Anm.
497 4393 527 4461 b)
551 4396 555 4461 ι
578 4393 670 4448 hinter
686 4387 761 4448 κατά
780 4393 825 4448 ein
842 4393 954 4448 Buchst.
973 4393 1126 4448 ausmdiert
1143 4397 1168 4447 A
1190 4394 1195 4462 1
1217 4393 1256 4449 22
1282 4383 1357 4464 πρός
1375 4388 1533 4447 αὐτοῦτοῦ

221 4471 314 4548 Ἰησοῦ
330 4471 384 4534 τόν
400 4483 425 4534 A
442 4471 517 4550 πρός
533 4471 587 4533 τόν
605 4478 765 4534 αὐτοῦτοῦ
782 4472 873 4548 Ἰησοῦ
890 4477 1115 4548 M²Ausgg.124
1134 4476 1188 4534 οῦκ
1206 4471 1295 4547 οἶμαι]
1314 4469 1354 4541 ὡς
1372 4469 1456 4544 οἶμαί
1469 4475 1534 4530 lieet

224 4562 271 4618 Bo.
291 4563 388 4632 (Notae
406 4582 432 4634 p.
450 4563 511 4632 392)
529 4563 601 4618 ohne
619 4563 715 4618 Grund
739 4565 743 4630 1
767 4556 818 4618 ένα
837 4559 1021 4633 ίστορηκέναι
1039 4564 1110 4618 ΡΜ2
1127 4567 1229 4632 Ausgg.
1248 4558 1465 4632 ένιστορηκέναι
1482 4562 1507 4615 A
1527 4563 1530 4627 Ι

224 4647 264 4704 28
282 4643 317 4704 τδ
336 4657 369 4707 <
387 4648 431 4719 Sp.
438 4646 496 4701 Del.
