3780 5538
664 481 758 536 πειυ
776 481 913 536 max
937 482 967 555 ε,
984 485 1009 538 ι.
1028 483 1052 537 5.
1069 483 1094 538 6.
1473 491 1532 554 303

230 637 318 721 είκὸς
341 633 396 712 ότι
419 637 460 712 οὖ
479 648 561 714 πᾶσι
583 663 656 728 τοῖς
677 650 933 735 βαπτιζομένοις
955 641 1041 716 άλλίι
1063 664 1135 728 τοῖς
1157 643 1242 732 πρὸς
1257 642 1297 716 τὸ
1313 653 1534 732 βαπτίζεσθαι

230 747 520 829 μαθητευομένοις
541 745 578 813 ἐν
599 739 787 834 άποδὸἡτῳ
810 749 1007 831 παρεδίδου;

315 868 342 926 5.
361 860 395 927 αἱ
410 864 564 930 τοιαῦται
580 865 616 930 δὲ
630 856 722 948 εὐχαὶ
738 861 771 931 αί
787 857 900 944 ὄντως
914 867 1144 950 πνευματικοὶ,
1155 866 1425 950 προσευχομένου
1439 865 1476 932 ἐν
1491 869 1534 950 τῇ

230 961 350 1046 καρδίᾳ
372 964 445 1028 τῶν
463 954 570 1046 άγίων
585 965 648 1031 τοῦ
661 959 863 1049 πνεύματος,
885 957 1132 1051 ἀνεγράφησαν,
1152 967 1412 1049 πεπληρωμέναι
1430 954 1534 1050 άποῤ-

196 1051 348 1144 Ιῦρἡτων
374 1065 430 1128 καὶ
456 1064 656 1148 θαυμασίων
682 1057 874 1149 δογμάτων·
904 1064 941 1130 ἐν
961 1065 1022 1148 μὲν
1045 1059 1107 1150 γάρ
1129 1067 1172 1148 τῇ
1192 1059 1316 1147 πρώτη
1338 1066 1412 1130 τῶν
1435 1067 1535 1130 Βασι-

231 1162 333 1226 λειῶν
359 1160 396 1226 ἐκ
421 1163 541 1247 μέρους
569 1154 589 1247 ἦ
616 1164 677 1248 τῆς
699 1154 819 1250 ’Ἀννης
852 1153 928 1249 (ὅλη
950 1159 1027 1248 γάρ,
1050 1153 1131 1244 ,ὅτε
1157 1156 1327 1249 ἐπλήθυνε
1353 1183 1535 1247 προσευχο-

230 1259 312 1344 μένη
339 1256 490 1328 ἐνώπιον
516 1266 664 1344 κυρίου,“
686 1267 834 1330 λαλοῦσα
860 1264 918 1343 ,ἐν
945 1267 988 1348 τῇ
1013 1266 1132 1352 καρδίᾳ
1154 1257 1289 1348 αὖτῆς,“
1312 1254 1373 1330 οὐκ
1394 1265 1415 1344 †
1433 1256 1534 1348 ἐχάρη

229 1361 365 1443 γραφῇ),
388 1359 425 1426 ἐν
447 1362 482 1426 δὲ
504 1368 649 1445 ψαλμοῖς
671 1353 690 1430 ὁ
713 1360 947 1442 ἑκκαιδέκατος
968 1358 1102 1448 φαλμὸς
1123 1356 1311 1446 ,προσευχὴ
1331 1364 1394 1428 τοῦ
1414 1363 1534 1430 Δαυῒδ“

230 1457 481 1543 ἐπιγέγραπται,
504 1464 559 1527 καὶ
586 1452 605 1528 δ
632 1461 753 1541 ἐνατος
777 1465 832 1528 καὶ
855 1454 1080 1548 ὀγδοηκοστὸς
1101 1457 1289 1546 ,προσευχὴ
1313 1465 1363 1546 τῷ
1386 1464 1533 1541 Μωῦσεῑ,

180 1565 213 1618 10
230 1549 410 1645 άνθροίπφ
441 1561 505 1626 τοῦ
531 1563 645 1642 θεοῦ,“
675 1565 731 1628 καὶ
761 1553 780 1630 ό
810 1566 951 1646 πρῶτος
979 1563 1035 1628 καὶ
1067 1555 1250 1640 ἑκατοστδς
1271 1556 1460 1646 ,προσευχὴ
1482 1564 1533 1646 τῷ

230 1658 369 1742 πτωχῷ,
401 1648 487 1725 ὅταν
517 1652 679 1744 άκηδιάση
717 1665 773 1728 καὶ
801 1662 958 1728 ἐναντίον
987 1665 1105 1744 κυρίου
1132 1662 1226 1745 ἐκχέη
1253 1657 1318 1746 τὴν
1344 1662 1458 1745 δέησιν
1480 1653 1535 1727 αό-

231 1759 328 1822 τοῦέέ·
373 1757 497 1836 αἳτινες
531 1765 724 1844 προσευχαὶ,
761 1763 834 1828 ἐπεὶ
866 1753 1006 1845 άληθῶς
1036 1748 1121 1846 ἦσαν
1151 1763 1334 1844 προσευχαὶ
1364 1752 1534 1844 γινόμεναι

231 1850 397 1940 πνεύματι
420 1849 592 1942 λεγόμεναί
615 1884 666 1940 τε,
686 1864 741 1926 καὶ
763 1864 836 1926 τῶν
857 1853 1039 1944 δογμάτων
1062 1861 1122 1944 τῆς
1143 1861 1208 1925 τοῦ
1229 1861 1314 1927 θεοῦ
1337 1864 1458 1942 σοφίας
1479 1884 1534 1926 πε-

231 1948 440 2040 πλήρωνται,
465 1947 553 2024 άίστε
584 1957 688 2026 εἰπεῖν
714 1951 756 2024 άν
784 1983 861 2026 τινα
888 1961 962 2041 περὶ
990 1962 1062 2026 τῶν
1090 1959 1127 2026 ἐν
1153 1951 1269 2038 αδταῑς
1295 1959 1534 2044 ἐπαγγελλομέ-

182 2061 213 2113 15
232 2074 317 2173 νων;
344 2058 417 2136 ,τίς
438 2051 555 2140 σοφὸς,
577 2059 632 2125 καὶ
654 2052 789 2144 συνήσει
811 2054 955 2138 ταύτας,Ι
981 2063 1038 2125 καὶ
1059 2052 1210 2140 συνετὸς,
1233 2060 1289 2124 καὶ
1311 2054 1533 2142 ἐπιγνώσεται

232 2161 379 2234 αυτας,·“

314 2281 340 2340 6.
377 2273 449 2339 ἐπεὶ
482 2274 599 2340 τοίνυν
630 2265 835 2359 τηλικοῦτόν
865 2274 936 2342 ἐστι
966 2268 1007 2341 τὸ
1038 2278 1114 2360 περὶ
1143 2277 1205 2361 τῆς
1237 2265 1332 2359 εὐχῆς
1355 2275 1533 2354 διαλαβεῖν,

231 2364 279 2449 ως
309 2372 440 2439 δεῖσθαι
470 2375 534 2440 τοῦ
563 2375 617 2438 καὶ
650 2374 695 2452 είς
725 2376 831 2440 τοῦτο
862 2377 1078 2456 φωτίζοντος
1104 2368 1234 2456 πατρὸς
1259 2375 1314 2439 καί
1341 2366 1447 2440 αὐτοῦ
1472 2375 1535 2440 τοῦ

229 2464 460 2554 πρωτοτόκου
490 2464 595 2556 λόγου
625 2465 845 2552 διδάσκοντος
872 2475 934 2540 τοῦ
960 2479 998 2540 τε
1024 2468 1217 2559 πνεύματος
1243 2472 1463 2556 ἐνεργοῦντος
1489 2472 1535 2550 είς

179 2583 213 2638 20
230 2564 272 2638 τὸ
300 2585 392 2637 νοεῖν
417 2575 472 2637 καὶ
498 2574 608 2656 λέγειν
634 2564 737 2653 άξίως
765 2574 828 2639 τοῦ
856 2565 1063 2658 τηλικούτου
1088 2566 1334 2658 προβλήματος,
1358 2564 1535 2657 εὐξάμενος

230 2663 278 2750 οδς
310 2663 498 2754 ἄνθρωπος
528 2665 581 2756 (οδ
610 2665 672 2756 γάρ
698 2695 767 2739 που
794 2672 929 2756 ἐμαυτῷ
957 2673 1077 2756 δίδωμι
1101 2687 1226 2756 χωρεῖν
1248 2666 1313 2757 τὴν
1334 2665 1534 2755 προσευχὴν)

230 2771 293 2836 τοῦ
322 2763 513 2855 πνεύματος
541 2765 610 2856 πρὸ
637 2773 700 2838 τοῦ
728 2764 833 2856 λόγου
862 2785 975 2855 τυχεῖν
1004 2773 1064 2856 τῆς
1095 2764 1190 2856 εὐχῆς
1221 2763 1319 2852 άξιῶ,
1348 2768 1403 2837 ίνα
1433 2763 1535 2856 λόγος

229 2871 463 2954 πληρέστατος
492 2874 549 2936 καὶ
578 2866 803 2955 πνευματικὸς
834 2863 912 2956 ἡμῖν
939 2871 1093 2956 δωρηθῇ,
1116 2873 1171 2936 καὶ
1198 2867 1231 2937 αί
1254 2869 1291 2935 ἐν
1311 2884 1383 2948 τοῖς
1406 2863 1534 2956 εὐαγγε-

314 3053 341 3123 [l
361 3052 424 3122 vgl.
442 3052 541 3106 Matth.
560 3053 601 3116 28,
620 3055 660 3108 19.
682 3053 724 3122 —]
752 3055 771 3108 6
797 3053 860 3122 vgl.
883 3054 1205 3118 ISam.1‚11-13.-
1229 3053 1248 3108 8
1271 3051 1423 3121 vgl.Psa1.
1443 3051 1483 3106 16.
1502 3081 1534 3090 -

228 3139 247 3194 9
266 3137 330 3208 vgl.
347 3137 420 3193 Psal.
432 3138 473 3192 89.
492 3167 523 3176 -
544 3137 583 3192 16
603 3136 663 3206 Vgl.
682 3138 823 3202 Psa1.101,
838 3141 860 3194 1.
878 3167 911 3177 -
931 3138 969 3193 16
987 3137 1051 3192 Hos.
1065 3139 1105 3205 14,
1122 3138 1146 3192 9.
1165 3167 1197 3176 -
1217 3137 1255 3192 19
1274 3135 1431 3204 63166111.
1450 3136 1474 3202 8,
1492 3135 1533 3188 29.

229 3223 290 3278 Κοί.
309 3225 331 3290 1,
351 3225 392 3278 15.
414 3223 450 3276 18.
473 3221 555 3275 Hebr.
575 3226 598 3288 1,
616 3223 640 3276 6.

318 3383 333 3438 l
355 3373 430 3452 πρὸς
449 3374 483 3435 τδ
503 3381 691 3452 βαπτίζεσθαι
708 3382 809 3449 Ausgg.
827 3372 902 3450 πρὸς
918 3373 952 3435 ιδ
971 3381 1168 3452 βαπτίοαοθαι
1185 3379 1270 3444 Ηυεί;
1288 3376 1363 3451 πρὸς
1380 3383 1421 3451 τῷ
1437 3379 1534 3450 βαπτί-

230 3469 334 3535 ζεσθαι
362 3467 438 3520 Βεαίι
457 3464 513 3534 (bei
530 3463 589 3519 Del.
607 3467 619 3519 I
638 3467 688 3522 200
706 3467 785 3519 Anm.
803 3465 831 3534 b)
850 3483 876 3520 u.
894 3467 975 3536 Angl.
994 3465 1049 3536 (bei
1071 3465 1129 3520 Del.
1147 3466 1160 3517 l
1182 3463 1273 3530 912b)‚
1294 3459 1352 3536 πρδ
1370 3469 1422 3518 τοῦ
1439 3462 1534 3532 βαπτί-

231 3554 333 3620 ζεσθαι
351 3549 480 3604 claudius
492 3549 591 3619 Fleury
609 3549 664 3616 (bei
682 3549 739 3604 Del.
753 3550 765 3602 1
783 3550 834 3605 200
850 3554 931 3605 Anm.
945 3551 985 3618 b);
1002 3544 1077 3621 πρὸς
1093 3545 1127 3606 τὸ
1141 3548 1335 3620 βαπτίζαοθαι
1351 3548 1392 3614 ΤΙ
1408 3547 1426 3603 3
1444 3564 1533 3618 προσ-

230 3633 397 3706 ευχομένου]
424 3627 499 3704 πρὸς
522 3627 679 3704 εὐχομένου
705 3633 768 3687 lieet
785 3634 866 3703 Angl.
885 3635 919 3702 (a.
937 3652 961 3689 a.
980 3633 1021 3702 0.)
1038 3634 1178 3702 nnrichtig
1201 3635 1205 3700 1
1228 3635 1247 3688 6
1265 3623 1318 3703 άλη
1336 3631 1458 3686 schreibe
1481 3632 1533 3692 ich,

232 3721 268 3774 δυ
286 3717 318 3775 ἐκ
336 3717 443 3790 μέρους
460 3717 498 3770 im
517 3718 664 3788 folgenden
682 3717 836 3786 begrtindet
852 3719 962 3773 werden
980 3719 1043 3787 soll;
1063 3712 1133 3787 αὐτὴ
1151 3720 1287 3772 τοιωυίοί
1304 3717 1385 3786 Angl.
1400 3719 1433 3784 (a.
1447 3734 1472 3771 a.
1484 3715 1533 3782 0-1,

230 3806 295 3860 aber
314 3805 378 3859 eher
395 3802 490 3856 wflrde
508 3820 573 3856 man
592 3802 663 3856 nach
686 3803 698 3855 1
716 3802 787 3856 Sam.
807 3805 830 3870 1,
850 3805 882 3858 13
899 3821 935 3856 an
954 3795 1025 3874 αίίτη
1044 3803 1152 3858 denken
1168 3801 1291 3865 kbnnem
1317 3805 1353 3870 τῇ
1379 3801 1508 3871 TAusgg.
1528 3803 1531 3869 1

228 3892 242 3946 7
261 3885 314 3946 οδκ
331 3890 348 3956 †
366 3883 455 3958 ἐχάρη
473 3887 580 3957 γραφῇ]
600 3881 653 3942 οὐκ
670 3882 782 3958 ἐγράφη
801 3891 925 3942 vermute
943 3889 996 3950 ich,
1014 3887 1052 3940 im
1064 3888 1233 3957 Archetypus
1251 3886 1331 3940 stand
1344 3885 1417 3940 wohl
1436 3904 1533 3956 γραφη

228 3975 296 4030 iiber
323 3975 386 4028 dem
412 3971 596 4026 fehlerhaften
624 3966 712 4042 ἐχάρη
742 3972 783 4025 als
807 3972 1022 4040 Verbesserung3
1049 3967 1114 4042 εδχὴ
1138 3966 1190 4026 οὐκ
1216 3963 1363 4042 ἀνεγράφη
1387 3969 1453 4024 oder
1481 3963 1533 4024 οὐκ

229 4055 297 4132 ἔχρη
316 4059 366 4128 [so]
385 4063 499 4128 γραφῆς
517 4059 655 4111 vermutet
673 4058 750 4111 Bent.
770 4057 824 4124 (bei
841 4057 901 4112 Del.
920 4059 932 4110 I
950 4059 1002 4114 200
1019 4061 1099 4112 Anm.
1118 4060 1141 4125 ο)
1160 4055 1237 4110 nieht
1253 4053 1394 4124 glflcklich
1410 4055 1448 4121 Ιθ
1472 4047 1533 4108 ἐνα-

227 4163 278 4209 τος
295 4145 345 4199 καί
369 4137 574 4212 ὀγδοηκοστὸς]
595 4131 676 4196 M
696 4145 700 4208 Ι
724 4136 843 4206 ἐννατος
865 4143 967 4212 Ausgg.
991 4144 995 4210 l
1021 4141 1147 4210 Μωϋσεῐ]
1169 4147 1254 4210 μωσῇ
1278 4139 1395 4193 Thond.
1421 4139 1534 4206 Μωϋσῇ

228 4227 348 4284 Ox.Del.
365 4229 369 4296 Ι
386 4228 423 4283 11
444 4220 542 4296 αίτοῦ]
562 4217 650 4281 αίποῦ
668 4225 752 4279 Lond.
768 4228 772 4293 1
790 4226 828 4282 15
847 4223 1020 4291 ταύτας-16
1039 4221 1136 4296 αδτάς]
1154 4217 1352 4281 ταῦτα-αὐτά
1371 4223 1434 4276 lieet
1451 4222 1533 4290 Angl.

228 4317 262 4382 (a.
280 4332 304 4368 ο,
323 4311 365 4380 Ο.)
383 4310 522 4380 unriehtig
538 4312 609 4365 nach
628 4311 681 4366 den
699 4311 771 4364 LXX
787 4313 791 4380 Ι
806 4313 855 4366 καί
873 4313 931 4380 (vor
949 4305 1084 4380 σννετδςλ]
1110 4303 1125 4379 ἢ
1143 4309 1224 4378 Angl.
1244 4309 1278 4374 (a.
1291 4324 1315 4360 a.
1328 4306 1368 4376 Ο.)
1384 4309 1389 4374 λ
1405 4307 1443 4361 21
1466 4305 1531 4374 που]

227 4415 273 4454 πω
285 4399 363 4452 Bent.
376 4396 431 4464 (bei
445 4397 503 4452 Del.
517 4398 528 4449 Ι
541 4397 592 4453 200
604 4399 683 4450 Anm.
697 4397 721 4464 ε)
737 4397 741 4462 Ι
757 4395 795 4451 22
814 4401 867 4450 τοῦ
883 4389 1047 4462 πνεύματος
1063 4389 1121 4464 πρὸ
1143 4399 1196 4449 τοῦ
1214 4387 1312 4462 λόγον]
1331 4384 1389 4460 πρό
1409 4393 1462 4445 τοῦ
1479 4395 1532 4444 τοῦ
1610 4437 1613 4444 .

229 4479 319 4554 λόγου
345 4481 464 4536 schreibt
487 4481 563 4535 Bent.
587 4481 621 4547 (a.
638 4497 663 4534 a.
681 4479 722 4547 Ο.)
744 4479 796 4532 mit
812 4479 932 4550 'Iffl‘lgung
949 4497 1003 4534 von
1020 4485 1073 4535 τοῦ
1090 4472 1252 4545 πνεύματος
1269 4473 1419 4543 unriehtig;
1447 4473 1532 4526 durch

228 4567 318 4622 meino
341 4565 550 4637 Interpunktion
575 4565 676 4635 glaube
702 4563 748 4618 ich
770 4563 815 4618 die
840 4563 1027 4633 gegenseitige
1049 4563 1208 4631 Beziehung
1233 4561 1282 4616 der
1303 4559 1400 4616 Worte
1425 4559 1531 4628 klarge»

228 4651 304 4707 stent
321 4669 353 4704 zu
370 4651 469 4706 haben.
