3772 5526
377 501 396 558 4
917 487 1141 544 ανινυνονκ

376 651 571 744 νομήσαντα
601 657 657 722 καί
692 646 882 738 ποιήσαντα
912 645 1039 738 Ἰησοῦν
1070 645 1090 738 ἢ
1120 651 1200 734 τοῦς
1234 649 1401 740 προφάσει
1431 662 1591 743 χρησμῶν
1624 665 1679 727 καὶ

375 759 545 843 μαντειῶν
569 749 613 839 μή
643 754 922 836 ἐπανορθοῦντας
951 756 1012 838 μὲν
1044 749 1087 820 τὰ
1115 746 1184 840 ήθη
1212 759 1285 823 τῶν
1312 761 1597 842 θεραπευομένων
1623 765 1679 826 καί

373 857 513 942 προσέτι
539 847 572 922 δ’
587 846 805 932 ἀποστάντας
831 855 892 938 τῆς
922 853 1121 938 εἰλικρινοῦς
1146 857 1201 920 καὶ
1226 858 1380 939 καθαρᾶς
1406 853 1493 942 πρὸς
1519 854 1582 926 τὸν
1605 864 1680 926 τῶν

374 947 467 1024 όλων
488 949 637 1040 ποιητὴν
659 954 835 1038 σεβασμίου
856 954 954 1038 τιμῆς
974 956 1031 1018 καὶ
1053 957 1228 1037 σχίςοντας
1253 950 1318 1040 τὴν
1344 959 1417 1022 τιῦν
1437 950 1679 1042 προσεχόντων

339 1049 488 1134 σαύτοῖς
518 1048 629 1138 ψυχήν
662 1045 831 1138 προφάσει
865 1054 963 1137 τιμῆς
994 1045 1168 1120 πλειόνων
1197 1058 1293 1122 θεῶν
1327 1047 1396 1122 ἀπὸ
1428 1058 1491 1122 τοῦ
1521 1052 1596 1138 ἑνὸς
1621 1064 1675 1126 καί

371 1148 479 1242 μόνου
505 1155 665 1238 ἐναργοῦς
686 1153 741 1218 καί
764 1143 931 1236 ἀληθινοῦ
952 1155 1052 1232 θεούς

453 1255 508 1321 lV.
549 1244 637 1318 Ἐπεὶ
668 1253 703 1318 δὲ
732 1245 816 1336 μετὰ
846 1253 968 1330 ταῦτα,
1001 1277 1049 1330 ως
1079 1243 1410 1338 ἀποκριναμένων
1392 1278 1434 1320 αν
1463 1245 1674 1324 Ἰουδαίων”
1656 1285 1676 1344 η

371 1345 589 1439 Χριστιανῶν
622 1353 699 1434 περὶ
735 1352 809 1416 τῶν
845 1344 931 1435 πρὸς
966 1343 1175 1434 ἀνθρώπους
1209 1343 1544 1430 καταβαινόντωνο
1525 1381 1579 1423 οτι
1610 1355 1676 1424 είεν

369 1446 544 1540 ἀγγελοι,
568 1451 682 1535 φησίν
713 1450 747 1514 εί
776 1448 817 1514 δέ
844 1473 957 1527 τινας
987 1441 1177 1534 ἀγγέλους
1207 1452 1321 1532 φατε,
1348 1453 1403 1517 καὶ
1429 1461 1674 1546 προσεπερωτᾷ

320 1569 351 1622 10
369 1555 493 1638 λέγων
520 1553 633 1628 τίνας
661 1543 832 1624 τούτους
858 1549 1006 1632 λέγετε;
1033 1540 1201 1627 θεούς
1182 1573 1202 1631 η
1231 1541 1329 1617 ἀλλο
1365 1577 1402 1617 τι
1431 1554 1563 1636 γένος,·
1601 1554 1675 1626 εἶτα

368 1645 473 1720 πάλιν
502 1649 605 1718 οἱονεί
634 1638 973 1732 ἀποκριναμένους”
952 1671 1023 1731 αγει
1059 1637 1114 1714 ότι
1149 1639 1245 1716 ἀλλο
1274 1674 1313 1716 τι
1344 1643 1397 1728 ιῦς
1430 1648 1551 1734 εἰκός,
1580 1653 1673 1738 τοῦς

283 1761 351 1814 117r
369 1755 573 1837 δαίμονας·
600 1749 680 1831 φέρε
699 1749 703 1830 Ι
722 1749 777 1812 καί
798 1747 906 1812 ταῦτα
927 1741 1198 1833 κατανοήσωμεν.
1231 1739 1507 1833 ὁμολογουμένως
1529 1756 1591 1838 μὲν
1610 1751 1673 1842 γὰρ

366 1853 422 1920 καί
445 1843 638 1936 ἀγγέλους
660 1845 797 1932 φαμέν,
819 1841 1073 1928 ,λειτουργικά“
1096 1837 1221 1927 ὄντας,
1224 1843 1419 1934 ,πνεῦματαί
1421 1852 1498 1916 καί
1519 1852 1672 1934 ,είςόια-

365 1953 482 2030 κονίας
512 1938 787 2032 ἀποστελλόμενα
818 1939 873 2012 διὰ
904 1941 985 2022 τοῦς
1009 1946 1198 2030 μέλλοντας
1222 1954 1445 2033 κληρονομεῖν
1471 1953 1670 2036 σωτηρίανίί,

315 2059 347 2110 15
366 2044 558 2132 ἀναβαίνειν
583 2049 622 2132 μέ
626 2070 645 2112 ν
670 2037 907 2160 προσάγοντας
934 2039 996 2122 τάς
1022 2047 1098 2113 τεόν
1125 2038 1327 2128 ἀνθρώπων
1353 2043 1519 2130 ἐντεύξεις
1540 2050 1672 2133 ἐντοῖς

363 2140 627 2234 καθαρωτάτοις
659 2147 722 2212 τοῦ
753 2135 881 2228 κόσμου
905 2147 1040 2228 χωρίοις
1066 2137 1329 2229 ἐπυυρανίοις”
1309 2171 1329 2231 η
1356 2149 1410 2213 καὶ
1437 2162 1510 2227 τοῖς
1537 2145 1672 2219 τούτων

362 2245 620 2332 καθαρωτέροις
650 2237 919 2326 ῦπερουρανίοις,
948 2246 1181 2322 καταβαίνειν
1212 2237 1245 2309 δ’
1268 2232 1310 2312 αῦ
1340 2245 1471 2312 ἐκεῖθεν
1502 2251 1671 2333 φέροντας

364 2341 494 2432 ἑκάστῳ
516 2335 710 2424 κατ’ἀξίαν
732 2365 806 2409 των
826 2334 895 2410 ἀπὸ
916 2344 1003 2410 θεοῦ
1026 2367 1060 2409 τι
1075 2335 1191 2423 αύτοῖς
1206 2345 1373 2410 διακονεῖν
1391 2360 1464 2423 τοῖς
1482 2340 1669 2432 εύεργετου-

362 2449 476 2532 μένοις
506 2442 824 2528 προστασσομένων.
883 2437 1027 2520 τούτους
1059 2438 1100 2528 δή
1135 2435 1328 2562 ἀγγέλους
1363 2436 1432 2511 ἀπὸ
1468 2447 1533 2512 τοῦ
1570 2447 1669 2532 ἔργου

311 2555 345 2609 20
363 2539 479 2614 αύτων
505 2531 737 2628 μεμαθηκότες
759 2546 883 2620 καλεῖν,
914 2533 1106 2626 εῦρίσκομεν
1136 2535 1259 2619 αύτούς
1288 2536 1343 2609 διὰ
1371 2536 1411 2609 τό
1437 2547 1553 2623 θείους
1584 2545 1668 2614 εῖναι

361 2648 417 2762 κμὶ
445 2637 613 2724 „65069‘
640 2638 677 2706 ἐν
704 2653 777 2716 ταῖς
803 2639 906 2724 ίεραῖς
932 2664 1019 2707 ποτε
1046 2631 1313 2726 ὀνομαζομένους
1339 2656 1490 2726 γραφαῖς,
1511 2636 1585 2710 ἀλλ>
1608 2640 1668 2760 σύγ

362 2735 452 2811 ὥστε
473 2732 744 2828 προστάσσεσθαι
766 2731 845 2825 ήμῖν
863 2743 868 2821 Ι
887 2735 967 2819 τοῦς
989 2742 1235 2818 διακονοῦντας
1256 2743 1311 2806 καί
1334 2743 1502 2825 φέροντας
1524 2735 1602 2828 ἡμῖν
1625 2741 1666 2812 τὰ
1686 2762 1738 2814 :380

362 2847 424 2912 τοῦ
447 2843 533 2910 θεοῦ
556 2842 662 2924 σέβειν
683 2841 738 2905 καὶ
756 2853 958 2924 προσκυνεῖν
981 2831 1057 2907 ἀντί
1079 2841 1143 2906 τοῦ
1157 2841 1250 2907 θεοῦ.
1279 2841 1390 2905 πᾶσαν
1405 2836 1542 2924 μὲνγὰρ
1557 2843 1668 2928 δέησιν

360 2946 415 3012 καί
430 2935 619 3028 προσευχήν
633 2939 689 3007 καί
705 2937 856 3020 ἔντευξιν
869 2941 924 3004 καὶ
946 2930 1157 3023 εύχαριστίαν
1178 2932 1418 3022 ἀναπεμπτέον
1439 2943 1489 3025 τῷ
1511 2941 1566 3008 ἐπὶ
1584 2947 1665 3010 πᾶσι

309 3053 342 3105 25
360 3046 431 3129 θεῷ
455 3035 509 3110 διά
537 3041 601 3106 τοῦ
627 3039 680 3105 ἐπί
708 3032 852 3105 πάντων
878 3029 1057 3121 ἀγγέλων
1083 3031 1278 3123 ἀρχιερέως,
1305 3033 1455 3122 ἐμψύχου
1479 3032 1584 3125 λόγου
1609 3047 1664 3110 καὶ

359 3144 455 3210 θεοῦ.
496 3131 686 3225 δεησόμεθα
709 3139 813 3204 δὲκαὶ
836 3131 943 3204 αύτοῦ
966 3139 1029 3204 τοῦ
1053 3129 1157 3222 λόγου
1177 3141 1233 3204 καὶ
1254 3130 1479 3222 ἐντευξόμεθα
1499 3133 1664 3226 αὐτῷκαὶ

358 3233 637 3328 εύχαριστήσομεν
663 3239 718 3303 καὶ
744 3229 999 3322 προσευξόμεθα
1024 3236 1073 3316 δὲ,
1096 3230 1155 3304 ἐὰν
1176 3229 1360 3320 δυνώμεθα
1380 3234 1582 3305 κατακούειν
1604 3243 1665 3326 τῆς

357 3345 434 3428 περὶ
454 3339 643 3425 προσευχῆς
664 3340 873 3421 κυριολεξλας
893 3339 949 3401 καί
970 3329 1215 3421 καταχρήσεως.

440 3439 478 3508 V.
517 3431 721 3522 Ἀγγέλους
742 3429 805 3519 γὰρ
820 3438 957 3502 καλέσαι
970 3429 1015 3520 μή
1030 3427 1314 3515 ἀναλαβόντας
1278 3461 1342 3560 τήν
1356 3429 1439 3522 ύπέρ
1454 3429 1663 3522 ἀνθρώπους

306 3555 339 3611 30
356 3542 431 3626 περὶ
462 3532 579 3606 αύτων
609 3528 794 3621 ἐπιστήμην
824 3527 886 3602 ούκ
918 3525 1070 3619 εύλογον.
1121 3535 1176 3602 ίνα
1203 3537 1239 3602 δε
1264 3540 1320 3602 καὶ
1345 3528 1424 3602 καθ’
1454 3530 1662 3626 ῦπόθεσινή

355 3641 431 3724 περὶ
454 3630 570 3704 αύτων
592 3627 758 3720 ἐπιστήμη
778 3627 965 3720 θαυμάσιός
987 3661 1038 3713 τις
1061 3622 1145 3701 οῦσα
1162 3637 1218 3700 καὶ
1234 3626 1429 3719 ἀπόβρητος
1432 3640 1661 3802 ἐκαταληφθή,

355 3729 442 3824 αῦτη
470 3729 491 3822 6
517 3728 694 3820 ἐπιστήμη,
722 3727 963 3820 παραστήσασα
989 3728 1053 3818 τήν
1080 3728 1182 3817 φύσιν
1209 3726 1325 3800 αῦτῶν
1350 3739 1405 3801 καὶ
1432 3736 1474 3817 ἐφ
1475 3727 1558 3814 ὀίς
1581 3735 1662 3803 εἰσιν

440 3907 479 3964 19
498 3904 560 3974 Vgl.
577 3903 697 3966 Hebr.1.
712 3907 750 3958 14.
769 3934 802 3943 —
821 3905 858 3960 21
879 3903 941 3973 Vgl.
959 3903 1029 3958 Psal.
1048 3906 1090 3966 49,
1110 3907 1133 3959 1.
1159 3905 1201 3975 85,
1219 3907 1242 3960 8.
1266 3906 1307 3972 95,
1325 3907 1349 3958 4.
1374 3907 1431 3966 135,
1449 3907 1473 3960 2.
1492 3935 1525 3946 -
1543 3904 1582 3961 28
1601 3907 1663 3976 Vgl.

353 3993 491 4062 Origenes,
509 3989 550 4044 De
567 3991 635 4046 orat.
652 3987 717 4059 Cap.
730 3987 788 4044 XV.
805 3988 879 4043 XVI.
898 4019 932 4029 -
949 3989 988 4046 25
1011 3987 1073 4058 vgl.
1087 3987 1169 4043 Hebr.
1187 3991 1212 4052 2,
1226 3991 1265 4044 17.
1289 3992 1313 4052 3.
1331 3993 1354 4044 l.
1374 3993 1450 4056 4,14.
1474 3993 1498 4054 5,
1518 3992 1558 4046 10.
1580 3993 1603 4056 6,
1623 3993 1663 4048 20.

353 4079 376 4146 7,
395 4079 435 4134 26.
459 4077 484 4142 8,
503 4079 526 4132 1.
549 4075 573 4138 9,
592 4075 632 4130 11.
651 4103 684 4112 -
704 4073 765 4144 Vgl.
783 4073 844 4128 Joh.
863 4075 886 4140 1,
906 4075 928 4130 1.

438 4231 474 4288 11
500 4225 758 4302 ἀποκριναμένους]
778 4247 795 4300 ρ
818 4228 959 4283 erlosohen
981 4228 1005 4280 A
1029 4227 1033 4294 Ι
1056 4221 1306 4298 ἀασκριναμένους
1328 4223 1399 4302 ἄγει]
1423 4227 1665 4305 ἀποκριναμένοις

352 4315 427 4387 λέγει
456 4315 507 4370 Ηδ.
521 4315 565 4386 Sp.
587 4331 634 4368 am
656 4312 735 4368 θεοῦ
759 4315 763 4382 Ι
789 4313 826 4369 13
848 4315 897 4368 καί
918 4314 978 4381 (vor
995 4306 1142 4380 ἀγγέλους
1165 4321 1198 4370 <
1219 4313 1247 4365 Μ
1266 4316 1369 4384 Ausgg.
1393 4318 1398 4384 Ι
1422 4317 1575 4387 διακονίας]
1609 4321 1663 4372 δια-

350 4401 452 4456 κονίαν
473 4399 524 4455 Hp.
547 4417 592 4454 am
610 4397 702 4462 Rana,
725 4397 794 4468 Sp.'
787 4415 824 4450 ιω
843 4397 912 4451 Text
931 4399 935 4462 Ι
955 4395 991 4451 16
1010 4392 1236 4498 6uovppvzffloe]
1220 4417 1230 4451 ι
1248 4398 1275 4452 in
1295 4399 1438 4455 Correctur
1455 4404 1479 4454 A
1495 4403 1499 4466 Ι
1518 4403 1567 4456 καί
1585 4402 1662 4455 iiber·

350 4485 454 4555 gesohr.
472 4485 506 4537 Δί
524 4484 577 4553 121
594 4478 666 4539 πότε
683 4482 782 4550 1199
801 4483 850 4537 καλ
867 4491 900 4541 <
917 4480 977 4536 Del.
993 4480 1049 4549 131
1071 4474 1165 4536 αὐτῶν
1182 4499 1230 4534 aus
1249 4478 1337 4538 αι’τὸν
1353 4501 1420 4538 corr.
1439 4489 1476 4539 A¹
1491 4487 1495 4553 1
1512 4481 1663 4556 ἐπιστήμη]

350 4587 381 4624 τιι
402 4569 606 4638 ausgebroohen
625 4571 673 4636 ΑΙ
698 4585 747 4622 vor
766 4559 1150 4634 pavpdaadc÷9avpdoaedc
1167 4583 1209 4629 τις
1227 4553 1301 4622 οῦσα
1318 4565 1367 4624 καί
1395 4563 1570 4639 ἀπόρρητος,
1592 4570 1662 4625 doch

349 4653 510 4725 expungiert
528 4655 551 4708 A
567 4655 571 4722 Ι
586 4653 644 4723 καί]
663 4671 681 4707 κ
697 4670 768 4722 ganz
786 4669 812 4708 u.
831 4669 849 4706 α
867 4649 935 4704 halb
953 4648 1157 4716 ausgebrochen
1175 4651 1207 4704 A.
