3704 5516
375 471 433 532 190
913 467 1134 522 sammon

373 631 433 715 τῆς
455 623 693 716 αἰσθήσεως,
717 622 777 710 οῦς
797 638 913 712 καλῶς
934 621 1019 719 ἦσαν
1043 628 1253 720 μύσαντες,
1277 633 1333 700 ίνα
1358 627 1402 718 μὴ
1424 627 1678 718 περισπώμενοι

372 727 620 811 έμποδίςωνται
641 732 778 811 βλέπειν
801 733 851 816 τῷ
874 734 936 818 τῆς
956 735 1082 818 ψυχῆς
1104 723 1319 818 ὀφθαλμῷ·
1343 724 1403 812 οῦς
1424 733 1460 800 δὲ
1482 733 1566 811 τέως
1584 729 1679 817 είχον

370 829 559 909 βλέποντας
593 833 655 916 τῆς
689 832 817 916 ψυχῆς
853 822 1089 918 ὀφθαλμούς
1124 837 1179 898 καὶ
1215 823 1497 917 εὐφραινομένους
1532 831 1586 898 έπί
1617 833 1677 918 τῷ

371 930 454 1012 θεῷ
484 932 541 996 καί
570 932 621 1015 τῷ
652 932 843 1016 παραδείσῳ
879 923 1000 1014 αὐτοῦ,
1032 926 1176 1009 τούτους
1207 927 1297 1017 σίμαι
1328 928 1381 998 διά
1415 925 1479 1016 τὴν
1509 921 1680 1016 ἁμαρτίαν

336 1027 522 1114 οέμυσαν

454 1117 539 1196 όθεν
560 1133 615 1195 καί
637 1120 656 1196 ό
679 1125 794 1216 σωτὴρ
811 1122 916 1216 ἡμῶν,
933 1128 974 1200 τὸ
990 1127 1109 1199 διττὸν
1125 1132 1231 1198 τοῦτο
1248 1133 1321 1197 τῶν
1343 1119 1566 1214 όφθαλμιῦν
1586 1131 1679 1198 έπισ·

369 1220 513 1312 τάμενος
534 1225 621 1308 είδσς
642 1229 679 1296 έν
701 1221 788 1316 ἡμῖν,
812 1235 894 1315 φησὶ
915 1223 970 1298 τό·
993 1233 1061 1312 ,είς
1082 1234 1183 1316 κρίμα
1203 1226 1270 1314 έγδι
1293 1231 1340 1308 είς
1361 1225 1425 1296 τόν
1445 1221 1573 1314 κόσμον
1595 1232 1679 1298 τοῦ·

370 1351 434 1394 τον
455 1329 625 1414 εἰσῆλθον,
647 1325 703 1396 ίνα
726 1330 759 1398 οί
779 1325 824 1416 μὴ
847 1333 1030 1410 βλέποντες
1050 1331 1196 1410 βλέπωσι
1218 1334 1273 1396 καὶ
1295 1329 1327 1397 σί
1346 1331 1529 1414 βλέποντες
1550 1331 1676 1414 τυφλοί

369 1428 565 1513 γένωνται,“
580 1425 625 1514 μὴ
647 1431 838 1509 βλέποντας
852 1433 913 1516 μὲν
928 1423 1163 1514 αἰνιττόμενος
1185 1425 1265 1510 τούς
1287 1431 1347 1516 τῆς
1373 1430 1497 1514 ψυχῆς
1518 1419 1676 1511 όφθαλ-

320 1539 353 1592 10
368 1523 478 1613 μούς,
510 1519 570 1606 οῦς
600 1517 620 1594 ό
650 1520 750 1612 λόγος
779 1544 871 1596 ποιεῖ
890 1531 1038 1610 βλέπειν,
1065 1532 1255 1610 βλέποντας
1282 1529 1317 1596 δὲ
1339 1523 1419 1608 τοῦς
1440 1532 1514 1596 τῶν
1534 1523 1677 1615 αίσθή-

370 1645 483 1694 σεων·
517 1622 663 1708 τούτους
693 1629 729 1694 δὲ
759 1623 910 1712 έτύφλου
938 1621 957 1697 ό
991 1620 1105 1715 λόγος.
1140 1629 1195 1696 ίνα
1224 1621 1484 1713 ἀπερισπάστως
1516 1620 1537 1714 ἡ
1570 1623 1677 1715 φυγὴ

370 1729 475 1810 βλέπη
500 1719 522 1794 ά
549 1729 604 1796 δεῖ.
646 1723 777 1807 παντὸς
805 1715 869 1795 οῦν
896 1731 958 1796 τοῦ
985 1724 1073 1796 κατά
1100 1721 1231 1812 τρόπον
1252 1727 1539 1812 χριστιανίζοντος
1566 1719 1584 1796 ό
1614 1730 1677 1814 τῆς

371 1829 498 1912 ψυχῆς
519 1821 727 1914 ἐγήγερται
750 1819 961 1911 ὀφθαλμός
982 1831 1036 1896 καὶ
1060 1818 1079 1894 ό
1103 1829 1162 1912 τῆς
1188 1820 1413 1912 αἰσθήσεως
1434 1827 1590 1912 μέμυκε·
1618 1833 1676 1896 καὶ

369 1917 539 2010 άνάλογον
569 1929 610 2011 τῇ
637 1929 761 2014 έγέρσει
787 1929 851 1995 τοῦ
873 1931 1069 2009 κρείττονος
1096 1918 1314 2010 ὀφθαλμοῦ
1339 1929 1395 1993 καὶ
1416 1927 1459 2009 τῇ
1485 1921 1578 2012 μύσει
1599 1931 1677 1994 τῶν

320 2037 352 2090 15
370 2017 486 2109 ὄψεων
517 2028 578 2112 τῆς
609 2021 834 2112 αἰσθήσεως
864 2041 990 2094 νοεῖται
1019 2033 1074 2094 καί
1101 2034 1282 2111 θεωρεῖται
1310 2019 1440 2112 ἑκάστῳ
1465 2017 1485 2092 ό
1511 2026 1566 2094 έπί
1591 2028 1678 2094 πᾶσι

369 2121 464 2204 θεὸς
485 2129 541 2193 καὶ
563 2117 582 2193 ό
604 2123 677 2207 υίός
699 2121 816 2208 αύτοῦ,
840 2120 940 2210 λόγος
961 2128 1016 2191 καὶ
1039 2130 1142 2209 σοφία
1165 2119 1340 2210 τυγχάνων
1360 2129 1417 2192 καί
1438 2119 1481 2191 τά
1502 2119 1614 2193 λοιπά.

453 2225 515 2292 XL.
546 2216 636 2312 Ἑξῆς
659 2229 694 2294 δὲ
715 2239 788 2306 τοῖς
811 2228 1037 2308 έξετασθεῖσιν
1060 2217 1078 2292 ὁ
1097 2227 1223 2304 Κέλσος
1245 2216 1293 2304 σός
1307 2220 1394 2310 πρός
1408 2217 1540 2304 πάντας
1555 2228 1678 2310 Χρισ-

371 2320 538 2405 τιανούς
564 2317 735 2393 άποτείνει
761 2323 876 2411 λόγον,
904 2315 1023 2392 όντινο
1045 2322 1133 2410 πρός
1155 2321 1235 2405 τούς
1256 2318 1370 2408 πάντη
1390 2315 1591 2410 άλλοτρίους
1613 2325 1677 2404 τῆς

285 2427 353 2484 180r
369 2415 472 2510 Ἰησοῦ
496 2425 706 2504 διδασκαλίας
727 2415 983 2511 ὁμολογοῦντας
1002 2427 1007 2504 Ι
1026 2420 1112 2492 είναι
1134 2425 1162 2490 εί
1184 2415 1248 2508 ἄρα
1270 2427 1377 2509 λέγειν
1398 2414 1550 2509 ἥρμοζεν.
1589 2416 1677 2507 Ὀφι-

319 2537 354 2592 20
370 2528 446 2590 ανοί
475 2519 550 2609 γάρ,
581 2515 629 2603 οός
656 2527 711 2590 καί
739 2525 776 2592 έν
803 2538 875 2604 τοῖς
901 2516 1064 2608 ἀνωτέρω
1091 2524 1261 2608 έλέγομεν,
1289 2521 1353 2592 τόν
1373 2515 1500 2609 Ἰησοῦν
1525 2524 1561 2604 έξ
1583 2513 1678 2590 όλων

370 2614 570 2706 άρνούμενοι
606 2613 627 2706 ἢ
664 2623 695 2690 εί
723 2647 811 2702 τινες
841 2615 940 2692 ἄλλοι
977 2619 1019 2690 τὰ
1049 2615 1265 2709 παραπλήσια
1295 2623 1435 2702 ἐκείνοις
1465 2623 1678 2708 φρονοῦντές

371 2723 453 2790 εἰσιν
482 2721 515 2790 οί
550 2718 598 2790 τά
633 2723 778 2790 εἴδωλα
814 2714 1112 2809 προμνώμενσι,
1149 2715 1296 2790 πλάνοι
1331 2725 1395 2788 καί
1431 2717 1588 2809 γόητες·
1619 2725 1676 2790 καὶ

370 2823 493 2892 έκεῖνοί
519 2821 601 2889 εἰσιν
627 2822 659 2890 οί
687 2817 735 2890 τά
761 2813 940 2908 όνόματα
967 2824 1050 2890 τοῖιν
1076 2823 1277 2906 θυρωρῶν
1302 2814 1455 2902 α’θλίως
1476 2816 1675 2908 έκμανθό-

370 2946 519 3002 νοντες.
554 2915 666 3008 μάτην
695 2911 758 2990 οὖν
788 2918 875 3006 πρὸς
902 2917 1170 3005 Χριστιανούς
1201 2941 1281 3008 φησι
1312 2915 1366 2990 τό·
1401 2911 1474 2988 κάν
1504 2915 1678 3008 ἡγεμόνα

319 3035 352 3090 25
371 3025 440 3109 τῆς
466 3014 561 3091 όδοῦ
595 3017 742 3109 ταύτης
776 3026 933 3110 ζητῆτε,
961 3025 1149 3104 φευκτέοι
1175 3025 1244 3107 μὲν
1265 3013 1357 3106 ύμῖν
1383 3019 1418 3088 οί
1441 3019 1588 3090 πλάνοι
1609 3025 1678 3088 καὶ

370 3117 511 3210 γόητες
536 3127 601 3189 καί
627 3118 675 3190 τὰ
698 3123 845 3190 εἴδωλα
865 3115 1160 3207 προμνώμενοι.
1203 3125 1257 3189 καί
1279 3113 1360 3207 μηδ)
1378 3118 1597 3206 ἐπιστάμενος
1619 3111 1676 3188 ότι

371 3223 403 3292 σί
429 3225 586 3291 τοιοῦτοι
611 3215 673 3290 ούκ
699 3221 845 3290 ἔλαττον
868 3223 998 3288 Κέλσου
1020 3213 1068 3301 οός
1095 3216 1237 3306 γόητες
1264 3217 1327 3288 σύν
1349 3223 1466 3305 ἐκείνῳ
1488 3223 1602 3300 κακῶς
1624 3223 1675 3288 λέ-

370 3343 464 3408 γουσι
486 3319 550 3391 τόν
563 3312 690 3408 Ἰησοῦν
710 3327 765 3390 καὶ
787 3323 899 3388 πᾶσαν
921 3316 986 3406 τὴν
1007 3312 1081 3388 κατ’
1097 3315 1204 3388 αύτόν
1227 3324 1429 3402 θεοσέβειαν,
1451 3321 1530 3405 φησί
1554 3314 1678 3404 φύρων

371 3415 456 3509 ἡμᾶς
473 3423 510 3488 ἐν
531 3421 672 3501 έκείνοις
694 3425 745 3506 τῷ
763 3419 885 3488 ἑαυτοῦ
901 3416 1005 3507 λόγῳ·
1031 3419 1095 3487 ίνα
1115 3416 1164 3506 μὴ
1187 3415 1443 3490 παντάπασιν
1466 3407 1533 3504 ἦτε
1554 3442 1674 3486 κατα-

319 3533 353 3586 30
370 3524 571 3607 γέλαστοι,
592 3517 684 3600 τούς
705 3523 772 3606 μὲν
793 3513 954 3598 ἄλλους,
978 3515 1070 3598 τούς
1092 3522 1372 3607 δεικνυμένους
1394 3515 1528 3598 θεούς,
1552 3511 1605 3598 σός
1627 3517 1676 3584 εἲ-

370 3623 477 3689 δωλα
504 3622 839 3706 βλασφημοῦντες
873 3615 946 3687 τόν
973 3621 1011 3684 δὲ
1036 3623 1099 3685 καὶ
1122 3613 1256 3688 αύτῶν
1279 3613 1331 3700 ιύς
1358 3612 1521 3704 άληθῶς
1539 3621 1544 3702 Ι
1564 3611 1675 3686 είδοό·
1702 3635 1756 3687 ῖ23

371 3729 451 3788 λων
482 3713 739 3803 ἀθλιώτερον
770 3722 834 3785 καὶ
865 3719 955 3804 μηδὲ
987 3717 1156 3786 εἴδωλον
1181 3717 1240 3788 ἔτι
1266 3711 1349 3786 ἀλλ’
1374 3712 1504 3798 ὄντως
1531 3741 1675 3802 νεκρσν

371 3823 558 3901 σέβοντες
579 3823 644 3886 καὶ
666 3822 818 3902 πατέρα
841 3809 983 3904 όμοιον
1006 3811 1113 3903 αύτῷ
1138 3821 1364 3905 ζητοῦντες.

457 4021 471 4076 7
496 4021 557 4076 Joh.
580 4023 608 4083 θ,
631 4023 673 4076 39,
700 4051 731 4060 -
761 4021 799 4076 16
823 4019 886 4087 vgl.
909 4021 920 4072 1
943 4019 1004 4072 Joh.
1024 4021 1050 4080 1,
1075 4021 1098 4070 1.
1123 4023 1162 4072 14.
1195 4019 1261 4072 Luk.
1282 4022 1321 4082 11,
1338 4021 1380 4072 49.
1399 4047 1431 4056 -
1457 4017 1498 4072 20
1521 4015 1583 4086 vgl.
1602 4015 1673 4072 oben

371 4105 407 4158 VI
426 4107 466 4172 28,
485 4105 509 4160 S.
526 4107 560 4160 98
577 4107 603 4160 Z.
618 4105 686 4160 1111.
705 4137 733 4144 -
755 4105 795 4161 28
813 4103 876 4170 vgl.
895 4104 1029 4164 Ιτοοοευε,
1047 4103 1116 4156 Δδν.
1136 4104 1209 4156 haer.
1228 4104 1239 4156 1
1260 4105 1298 4170 19,
1316 4105 1345 4165 4;
1372 4103 1412 4164 28.
1432 4103 1498 4155 3-1
1517 4101 1572 4154 und
1588 4105 1674 4156 unten

371 4191 396 4244 S.
416 4191 462 4244 191
482 4189 508 4244 Z.
528 4189 579 4254 w„
597 4189 668 4244 oben
689 4189 724 4242 VI
743 4191 784 4244 30.
803 4191 844 4244 31.

412 4439 418 4452 .
455 4365 473 4420 8
496 4365 633 4434 εἰσῆλθον
657 4367 683 4418 A
710 4352 801 4433 ἦλθον
819 4363 847 4424 Ρ,
866 4363 916 4418 Hb.
936 4381 980 4416 am
998 4361 1090 4426 Βοιαὶ,
1113 4363 1156 4432 Sp.
1167 4362 1226 4416 Del.
1245 4361 1284 4416 im
1301 4361 1370 4416 Text
1397 4361 1440 4430 Ιθ
1463 4359 1610 4432 γένωνταιΙ
1629 4380 1676 4432 γε·

371 4455 509 4536 νὴδονται
532 4487 557 4522 u.
576 4486 620 4521 am
639 4467 717 4520 Rand
733 4459 808 4536 ὲγρ’
825 4463 962 4536 γένωνται
984 4467 1021 4517 A¹
1045 4465 1049 4532 Ι
1075 4465 1112 4520 16
1140 4459 1237 4534 λοιπά]
1261 4462 1357 4518 Gravis
1379 4480 1427 4518 aus
1445 4465 1516 4518 Aeut
1538 4479 1606 4518 oorr.
1625 4465 1650 4516 A

373 4553 409 4609 17
429 4545 469 4616 ὡς
486 4552 657 4620 iibergeschr.
676 4549 773 4616 1124
792 4543 991 4620 Χριστιανούς]
1012 4548 1061 4602 σοι
1080 4552 1150 4602 erate
1162 4547 1227 4604 sota
1243 4547 1272 4602 in
1289 4547 1431 4602 Conantur
1448 4549 1470 4600 Δ
1486 4549 1490 4614 Ι
1506 4547 1546 4604 25
1565 4539 1639 4616 ύμῖνῖ
1663 4541 1679 4600 1·

371 4653 420 4688 aus
439 4633 454 4704 ίγ
474 4653 540 4692 corr.
560 4637 655 4706 Am
673 4629 743 4704 ἀλλ’]
763 4635 849 4688 Βοευε
866 4632 934 4688 θῦεν
951 4633 1013 4686 dem
1032 4635 1121 4686 ersten
1139 4635 1155 4686 λ
1174 4637 1205 4686 Δ.
