3772 5526
369 483 408 544 ῳ
909 473 1131 528 ammom

371 636 452 719 τούς
473 631 507 709 δ’
528 632 730 725 Ἀραβίους
755 643 811 706 καί
833 631 957 719 αὐτοὺς
978 635 1038 708 δύο
1059 631 1220 726 μόνους,
1248 630 1442 704 Διόνυσον
1468 638 1530 720 μὲν
1551 627 1599 714 αἱς
1620 637 1675 702 καὶ

370 742 583 820 Αἰθίοπες,
608 729 806 824 Οὐρανίαν
827 740 864 806 δὲ
884 738 981 806 ἰδίαν.
1019 734 1107 806 κατά
1130 733 1195 824 τὴν
1216 737 1368 822 ἱστορίαν
1389 728 1497 803 αὐτοῦ
1519 726 1593 802 οὐτ’
1608 735 1676 800 Αί-

372 844 516 917 θίοπες
554 830 753 922 Οὐρανίαν
788 840 971 919 σέβουσιν
1006 831 1088 906 οὐτε
1117 830 1286 922 Ἀράβιοι
1316 839 1393 902 Δία.
1440 823 1493 920 ἆρ’
1524 822 1587 902 οὐν
1617 827 1676 902 έάν

372 966 424 1018 τις
453 930 681 1018 Αἰθιόπων,
717 933 754 1002 έκ
784 961 878 1016 τινος
906 931 1133 1022 περιστάσεως
1160 928 1340 1022 γενόμενος
1360 931 1453 1020 παρὰ
1474 949 1548 1013 τοῖς
1573 925 1677 1018 Ἀρα-

338 1041 486 1120 σβίοις,
523 1029 641 1121 άσεβὴς
673 1033 759 1103 εἶναι
786 1041 934 1122 νομισθῇ
968 1029 1016 1117 ιάς
1052 1031 1125 1122 τὴν
1157 1029 1355 1121 Οὐρανίαν
1391 1029 1432 1102 οὐ
1468 1035 1593 1118 σέβων
1622 1036 1679 1100 καὶ

371 1133 462 1222 παρὰ
484 1139 589 1204 τοῦτο
612 1131 677 1221 τὴν
703 1136 758 1202 ἐπὶ
780 1129 924 1222 θανάτῳ
947 1131 1140 1220 κινδυνεύῃ,
1163 1129 1305 1221 καθήξει
1327 1135 1379 1220 τῷ
1401 1135 1575 1200 Αἰθίοπι
1597 1124 1679 1199 ὐπο-

371 1244 494 1304 θανεῖν
521 1227 655 1320 ἢπαρά
682 1233 731 1303 τὰ
756 1228 905 1318 πάτρια
931 1249 1041 1302 ποιεῖν
1062 1238 1118 1301 καὶ
1140 1249 1343 1318 προσκυνεῖν
1370 1229 1443 1318 τὴν
1467 1225 1680 1318 Οὐρανίαν;

373 1338 401 1402 εί
430 1338 490 1420 μὲν
522 1330 584 1419 γὰρ
614 1330 705 1418 παρά
742 1331 789 1401 τὰ
818 1327 968 1418 πάτρια
997 1347 1109 1401 ποιεῖν
1138 1327 1245 1402 αὐτόν
1276 1327 1433 1420 καθήξει,
1469 1324 1530 1416 οὐχ
1567 1320 1679 1398 όσιον

372 1428 504 1520 ποιήσει
535 1425 618 1502 ὅσον
647 1435 702 1501 έπί
733 1448 805 1511 τοῖς
837 1436 899 1500 τοῦ
925 1435 1053 1501 Κέλσου
1085 1427 1212 1518 λόγοις·
1241 1432 1269 1501 εἰ
1300 1435 1336 1501 δὲ
1362 1428 1426 1518 τὴν
1452 1432 1508 1499 ἐπὶ
1534 1423 1679 1513 θανάτῳ

322 1549 355 1602 10
372 1527 554 1618 άπαχθείη,
591 1525 842 1617 παραστησάτω
873 1526 915 1599 τὸ
949 1525 1093 1617 εὐλογον
1122 1535 1185 1600 τοῦ
1218 1531 1385 1618 αἱρεῖσθαι
1415 1524 1585 1605 θάνατον,
1618 1521 1680 1595 οὐκ

373 1631 449 1701 οἰδα
476 1634 504 1699 εἰ
530 1634 593 1698 τοῦ
613 1625 832 1711 Αἰθιόπων
859 1627 963 1715 λόγου
989 1638 1191 1716 φιλοσοφεῖν
1218 1625 1438 1708 διδάσκοντος
1466 1632 1541 1714 περὶ
1570 1629 1680 1712 ψυχῆς

374 1724 562 1810 άθανασίας
589 1735 594 1810 l
620 1735 676 1796 καὶ
707 1732 804 1815 τιμῆς
834 1731 895 1815 τῆς
922 1729 977 1796 ἐπί
1000 1723 1157 1818 εὐσεβείᾳ,
1181 1733 1210 1798 εἰ
1231 1726 1350 1816 <κατά>
1373 1725 1454 1808 τούς
1484 1729 1679 1812 πατρίους
1696 1737 1746 1791 607

374 1824 522 1913 νόμους
557 1832 711 1909 σέβοιεν
741 1831 981 1915 νομιζομένους
1015 1825 1126 1908 θεούς.
1168 1824 1210 1896 τό
1243 1822 1277 1897 δ’
1299 1819 1420 1916 ὅμοιον
1451 1827 1543 1895 ἔστιν
1574 1826 1680 1894 εἰπεῖν

373 1932 428 1996 καί
450 1930 527 2014 περὶ
548 1920 750 2014 Ἀραβίων,
778 1928 814 1996 In
836 1953 930 2008 τινος
950 1923 1177 2014 περιστάσεως
1203 1922 1487 2014 ἐπιδημησάντων
1508 1926 1680 2009 Αἰθίοψι

325 2049 356 2100 15
374 2044 447 2108 τοῖς
477 2032 554 2113 περὶ
585 2020 754 2113 Μερόην.
803 2030 859 2094 καί
890 2016 989 2096 οὗτοι
1021 2023 1083 2114 γάρ
1117 2022 1263 2115 μόνους
1300 2029 1517 2111 διδαχθέντες
1551 2025 1680 2105 σέβειν

378 2122 578 2213 Οὐρανίαν
610 2131 675 2194 καί
709 2119 903 2194 Διόνυσον
938 2120 979 2194 οὐ
1006 2123 1276 2214 προσκυνήσουσι
1303 2121 1366 2195 τὸν
1393 2129 1463 2192 Δία
1492 2119 1576 2209 μετά
1608 2126 1681 2190 τῶν

374 2220 601 2294 Αἰθιόπων·
630 2229 685 2292 καί
711 2217 840 2306 άσεβεῖν
866 2228 1085 2311 νομισθέντες
1111 2229 1140 2294 εί
1166 2223 1230 2313 τὴν
1256 2226 1311 2293 ἐπὶ
1336 2219 1480 2310 θανάτῳ
1509 2213 1568 2308 [όν]
1597 2215 1681 2290 άπά-

374 2351 501 2412 γοιντο,
525 2329 558 2392 τί
579 2315 622 2391 άν
644 2317 791 2408 εὐλόγως
812 2319 996 2422 ποιήσαιεν,
1020 2327 1147 2411 λεγέτω
1170 2318 1189 2393 ό
1214 2329 1349 2405 Κέλσος.

458 2421 539 2502 τούς
561 2425 597 2490 δέ
618 2427 695 2508 περὶ
712 2414 861 2508 Ὄσιριν
886 2429 950 2490 καὶ
969 2423 1058 2493 Ἰσιν
1079 2420 1209 2511 μύθους
1230 2417 1391 2510 περισσόν
1413 2425 1506 2492 ἐστιν
1524 2413 1603 2507 ἡμῖν
1621 2423 1682 2487 νῦν

324 2541 358 2594 20
375 2525 572 2607 καταλέγειν
599 2525 655 2589 καὶ
681 2515 743 2589 οὐκ
769 2513 936 2608 εὐκαιρον.
979 2515 1044 2592 κάν
1070 2528 1356 2610 τροπολογῶνται
1382 2524 1418 2590 δὲ
1439 2523 1471 2590 σί
1490 2524 1608 2608 μῦθοι,
1641 2515 1681 2588 τό

377 2615 509 2707 άψυχον
535 2613 621 2706 ἡμᾶς
647 2610 740 2707 ὐδωρ
772 2625 901 2702 σέβειν
928 2617 1096 2705 διδάξουσι
1122 2627 1177 2690 καί
1204 2619 1269 2709 τὴν
1294 2615 1518 2707 ὑποκειμένην
1545 2612 1682 2704 ἀνθρώ·

377 2747 453 2800 ποις
478 2724 534 2787 καὶ
559 2723 642 2788 πᾶσι
669 2716 770 2807 ζῴοις
796 2723 867 2807 γῆν.
910 2712 1005 2790 οὐτω
1032 2719 1094 2808 γάρ
1116 2721 1208 2808 οἶμαι
1229 2715 1518 2808 μεταλαμβάνουσι
1541 2714 1684 2803 τὸνμὲν

373 2815 518 2904 Ὄσιριν
545 2821 591 2899 εἰς
617 2811 712 2906 ὐδωρ
736 2816 799 2906 τὴν
820 2823 856 2888 δὲ
873 2809 965 2890 Ἰσιν
986 2825 1033 2902 εἰς
1054 2825 1127 2908 γῆν.
1168 2825 1246 2907 περὶ
1268 2825 1304 2888 δὲ
1319 2815 1551 2906 Σαράπιδος
1572 2813 1684 2902 πολλὴ

377 2925 433 2986 καὶ
464 2914 647 3005 διάίφωνος
679 2921 823 3006 ἱστορία,
852 2925 934 3006 χθὲς
963 2927 1019 2989 καὶ
1044 2919 1166 3010 πρώην
1192 2921 1237 3001 εἰς
1266 2925 1369 3007 μέσον
1399 2913 1566 2999 ἐλθόντος
1597 2911 1685 2985 κατά
1702 2928 1754 2983 608

327 3034 360 3086 25
378 3045 475 3099 τινας
496 3025 699 3106 μαγγανείας
721 3023 785 3088 τοῦ
805 3024 1035 3107 βουληθέντος
1050 3025 1264 3108 Πτολεμαίου
1287 3019 1392 3088 οἱονεί
1413 3021 1561 3104 ἐπιφανῆ
1584 3021 1685 3099 δεῖξαι

379 3135 450 3199 τοῖς
476 3119 514 3186 έν
538 3114 765 3208 Ἀλεξανδρείῳ
790 3113 883 3188 θεόν.
926 3114 1120 3207 άνέγνωμεν
1151 3125 1187 3189 δὲ
1212 3116 1305 3206 παρὰ
1331 3121 1518 3205 Νουμηνίῳ
1545 3119 1596 3202 τῷ
1620 3120 1684 3182 Πυ-

378 3223 550 3306 θαγορείῳ
582 3223 658 3304 περὶ
690 3222 750 3305 τῆς
779 3222 986 3306 κατασκευῆς
1018 3213 1137 3301 αὐτοῦ,
1169 3215 1216 3301 σός
1246 3214 1310 3306 άρα
1340 3214 1484 3288 πάντων
1515 3222 1589 3285 τῶν
1619 3209 1685 3282 ὐπὸ

296 3336 362 3390 126r
380 3314 513 3402 φάσεως
544 3320 788 3403 διοικουμένων
817 3321 946 3404 μετέχει
978 3314 1091 3399 οὐσίας
1123 3316 1224 3406 ζῴων
1247 3323 1251 3404 Ι
1274 3323 1330 3387 καί
1362 3322 1494 3404 φυτῶν·
1525 3318 1579 3384 ίνα
1605 3309 1686 3399 δόξη

380 3413 464 3504 μετά
496 3422 569 3486 τῶν
601 3410 794 3485 ἀτελέστων
826 3423 975 3486 τελετῶν
1000 3421 1055 3485 καὶ
1083 3424 1157 3487 τῶν
1182 3424 1360 3488 καλουσιόν
1382 3421 1542 3502 δαίμονας
1563 3440 1685 3503 μαγγα-

466 3609 506 3664 20
530 3608 591 3678 VgI.
610 3608 752 3672 Plutarch,
776 3607 815 3662 De
837 3608 907 3662 Iside
933 3611 961 3662 et
985 3609 1054 3664 Osir.
1073 3611 1137 3680 Cap.
1156 3610 1304 3664 XXXVIII.
1328 3609 1415 3662 LXIV
1439 3625 1464 3679 p.
1482 3608 1533 3664 386
1545 3609 1577 3661 Δ.
1595 3607 1646 3661 376
1657 3605 1686 3658 F.

383 3724 413 3732 -
432 3694 472 3749 88
499 3693 562 3762 Vgl.
580 3692 674 3758 Tacit„
701 3692 770 3746 Hist.
793 3693 831 3746 IV
853 3695 894 3747 83.
917 3695 958 3748 84.
992 3694 1134 3762 Plutarch,
1157 3694 1197 3747 De
1215 3694 1286 3748 Iside
1309 3696 1337 3747 εί
1354 3693 1422 3746 Osir.
1441 3693 1504 3764 Cap.
1523 3691 1639 3746 XXVIII
1648 3707 1687 3758 sq.

382 3795 407 3847 p.
420 3779 470 3834 361
483 3777 589 3832 F-362
602 3775 632 3830 Il.
658 3777 698 3830 De
711 3776 812 3830 sollert.
825 3778 907 3832 anim.
926 3777 992 3848 Cap.
1004 3778 1118 3831 XXXVI
1139 3797 1164 3849 p.
1177 3779 1227 3833 984
1239 3782 1264 3832 A
1273 3779 1303 3833 Β.
1333 3778 1457 3843 Pansam,
1471 3777 1602 3847 Descript.
1615 3777 1660 3829 Gr.
1675 3776 1687 3828 Ι

383 3863 422 3926 18,
440 3866 465 3916 4.
491 3861 615 3916 Clemens
638 3861 723 3924 Alex..
740 3861 874 3932 Protrept.
893 3861 957 3934 Cap.
975 3863 1088 3915 XLVIII
1106 3881 1130 3933 p.
1148 3864 1190 3916 42.
1208 3865 1241 3917 43
1260 3863 1302 3917 ed.
1321 3863 1422 3917 Pother.
1449 3893 1481 3902 -
1508 3862 1545 3918 λθ
1572 3861 1627 3915 Das
1644 3859 1687 3915 Fr.

382 3947 454 4001 fehlt
472 3947 517 4001 bei
534 3945 606 4000 Frid.
625 3945 776 4014 Thedinga‚
796 3945 836 3999 De
853 3945 988 4000 Numenio
1006 3946 1104 4016 philos.
1122 3947 1239 4012 Platon„
1257 3949 1327 4002 Diss.
1346 3949 1459 4003 Bonnae
1477 3949 1552 4002 1875.

467 4121 485 4176 2
509 4137 559 4174 νοτ
579 4119 654 4175 κατὰ
675 4120 712 4175 ist
729 4121 893 4175 vermutlich
915 4120 960 4174 ein
983 4120 1183 4175 verbindender
1205 4121 1362 4188 Ausdruek‚
1381 4121 1434 4176 wie
1452 4123 1538 4191 δῆλον
1556 4112 1609 4186 ότι,
1628 4137 1688 4174 ασε-

382 4205 504 4275 gesallen
520 4205 524 4274 I
540 4205 663 4260 sshinber
679 4211 767 4261 τοῦτο
781 4213 813 4270 -I-
825 4201 952 4274 καθὴξει,
972 4205 1043 4259 doch
1056 4206 1224 4275 expungIert,
1238 4209 1262 4259 A
1278 4207 1281 4274 Ι
1299 4207 1337 4260 12
1357 4201 1461 4277 <κατά>
1481 4200 1549 4269 τοὺς
1565 4204 1689 4259 schreibe

383 4291 427 4343 ich
445 4290 496 4344 mit
513 4289 563 4343 Hp.
582 4290 636 4358 (am
654 4289 751 4357 Ηατιδ),
771 4289 879 4360 SpDel.
899 4291 946 4358 (im
963 4290 1053 4359 Text);
1079 4283 1162 4358 (τοὺς
1179 4283 1268 4359 κατά>
1286 4285 1354 4355 τοὺς
1372 4293 1508 4345 vermutet
1525 4291 1573 4345 Βο.
1592 4289 1689 4358 [Notae

383 4391 408 4444 p.
426 4375 485 4442 391)
510 4375 515 4442 Ι
539 4373 577 4428 18
604 4368 722 4428 Ioum
745 4369 824 4428 έστιν
842 4376 946 4442 Ausgg.
970 4375 973 4443 I
999 4375 1035 4430 17
1065 4369 1118 4446 [άν]
1141 4370 1300 4444 α’πάγοιντσ
1324 4375 1447 4428 schreibe
1469 4375 1513 4428 ich
1536 4375 1601 4443 (ng.
1620 4373 1689 4428 oben

384 4458 409 4512 Z.
428 4459 456 4512 9:
484 4455 510 4513 εἰ
527 4455 556 4512 δὲ
573 4452 625 4526 τὴν
643 4453 689 4512 ἐπί
707 4454 826 4531 θανάτῳ
844 4453 1003 4528 α’παχθείηί,
1027 4453 1062 4513 ἂν
1082 4454 1242 4529 ἀπάγοιντο
1255 4459 1353 4512 110011·
1361 4462 1463 4527 Ausgg.
1482 4453 1517 4513 σίν
1535 4453 1689 4528 ἐπάγοιντο

384 4542 587 4606 Afehlerhaft3
615 4542 780 4596 vermutlich
801 4543 837 4597 ist
859 4536 900 4596 α’τι
922 4543 964 4596 als
983 4543 1187 4613 Verbesserung
1205 4561 1256 4597 von
1276 4539 1311 4598 ἐπ
1328 4543 1574 4612 iibergeschrieben
1593 4560 1618 4596 u.
1637 4559 1690 4595 von

385 4628 472 4681 einen]
491 4626 674 4681 Abschreiber
692 4627 733 4680 als
751 4619 786 4680 άν
804 4627 927 4681 verlesen
946 4645 971 4681 u.
990 4628 1019 4680 in
1037 4629 1090 4682 den
1107 4627 1176 4682 Text
1193 4631 1298 4697 gesetzt
1315 4628 1434 4682 worden.
