3780 5538
674 514 765 569 σενι
785 515 921 568 τεκαὶ
944 515 974 588 ε,
992 515 1016 568 2.
1034 515 1099 570 ει.
1477 518 1536 581 301

234 681 450 762 παραθέσθαι
473 673 657 766 δυνάμενος
678 678 762 765 μετὰ
783 673 1025 767 ποικιλότητος
1047 684 1108 767 τῆς
1127 680 1171 759 είς
1187 677 1330 747 ἕκαστον
1345 671 1536 764 διηγήσεως,

236 771 303 846 ἀπὸ
331 778 515 856 διαθέσεως
540 773 581 846 οῦ
606 775 846 866 μετριαζούσης
870 773 978 865 μόνον
1000 773 1162 848 ἀλλὰκαὶ
1185 771 1414 865 ἀληθευοῦσης
1436 781 1539 862 φησίν

235 869 341 962 (ὁρῶν
378 879 414 944 δὲ
443 880 498 944 καί
529 875 612 964 μετὰ
643 882 751 946 ταῦτα
778 887 782 958 Ι
811 873 925 948 πάντα
956 871 1039 949 όσον
1069 873 1292 949 ἀπολείπεται
1322 880 1385 944 τοῦ
1416 879 1537 944 είδέναι
1554 883 1605 936 199

236 972 483 1062 προσεύξασθαι
516 982 551 1044 τί
585 981 636 1046 δεῖ
665 973 776 1059 ,καθὸ
811 980 911 1061 δεῖ“)·
945 974 985 1046 τὸ
1020 981 1056 1046 δέ
1089 971 1108 1046 ό
1142 1005 1175 1048 τι
1207 971 1457 1066 προσεύξασθαι
1490 978 1541 1042 δεῖ

202 1072 345 1158 5,,καθό
380 1080 429 1145 δεῖ
461 1069 523 1144 οῦκ
557 1079 724 1164 οίδαμενίί·
753 1082 808 1146 καί
837 1082 944 1148 τοῦτο
974 1083 1025 1166 τῷ
1056 1072 1147 1165 λόγῳ
1182 1082 1418 1163 προστίθησιν,
1455 1065 1539 1144 όθεν

237 1169 491 1261 ἀναπληροῦται
523 1171 564 1244 τό
597 1179 755 1246 ἐλλεῖπον
782 1182 833 1265 τῷ
859 1175 904 1264 μή
931 1172 1036 1246 είδότι
1061 1182 1122 1263 μὲν
1152 1172 1277 1246 ἑαυτὸν
1304 1179 1339 1244 δὲ
1360 1166 1457 1258 ἀξιον
1478 1177 1541 1242 τοῦ

238 1269 529 1362 ἀναπληρωθῆναι
551 1276 588 1342 ἐν
610 1271 704 1364 αύτῷ
728 1272 768 1345 τό
791 1279 947 1345 ἐλλεῖπον
969 1271 1269 1362 παρασκευάσαντι,
1292 1280 1378 1360 λέγει
1400 1271 1463 1362 γὰρ
1486 1265 1541 1344 ότι

236 1367 341 1456 ,αῦτό
369 1370 410 1442 τὸ
437 1379 568 1460 πνεῦμα
594 1391 791 1462 στεναγμοῖς
818 1370 1001 1463 ἀλαλήτοις
1026 1370 1303 1463 ὑπερεντυγχάνει
1330 1380 1381 1464 τῷ
1404 1378 1489 1461 θεῷ·
1522 1365 1540 1440 ό

237 1475 272 1540 δὲ
295 1475 444 1560 ἐρευνῶν
467 1470 528 1554 τὰς
549 1477 687 1562 καρδίας
709 1475 779 1543 οίδε
801 1481 835 1544 τί
850 1472 890 1544 τό
907 1469 1065 1562 φρόνημα
1086 1478 1148 1542 τοῦ
1162 1471 1361 1561 πνεύματος,
1386 1465 1439 1542 ότι
1453 1469 1541 1540 κατὰ

187 1586 221 1640 10
238 1569 322 1641 θεὸν
351 1567 544 1658 ἐντυγχάνει
573 1567 657 1660 ῦπέρ
689 1567 824 1661 ἀγίων.“
867 1571 908 1644 τὸ
940 1579 975 1643 δὲ
1004 1577 1042 1643 ἐν
1070 1589 1143 1652 ταῖς
1168 1577 1319 1658 καρδίαις
1345 1580 1419 1643 τῶν
1439 1598 1541 1660 μακα-

238 1677 324 1757 ρίων
350 1675 475 1756 κρᾶζον
500 1667 605 1754 ,ἀββά
632 1667 807 1761 δπατήρΗ
829 1678 1010 1761 ,,πνεῦμα,“
1032 1668 1254 1760 ἐπιστάμενον
1276 1677 1440 1760 ἐπιμελῶς
1462 1669 1542 1752 τοῦς

239 1773 275 1838 ἐν
302 1775 352 1856 τῷ
379 1766 492 1858 σκήνει
521 1771 738 1859 στεναγμούς,
765 1768 879 1857 ἀξίους
905 1768 1134 1858 τυγχάνοντας
1160 1777 1205 1853 είς
1232 1768 1273 1842 τό
1299 1777 1440 1859 βαρῦναι
1462 1769 1542 1852 τοὺς

239 1863 467 1950 πεπτωκότας
489 1862 508 1955 ή
529 1867 812 1960 παραβεβηκότας,
835 1889 1053 1959 ,στεναγμοῖς
1067 1866 1250 1958 ἀλαλήτοις
1264 1865 1543 1958 ὑπερεντυγχάνει

240 1974 290 2055 τῷ
314 1973 418 2056 θεῷ,“
439 1967 520 2048 τούς
539 1963 720 2057 ἡμετέρους
742 1969 796 2040 διὰ
819 1969 883 2059 τήν
904 1968 1037 2058 πολλήν
1055 1976 1321 2058 φιλανθρωπίαν
1341 1975 1396 2038 καί
1418 1964 1543 2056 συμπά-

190 2082 222 2135 15
240 2077 340 2136 θειαν
366 2062 610 2154 ἀναδεχόμενον
636 2069 853 2158 στεναγμούς
882 2067 968 2140 κατά
989 2073 1025 2137 δε
1047 2067 1111 2156 τήν
1133 2072 1170 2138 ἐν
1187 2065 1281 2157 αύτῷ
1305 2075 1428 2154 σοφίαν
1449 2062 1543 2156 δρῶν

241 2164 306 2253 τήν
333 2176 603 2237 ταπεινωθεῖσαν
631 2173 696 2252 ,είς
721 2174 824 2256 χοῦνα
847 2168 957 2257 ψυχήν
982 2163 1155 2256 ἡμῶνκαὶ
1177 2173 1214 2238 ἐν
1236 2175 1286 2258 τῷ
1309 2167 1440 2256 σῶματι
1461 2173 1544 2256 ,τῆς

242 2265 498 2349 ταπεινώσεως(
513 2272 770 2356 καθειργμένην,
794 2264 835 2338 οῦ
857 2287 929 2350 τοῖς
951 2273 1088 2354 τυχοῦσι
1109 2274 1346 2357 ,,στεναγμοῖς“
1367 2267 1543 2355 χρώμενον

241 2361 543 2454 ,ύπερεντυγχάνει
573 2373 624 2457 τῶ
656 2374 750 2457 θεῷίί
780 2363 867 2438 ἀλλά
898 2389 986 2438 τισιν
1016 2362 1250 2456 ,,ἀλαλήτοις,“
1277 2371 1445 2455 ἐχομένοις
1472 2374 1544 2436 τῶν

242 2459 403 2551 ἀρρήτων
419 2459 542 2552 λόγων,
566 2455 617 2534 ῶν
633 2461 694 2536 οῦκ
710 2468 801 2537 ἐστιν
816 2463 994 2556 ἀνθρῶπῳ
1012 2477 1134 2538 λαλεῖν.
1170 2473 1275 2537 τοῦτο
1291 2464 1332 2555 δή
1348 2466 1389 2538 τὸ
1404 2471 1544 2554 πνεῦμα,

191 2578 225 2632 20
243 2557 304 2632 οῦκ
338 2559 546 2653 ἀρκούμενον
579 2571 629 2654 τῷ
661 2563 874 2653 ἐντυγχάνειν
907 2573 958 2656 τῷ
985 2573 1073 2655 θεῷ,
1104 2570 1274 2636 ἐπιτεῖνον
1304 2565 1369 2655 τήν
1396 2567 1545 2650 ἔντευξιν

242 2659 570 2752 ,,ῦπερεντυγχάνει,“
597 2665 663 2753 ἐγῶ
695 2667 786 2754 οἶμαι
818 2658 873 2738 ότι
902 2671 979 2754 περὶ
1011 2672 1083 2735 τῶν
1108 2661 1388 2752 ύπερνικῶντων,
1426 2659 1546 2746 όποῖος

243 2768 377 2845 Παῦλος
405 2755 448 2850 ήν
477 2769 599 2851 λέγων·
627 2760 722 2851 ,ἀλλ’
745 2770 781 2836 ἐν
811 2763 948 2848 τούτοις
976 2771 1080 2836 πᾶσιν
1106 2761 1367 2854 ύπερνικῶμεν.“
1403 2763 1491 2847 είκός
1513 2759 1545 2833 δ’

244 2855 299 2934 ότι
321 2860 555 2950 ,,ἐντυγχάνει“
573 2859 682 2953 μόνον
703 2871 779 2952 περὶ
802 2872 875 2935 τῶν
894 2861 935 2934 ού
957 2863 1170 2953 τηλικούτων
1191 2870 1260 2951 μὲν,
1284 2862 1331 2946 ῶς
1352 2861 1546 2953 ῦπερνικᾶν,

151 3011 156 3022 ·
244 2958 284 3032 οῦ
306 2959 477 3032 τοιούτων
499 2968 534 3032 δέ
555 2960 668 3048 πάλιν,
693 2957 781 3035 ῶστε
804 2970 970 3048 νικᾶσθαι,
992 2960 1078 3034 ἀλλὰ
1100 2963 1288 3034 νικῶντων.

192 3100 226 3154 25
327 3089 354 3147 4.
387 3073 546 3166 ἐχόμενον
574 3083 609 3148 δέ
637 3085 699 3150 τοῦ
720 3086 754 3149 τί
775 3085 811 3150 δέ
834 3086 884 3149 δεῖ
903 3079 1152 3166 προσεύξασθαι
1174 3079 1284 3164 ,καθὸ
1307 3084 1358 3150 δεῖ
1376 3077 1438 3150 οῦκ
1460 3084 1548 3151 σίδα-

243 3204 314 3265 μεν,
338 3174 423 3248 ἀλλὰ
447 3176 488 3247 τὸ
509 3183 639 3266 πνεῦμα
661 3197 858 3268 στεναγμοῖς
880 3175 1064 3268 ἀλαλήτοις
1085 3176 1366 3268 ύπερεντυγχάνει
1385 3187 1436 3270 τῷ
1452 3187 1548 3270 θεοῦ(

243 3275 285 3346 τό
310 3274 553 3364 ,προσεύξομαι
579 3285 631 3368 τῷ
658 3277 837 3367 πνεύματι,
868 3276 1094 3367 προσεύξομαι
1120 3283 1155 3348 δὲ
1185 3285 1240 3348 καί
1271 3285 1323 3367 τοῦ
1346 3284 1416 3349 νοΐ·
1446 3286 1548 3364 ψαλῶ

245 3381 295 3464 τῷ
323 3374 502 3464 πνεύματι,
530 3384 631 3462 ψαλῶ
656 3381 723 3465 <δὲ>
750 3385 806 3448 καὶ
832 3383 884 3467 τῶ
912 3383 994 3447 νοί“
1037 3374 1115 3448 οῦδέ
1142 3377 1204 3466 γάρ
1235 3376 1375 3448 δύναται
1406 3373 1502 3466 ἡμῶν
1529 3371 1547 3448 ό

330 3586 348 3640 4
373 3587 437 3655 Vgl.
456 3587 532 3641 Rbm.
550 3589 574 3648 8.
593 3591 634 3643 26.
657 3619 691 3628 —
713 3589 730 3644 8
753 3589 830 3644 Ram.
848 3589 873 3650 8,
891 3590 931 3644 26.
950 3591 991 3644 27.
1015 3619 1045 3630 -
1070 3588 1107 3645 11
1132 3588 1194 3658 Vgl.
1213 3587 1274 3642 Gal.
1290 3592 1316 3656 4,
1334 3590 1358 3644 6.
1378 3619 1410 3627 -
1429 3588 1466 3644 12
1486 3587 1549 3658 Vgl.

246 3671 347 3725 Weish.
367 3671 421 3726 Sal.
439 3674 463 3737 9,
483 3675 523 3727 15.
540 3703 573 3712 -
598 3673 637 3728 18
658 3671 717 3742 Vgl.
736 3672 813 3726 Rom.
831 3673 860 3736 8,
872 3674 919 3747 126.
942 3705 975 3713 -
999 3674 1038 3730 16
1057 3673 1119 3742 Vgl.
1139 3671 1208 3727 Ρευλ.
1226 3675 1268 3737 43,
1286 3675 1326 3728 26.
1346 3703 1378 3712 -
1397 3673 1460 3743 vgl.
1479 3673 1549 3726 Phil.

245 3757 269 3818 3,
288 3757 328 3810 21.
351 3787 385 3796 -
408 3757 444 3813 17
465 3756 527 3826 Vgl.
545 3757 623 3813 Rom.
641 3757 669 3824 8,
689 3759 729 3812 26.
748 3787 780 3797 -
800 3757 837 3812 19
861 3757 1153 3826 vgl.11Kor.12,4.
1177 3787 1210 3797 -
1232 3759 1270 3813 21
1292 3758 1353 3826 Vgl.
1372 3757 1448 3812 Rom.
1466 3759 1490 3824 8,
1509 3759 1550 3813 26.

245 3871 278 3880 -
297 3841 335 3895 22
359 3841 478 3908 1161118,
499 3843 540 3896 37.
564 3871 597 3880 -
620 3841 660 3898 28
678 3841 742 3911 vgl.
760 3841 837 3896 Rom.
855 3843 879 3905 8,
897 3843 938 3897 27.
956 3873 989 3882 -
1008 3843 1046 3899 26
1070 3843 1133 3912 Vgl.
1152 3841 1228 3897 Rom.
1245 3844 1270 3910 8,
1288 3844 1328 3898 26.
1347 3872 1380 3880 -
1398 3842 1435 3897 27
1456 3843 1468 3894 Ι
1488 3842 1551 3896 Κοε.

245 3928 345 3988 14,15.

333 4087 351 4141 9
370 4077 510 4157 δρῶν-4
527 4085 604 4140 καθὸ
624 4086 677 4156 δεῖ]
696 4103 750 4140 von
768 4086 849 4155 Angl.
867 4085 922 4154 [bei
938 4086 1022 4140 DeLI
1038 4088 1117 4156 9122)
1136 4087 1236 4156 riohtig
1254 4087 1294 4140 als
1312 4086 1478 4141 Parenthese
1495 4083 1551 4138 aus·

246 4169 361 4239 gesasst3
385 4169 430 4224 die
448 4169 595 4238 aufffillige
612 4169 814 4240 Wortstellung
836 4171 910 4225 wohl
934 4188 983 4224 aus
1000 4172 1187 4242 nachlassiger
1204 4171 1443 4225 Ausdrucksweise
1461 4187 1494 4223 zu
1512 4187 1551 4222 er·

247 4255 344 4309 klitren
368 4257 372 4323 Ι
397 4255 415 4311 9
438 4252 476 4324 δέ]
500 4249 613 4323 &lieet
630 4254 711 4323 Angl.
730 4256 764 4324 (a.
782 4273 806 4309 α.
825 4255 865 4323 0.)
884 4256 956 4310 ohne
974 4256 1069 4309 Grund
1092 4259 1096 4324 Ι
1119 4255 1244 4310 4hinter
1261 4249 1338 4310 καθδ
1357 4258 1401 4311 δεῖ
1416 4262 1447 4319 -ί-
1466 4254 1553 4324 φησίν

248 4340 351 4395 Lomm.
370 4340 445 4408 (bom.
464 4339 540 4392 XVII
557 4357 582 4409 p.
600 4340 634 4394 89
652 4341 732 4392 Anm.
750 4341 774 4407 1)
793 4340 864 4393 ohne
882 4341 975 4394 Grund
996 4341 1000 4408 Ι
1022 4331 1039 4395 ό
1059 4359 1086 4395 τι
1108 4341 1231 4395 schreibe
1249 4341 1305 4404 ich,
1329 4331 1374 4395 ότι
1395 4339 1525 4407 TAusgg.
1546 4341 1548 4404 ζ

249 4427 288 4481 16
307 4423 344 4493 δὲ]
364 4419 395 4493 δή
413 4424 477 4478 11εεί
496 4424 577 4492 Angl.
596 4423 649 4491 (bei
663 4424 721 4480 Del.
734 4426 747 4478 Ι
759 4425 839 4493 9121))
858 4425 929 4478 ohne
948 4424 1043 4478 Grund
1063 4426 1067 4493 Ι
1088 4423 1125 4480 11
1149 4423 1259 4494 κράζον
1275 4424 1403 4492 ΤΑαερρ.
1420 4425 1424 4491 1
1440 4417 1513 4494 α’ββᾶ
1530 4422 1552 4473 'T

248 4515 350 4579 Ausgg.
375 4512 378 4578 Ι
405 4509 443 4565 12
471 4503 565 4574 ἀξίους
586 4505 778 4578 τυγχάνοντας
800 4507 840 4574 είς
861 4504 895 4564 τὸ
918 4509 1048 4580 βαρῦναι]
1069 4503 1122 4564 οῦκ
1139 4503 1233 4574 ἀξίους
1250 4504 1443 4579 τυγχάνοντας
1460 4505 1499 4571 είς
1516 4503 1551 4562 τό

248 4590 391 4662 θαρρῦναι
415 4596 550 4648 vermutet
571 4594 723 4660 Βεα1.(ίιεί
743 4594 802 4648 Del.
820 4595 832 4647 I
851 4595 900 4648 199
917 4597 997 4647 Anm.
1016 4594 1044 4662 b)
1062 4593 1200 4663 unriehtig
1223 4597 1227 4661 1
1250 4589 1371 4666 βαρύναι
1396 4592 1525 4662 TAusgg.
1546 4592 1549 4660 ί

251 4679 289 4733 19
309 4673 340 4746 δή
357 4678 379 4730 Τ
398 4677 426 4732 δὲ
445 4681 546 4748 Ausgg.
562 4679 566 4746 Ι
582 4679 621 4735 28
640 4677 699 4748 <δέ>
717 4679 782 4749 stige
799 4679 844 4732 ich
862 4678 913 4731 mit
929 4678 1010 4747 Angl.
1028 4680 1063 4748 (a.
1076 4697 1099 4733 a.
1113 4678 1153 4746 0,)
1171 4679 1240 4732 συσὶ]
1259 4679 1284 4732 d.
1303 4679 1335 4733 N.
1347 4678 1376 4734 T.
1395 4679 1447 4732 ein.
