3780 5532
348 503 409 568 238
890 499 1115 554 αειαενονε

348 656 570 748 αναισθήτων
602 656 806 749 άνθρῶπων
836 667 1104 752 θαυμαζομένων
1135 667 1191 730 καί
1221 666 1304 750 μηδὲ
1334 663 1652 746 φαντασιωθέντων

348 757 413 848 τὴν
439 765 539 830 θείαν
568 763 736 849 αἴσθησιν,
767 751 788 846 ᾖ
815 758 1012 834 αἰσθάνεταί
1034 791 1087 846 τις
1107 766 1193 832 θεοῦ
1215 769 1268 830 καί
1292 765 1365 830 τῶν
1388 756 1514 830 τούτου
1534 755 1651 848 άγαλ-

346 855 487 948 μάτων
507 864 571 927 καὶ
593 865 701 930 ναῶν
720 865 724 943 Ι
743 867 808 930 καὶ
828 867 989 950 βωμῶν,
1010 857 1221 950 πρεπόντων
1241 866 1322 950 θεῷ.
1672 863 1722 920 758

430 955 492 1029 οὐκ
524 964 571 1042 είς
601 957 646 1029 τὸ
676 957 823 1029 πιστὸν
853 951 917 1031 σῦν
947 957 1133 1048 άφανσῦς
1158 967 1223 1029 καὶ
1248 955 1485 1048 άπορὁτου
1505 987 1648 1032 κοινω-

313 1065 435 1142 σνίας
469 1064 526 1130 καὶ
557 1057 597 1129 τό
626 1064 766 1129 τοιοῦτο
802 1057 985 1149 σύνθημα
1021 1058 1219 1148 φεύγομεν
1248 1057 1405 1147 βωμούς
1434 1065 1498 1130 καί
1531 1055 1648 1149 άγάλ-

346 1187 449 1250 ματα
478 1163 543 1228 καί
573 1158 672 1240 νεῶς
701 1155 927 1245 ἱδρύεσθαι,
957 1155 1028 1230 ἀλλ’
1052 1154 1106 1232 ότι
1133 1154 1288 1246 εὑρόντες
1314 1157 1369 1229 διὰ
1392 1157 1457 1247 τὴν
1477 1154 1580 1248 Ἰησοῦ
1602 1167 1648 1231 δι-

347 1263 529 1330 δασκαλίαν
557 1256 620 1328 τὸν
649 1252 782 1344 τρόπον
811 1263 872 1347 τῆς
908 1261 954 1340 είς
984 1257 1025 1330 τὸ
1058 1269 1156 1330 θετον
1187 1253 1347 1342 εὐσεβείας
1377 1256 1574 1348 φεύγομεν
1605 1260 1648 1332 τὰ

347 1363 516 1448 φαντασίᾳ
538 1354 701 1443 εὐσεβείας
727 1352 852 1440 άσεβεῖς
871 1365 1042 1429 ποιοῦντα
1068 1357 1149 1440 τοῦς
1171 1363 1400 1446 ὲσφαλμένσυς
1421 1355 1489 1429 άπδ
1511 1364 1572 1448 τῆς
1594 1357 1648 1431 διά

344 1453 449 1546 Ἰησοῦ
471 1462 620 1542 Χριστοῦ
651 1451 825 1540 εὐσεβείας·
856 1451 894 1540 ός
923 1461 995 1527 ἐστι
1020 1453 1123 1546 μόνος
1155 1452 1275 1542 ,,δδὸς“
1306 1453 1477 1542 εὐσεβείας,
1508 1455 1648 1548 άληθῶς

296 1567 328 1622 10
346 1562 456 1645 λέγων
477 1551 532 1627 τό·
561 1553 648 1644 ,ίγῶ
671 1559 735 1640 είμι
758 1550 778 1643 ἡ
801 1550 880 1637 ὁδὸς
900 1563 955 1626 καὶ
978 1551 999 1646 ἦ
1020 1553 1165 1645 άλήθεια
1185 1563 1239 1626 καὶ
1263 1551 1283 1646 ἡ
1308 1553 1405 1646 ζωὴ.“
1444 1561 1446 1568 ’

427 1677 509 1742 XXI.
540 1668 677 1760 Ἰδωμεν
706 1675 742 1740 δὲ
771 1678 827 1741 καί
857 1670 900 1742 τά
929 1671 1005 1762 ἑξῆς
1027 1662 1144 1762 Κύλσφ
1176 1668 1337 1761 λεγόμενα
1366 1681 1442 1759 περὶ
1469 1680 1566 1757 θεοῦ,
1593 1683 1646 1745 καὶ

345 1769 393 1856 ῶς
418 1778 604 1862 προτρέπει
631 1766 715 1860 ἡμᾶς
741 1774 796 1841 ἐπὶ
823 1769 887 1860 τὴν
913 1780 986 1842 τῶν
1013 1769 1061 1853 ῶς
1086 1777 1147 1860 μὲν
1172 1770 1258 1860 πρὸς
1279 1767 1444 1860 ἀλήθειαν
1465 1773 1648 1845 εἰδωλοθύ

345 1901 418 1943 των
446 1879 565 1962 χρῆσιν
595 1863 630 1959 ἢ,
662 1865 704 1941 ἵν’
734 1862 849 1953 ούτως
878 1866 1051 1959 όνομάσω,
1082 1869 1371 1960 δαιμονιοθύτων,
1405 1868 1453 1954 ῶς
1483 1868 1517 1942 δ’
1545 1869 1648 1956 αὐτὸς

343 1970 610 2062 προσαγορεύσαι
636 1964 687 2056 δν,
715 1963 774 2042 άτε
800 1968 845 2059 μὴ
873 1972 984 2054 είδῶς,
1012 1977 1046 2040 τί
1072 1967 1113 2040 τὸ
1135 1965 1277 2058 άληθῶς
1298 1969 1399 2056 ἱερὸν,
1421 1979 1476 2041 καί
1498 1980 1647 2044 ποδαπαί

295 2090 326 2144 15
345 2074 379 2143 αἱ
399 2069 491 2158 παρὰ
514 2068 629 2158 τούτῳ
652 2077 778 2152 θυσίαι,
801 2067 1003 2158 ἱεροθύτων.
1046 2064 1123 2140 άδὲ
1146 2075 1242 2158 λε’γει,
1266 2067 1408 2140 τοιαῦτά
1430 2073 1535 2142 ἐστιν·
1566 2065 1647 2162 όγε

342 2169 417 2259 μὴν
444 2167 539 2252 θεὸς
565 2164 686 2240 ἅπασι
712 2167 861 2252 κοινὸς,
892 2163 1043 2258 άγαθός
1071 2196 1113 2237 τε
1143 2175 1208 2238 καὶ
1236 2164 1459 2258 ἀπροσδεὴς
1485 2175 1547 2240 καί
1574 2173 1647 2256 ἔξω

259 2281 326 2335 196ν
343 2265 516 2357 φθόνου·
545 2275 584 2338 τι’
610 2260 682 2340 οῦν
707 2266 853 2338 κωλύει
874 2273 879 2356 Ι
906 2269 1000 2351 τούς
1026 2265 1197 2358 μάλιστα
1217 2275 1559 2356 καθωσιωμένους
1581 2267 1646 2342 αὐ-

343 2375 399 2459 τῷ
429 2375 493 2439 καί
523 2373 608 2438 τῶν
630 2373 866 2457 δημοτελῶν
887 2367 1043 2456 ἑορτῶν
1062 2364 1397 2456 μεταλαμβάνειν,·
1428 2364 1491 2439 οὐκ
1513 2371 1588 2440 οίδα
1610 2374 1645 2440 δὲ

343 2477 376 2539 τί
399 2473 607 2555 φαντασθεὶς
635 2470 740 2536 σίεται
762 2461 967 2537 άκολσυθείν
989 2474 1039 2558 τῷ
1070 2465 1141 2540 τὸν
1169 2465 1267 2537 θεὸν
1295 2468 1379 2537 εἶναι
1405 2463 1644 2556 ἀγαθὸνκαὶ

291 2563 542 2656 ἳοάπροσδεῆ
571 2571 636 2637 καί
668 2568 741 2649 ἔξω
773 2561 932 2652 φθόνου
964 2564 1005 2637 τό
1038 2567 1136 2650 τοῦς
1165 2571 1501 2655 καθωσιωμένους
1532 2565 1642 2659 αὐτῷ

341 2663 662 2757 μεταλαμβάνειν
693 2672 776 2736 τῶν
806 2671 1039 2762 δημοτελῶν
1071 2669 1232 2756 ἑορτῶν.
1275 2673 1331 2737 καί
1363 2693 1448 2755 φημι
1480 2661 1534 2738 ὅτι
1565 2665 1642 2759 η’κο·

342 2765 462 2839 λούθει
485 2771 547 2854 μὲν
574 2771 626 2854 τῶ
658 2761 731 2835 τὸν
761 2763 859 2836 θεὸν
890 2766 974 2836 εἶναι
1001 2763 1156 2855 άγαθὸν
1177 2771 1241 2836 καί
1264 2761 1462 2854 άπρσσδεῆ
1483 2772 1547 2837 καὶ
1570 2769 1643 2854 ἔξω

342 2863 502 2954 φθόνου
535 2864 576 2936 τό
607 2859 726 2935 αὐτῶν
755 2870 838 2934 τῶν
866 2869 1101 2954 δημοτελῶν
1127 2863 1446 2956 μεταλαμβάνειν
1474 2867 1642 2956 ἑορτῶν,

342 2969 370 3036 εί
391 2961 611 3037 άπεδείκνυτο
631 2955 686 3036 ότι
708 2966 746 3033 αἱ
767 2969 1000 3054 δημοτελεῖς
1023 2966 1157 3053 ἑορταί
1180 2963 1281 3036 οὐδὲν
1299 2973 1360 3055 μὲν
1376 2968 1508 3053 ἔχουσιν
1523 2971 1644 3054 ἐσφαλ-

290 3077 323 3134 25
340 3071 445 3155 μένον
467 3063 536 3136 ἀπὸ
558 3070 594 3134 δε
616 3068 677 3152 τῆς
698 3069 774 3150 περὶ
796 3070 880 3134 θεοῦ
901 3071 1048 3154 θεωρίας
1070 3062 1370 3154 ίνομοθετήθησαν
1389 3061 1437 3148 ῶς
1456 3061 1643 3139 ἀκόλουθοι

341 3172 384 3254 τῇ
406 3171 452 3247 είς
474 3161 583 3236 αὐτόν
604 3166 771 3253 θεραπείᾳ
791 3169 846 3232 καί
869 3158 1022 3256 εὐσεβείᾳ.

424 3268 452 3334 εί
472 3270 590 3354 μέντοι
617 3267 655 3334 αί
677 3267 909 3351 δημοτελεῖς
930 3268 1024 3352 μέχρι
1046 3257 1214 3352 ὀνόματος
1236 3262 1370 3352 ἑορταὶ
1392 3270 1517 3354 μηδένα
1539 3262 1643 3354 λόγον

340 3365 471 3454 ἔχουσιν
493 3359 741 3445 ἀποδεικτικὸν,
766 3357 813 3442 ῶς
835 3355 1037 3448 άρμόζουσαι
1060 3369 1102 3450 τῇ
1126 3365 1170 3444 είς
1192 3362 1234 3435 τὸ
1257 3375 1354 3434 θεῖον
1375 3372 1547 3456 θεραπείᾳ,
1568 3361 1642 3436 ἀλλ’

339 3469 531 3552 ἐλέγχοιντο
568 3453 665 3532 οῦσαι
700 3456 945 3546 άναπλάσματα
982 3467 1056 3530 τῶν
1091 3455 1187 3545 ὅπως
1221 3469 1308 3533 ποτὲ
1338 3463 1433 3550 ἔτυχε
1464 3461 1518 3534 διά
1547 3494 1642 3548 τινας

288 3572 322 3627 30
338 3567 487 3652 ἱστορίας
510 3558 734 3650 ἀνθρωπικὰς
756 3565 864 3630 ταῦτα
886 3558 1198 3650 νομοθετησάντων
1219 3556 1239 3652 ἢ
1257 3569 1312 3632 καὶ
1331 3571 1548 3651 φυσιολογίας
1565 3573 1641 3652 περὶ

424 3785 463 3840 10
482 3783 543 3838 Joh.
562 3786 606 3848 14,
625 3784 649 3837 6.
667 3811 700 3821 -
720 3781 758 3837 16
780 3779 841 3850 Vgl.
859 3781 952 3848 Plato,
971 3782 1072 3836 Phadr.
1088 3782 1152 3853 Cap.
1170 3783 1260 3838 XXVI
1277 3801 1304 3852 p.
1322 3781 1493 3840 2461)-247
1506 3785 1538 3839 A.
1565 3785 1640 3838 Aris-

337 3867 643 3940 tid.‚Ap01.s.32‚2ff.
662 3866 704 3920 ed.
716 3865 864 3920 Hennecko
882 3866 948 3934 (und
967 3866 1062 3920 dessen
1077 3866 1201 3936 Register
1218 3885 1238 3922 ε.
1253 3886 1276 3920 v.
1288 3863 1359 3933 θεός
1374 3868 1477 3937 6631)
1495 3868 1550 3922 und
1569 3868 1641 3923 oben

339 3955 374 4008 VI
392 3955 433 4010 65.
452 3953 518 4007 VIII
535 3953 560 4006 2.
577 3981 611 3992 -
630 3951 667 4006 17
687 3949 749 4019 vgl.
768 3949 903 4003 Minucius
920 3949 1004 4010 Felix.
1023 3949 1152 4006 Octavius
1170 3952 1235 4024 Cap.
1253 3953 1304 4006 XII
1322 3955 1346 4006 5.

419 4155 439 4210 θ
462 4147 564 4223 Ἰησοῦ]
587 4139 624 4220 ίῧ,
642 4173 651 4207 ι
669 4151 697 4204 In
716 4149 863 4215 Οοττεείυτ,
882 4151 925 4218 ΑΙ
950 4145 1073 4222 άληθῶς]
1098 4171 1114 4221 η
1133 4170 1186 4207 von
1203 4153 1223 4206 I.
1242 4153 1275 4206 Η.
1295 4152 1478 4222 θῦετςεεοίττ,
1497 4173 1511 4220 ς
1527 4155 1556 4208 in
1574 4153 1638 4208 Cor-

334 4244 424 4295 rectur
441 4240 465 4293 A
490 4240 494 4306 Ι
518 4239 555 4294 1⁰
573 4229 589 4307 ἦ
608 4229 683 4305 δδδςΙ
702 4228 717 4304 ἢ
737 4228 785 4299 δός
802 4237 825 4288 A
849 4237 853 4302 Ι
877 4230 944 4306 ζωή]
967 4237 1035 4291 fiber
1057 4257 1073 4307 η
1092 4239 1161 4291 Acut
1179 4238 1235 4291 und
1253 4237 1350 4292 Gravis
1368 4241 1392 4292 A
1407 4239 1412 4306 Ι
1429 4238 1467 4294 14
1488 4255 1638 4308 προσαγο·

335 4321 435 4394 ρεύσαι
462 4325 490 4378 in
518 4326 755 4392 προσαγορεῦσαι
780 4337 847 4375 corr.
866 4323 889 4374 A
910 4325 914 4390 Ι
936 4323 974 4378 16
993 4314 1095 4396 τούτῳ]
1113 4328 1202 4377 τοῦτο
1223 4326 1359 4377 νεειαυίεί
1377 4322 1459 4376 θυίεί
1474 4321 1529 4390 (bei
1548 4322 1608 4376 Del.
1626 4324 1638 4376 I

335 4411 384 4465 758
402 4413 482 4464 Anm.
502 4411 529 4476 a)
553 4410 557 4476 Ι
581 4405 621 4462 2⁰
643 4405 701 4474 καί]
721 4407 750 4459 αί
768 4405 902 4468 verklebt‚
921 4407 988 4461 aber
1005 4407 1159 4461 erkennbar
1175 4411 1200 4461 A
1224 4407 1229 4475 Ι
1253 4407 1290 4462 21
1311 4401 1429 4476 ἑορτῶν]
1449 4424 1485 4478 ορ
1504 4406 1637 4470 verklebt‚

333 4495 399 4548 aber
417 4492 572 4548 erkennbar
589 4493 613 4545 A
632 4493 637 4558 Ι
658 4490 697 4545 28
721 4488 824 4560 αὐτῶν]
844 4485 948 4556 αὐτοὺς
968 4495 1103 4546 vermutet
1119 4492 1167 4547 Βο.
1186 4490 1284 4560 (Notae
1302 4509 1327 4562 p.
1345 4491 1407 4560 405)
1423 4493 1427 4559 Ι
1443 4491 1483 4546 26
1500 4489 1548 4559 είς]
1567 4509 1591 4544 ει
1609 4489 1638 4544 in

333 4579 514 4633 CorrecturA
529 4579 533 4644 Ι
549 4577 586 4632 27
606 4574 713 4644 μηδένα
731 4569 829 4644 λόγον]
848 4573 954 4643 μηδένα
973 4569 1062 4645 λόγον
1074 4593 1123 4630 aus
1134 4574 1221 4648 μηδεν
1233 4569 1343 4646 ἄλογον
1356 4593 1424 4629 corr.
1440 4578 1466 4629 A
1481 4575 1485 4642 Ι
1501 4575 1540 4629 29
1560 4568 1639 4640 δπῶς

332 4681 403 4719 ποτε
421 4667 453 4716 A.
