3780 5532
356 511 417 574 206
894 503 1123 560 ανιοεαοιικ

355 663 460 740 πάλιν
490 661 531 738 ού
563 670 613 750 δίς
644 661 721 738 οῦδὲ
752 673 825 756 τρίς
853 663 940 738 ἄλλά
971 665 1012 756 δὴ
1039 661 1205 747 πολλάκις
1236 659 1565 754 ἐπιῤῥητότατον
1591 665 1664 736 είπε

357 764 421 838 τὸν
441 761 544 856 Ἰησοῦ
572 771 669 852 βίον,
699 761 741 836 ού
769 765 851 849 στάς
875 761 955 836 καθ’
979 768 1122 837 ἕκαστον
1148 771 1221 834 τῶν
1247 768 1285 834 έν
1312 771 1362 854 τῷ
1385 771 1456 854 βίῳ
1479 759 1587 836 αύτοῦ
1607 793 1664 834 πε-

356 869 560 956 πραγμένων
574 871 630 934 καὶ
644 871 877 954 νομιζομένων
892 867 976 936 τίνω
997 859 1348 953 έπιρὁτοτάτων,
1371 866 1426 934 ἵνα
1443 860 1539 935 τοῦτ’
1555 864 1663 934 είπών

357 961 439 1052 δὸξη
464 961 509 1054 μὴ
533 958 643 1052 μόνον
663 959 916 1048 ἀναποδείκτως
937 961 1189 1052 ἀποφαίνεσθαι
1212 957 1332 1051 (ἀλλὰ)
1354 969 1410 1032 καὶ
1431 967 1600 1051 λοιδορεῖν
1622 957 1664 1034 ὃν

324 1061 419 1138 σούκ
449 1067 633 1134 ἐπίσταται
675 1066 704 1132 εί
730 1061 793 1151 γὰρ
814 1060 857 1133 τὰ
880 1067 950 1153 είδη
972 1071 1035 1135 τοῦ
1061 1059 1392 1152 έπιρρητοτάτου
1415 1069 1504 1150 βίου
1530 1066 1567 1132 ἐν
1590 1079 1664 1146 ταῖς

357 1159 518 1254 πράξεσιν
547 1157 654 1233 αύτοῦ
684 1157 872 1250 φαινόμενα
898 1158 992 1253 αύτῷ
1020 1167 1236 1251 ἐκτιθέμενος
1263 1153 1316 1252 ἦν,
1337 1155 1403 1232 κάν
1423 1157 1663 1251 ἠγωνισάμεθα

358 1260 445 1352 πρὸς
466 1260 608 1332 ἕκαστον
630 1266 704 1330 τῶν
725 1257 925 1331 δοκούντων
947 1263 1031 1333 είναι
1053 1257 1147 1352 αύτῷ
1170 1258 1516 1351 ἐπιῤῥητοτάτων.

440 1357 482 1432 τὸ
506 1363 617 1430 δὲκαὶ
643 1355 811 1448 θανάτῳ
838 1361 1031 1452 οἰκτίστῳ
1057 1366 1278 1451 κεχρῆσθαι
1304 1359 1368 1432 τὸν
1389 1357 1514 1450 Ἰησοῦν
1535 1355 1663 1432 δύναιτ’

359 1453 401 1530 άν
433 1463 588 1548 λέγεσθαι
626 1461 681 1528 καί
715 1463 791 1546 περὶ
821 1456 1030 1548 Σωκράτους
1064 1468 1119 1532 καί
1147 1467 1224 1548 περί
1246 1455 1498 1549 Ἀναξάρχου,
1524 1449 1565 1530 οῦ
1595 1457 1664 1546 πρὸ

309 1579 342 1634 10
358 1563 498 1648 βραχέας
527 1552 763 1647 ἐμνημόνευσε,
790 1564 849 1628 καὶ
879 1565 955 1646 περ)
985 1557 1101 1631 ἄλλων
1131 1564 1271 1648 μυρίων.
1318 1553 1339 1649 ἢ
1366 1564 1575 1642 οἴκτιστος
1604 1565 1666 1647 μέν

359 1662 452 1730 ἐστιν
477 1651 496 1728 ύ
521 1651 626 1746 Ἰησοῦ
654 1653 841 1740 θάνατος,
871 1653 944 1746 ούχλ
974 1665 1009 1731 δὲ
1040 1666 1096 1730 καὶ
1125 1654 1145 1731 ύ
1172 1663 1330 1744 ἐκείνων;
1354 1653 1376 1747 ἢ
1404 1653 1423 1730 ύ
1445 1663 1585 1730 ἐκείνων
1604 1663 1666 1744 μὲν

360 1753 421 1828 οῦκ
443 1760 662 1840 οίκτιστος,
685 1751 705 1828 ύ
727 1761 763 1828 δὲ
785 1762 848 1826 τοῦ
868 1752 973 1846 Ἰησοῦ
999 1763 1219 1842 οἲκτιστσς;
1248 1751 1329 1850 ὁρᾷς
1350 1749 1414 1830 σύν
1435 1765 1492 1829 καὶ
1513 1762 1665 1830 ἐνταῦθα

361 1849 414 1928 ὅτι
441 1852 568 1939 σκοπὸς
592 1846 636 1944 ἦν
662 1862 712 1946 τῷ
737 1860 856 1946 Κέλσῳ
883 1857 924 1928 τὸ
951 1863 1235 1947 διαλοιδορεισθαι
1261 1855 1347 1945 πρὸς
1375 1855 1439 1929 τὸν
1458 1854 1594 1946 Ἰησοῦν,
1616 1884 1665 1927 κι-

360 1961 514 2047 νουμένῳ
543 1955 635 2045 οἶμαι
660 1949 730 2026 ύπύ
758 1983 853 2039 τινος
878 1956 1121 2048 πνεύματος,
1147 1962 1403 2040 καταλυθέντος
1428 1953 1496 2029 ύπὸ
1522 1962 1586 2028 τοῦ
1610 1952 1665 2045 Ἰη-

310 2073 342 2128 15
361 2061 422 2128 σσῦ
447 2059 503 2128 καὶ
530 2060 813 2144 καθαιρεθέντος,
837 2059 891 2128 ἵνα
912 2063 1032 2147 μηκέτι
1054 2059 1110 2146 ἔχη
1132 2062 1267 2140 κνίσσας
1287 2065 1344 2126 καὶ
1366 2060 1499 2145 αίματα,
1521 2056 1572 2139 οἷς
1593 2083 1666 2143 τρε-

361 2151 513 2244 φόμενον
543 2149 657 2244 ἠπάτα
691 2153 771 2238 τούς
801 2157 838 2226 ἐν
867 2176 940 2240 τοῖς
969 2161 1025 2228 ἐπὶ
1055 2163 1115 2247 γῆς
1145 2151 1340 2246 ἀγάλμασι
1367 2162 1555 2244 ζητοῦντας
1579 2153 1666 2226 θεὸν

360 2263 416 2326 καὶ
436 2251 482 2344 μὴ
503 2248 758 2338 άναβλέποντας
780 2259 826 2338 είς
847 2254 911 2327 τὸν
932 2261 986 2328 ἐπὶ
1007 2262 1110 2328 πᾶσιν
1131 2251 1272 2344 άληθῶς
1291 2251 1385 2326 θεόν.

442 2373 538 2442 LVII.
557 2377 561 2456 Ι
581 2368 658 2444 Εἶθ’
681 2373 694 2441 ὲ
716 2378 755 2462 ῆς
785 2367 929 2460 ούσπερεὶ
956 2371 1086 2444 σκοπὸν
1113 2375 1199 2461 ἔχων
1225 2371 1266 2444 τὸ
1294 2377 1513 2462 συμπληροῦν
1536 2377 1667 2456 βιβλίον
1687 2385 1737 2439 735
1825 2423 1833 2442 .

363 2469 521 2560 ἐβούλετο
543 2465 629 2560 ἡμᾶς
649 2477 781 2561 μᾶλλον
802 2469 865 2543 τὸν
885 2467 1019 2544 Ἰωνᾶν
1045 2481 1178 2558 νομίσαι
1205 2470 1302 2543 θεὸν
1327 2467 1414 2561 η”περ
1436 2467 1570 2561 Ἰησοῦν,
1591 2466 1666 2540 Ἰω-

312 2585 346 2640 20
363 2576 444 2658 νῦν,
467 2567 530 2641 τὸν
550 2571 742 2662 κηρύξαντα
763 2568 944 2660 μετάνοιαν
965 2577 1023 2664 μιᾷ
1044 2569 1143 2643 πόλει
1164 2579 1208 2660 τῇ
1230 2570 1365 2661 Νινευὴ,
1387 2577 1586 2660 προκρίνων
1607 2565 1666 2658 Ἰη-

362 2675 432 2754 σοῦ,
463 2675 526 2740 τοῦ
550 2670 758 2760 κηρύξαντος
783 2669 966 2759 μετάνοιαν
993 2665 1063 2760 ῦλῳ
1091 2679 1143 2762 τῷ
1169 2667 1284 2761 κόσμῳ
1311 2680 1367 2742 καὶ
1388 2677 1518 2759 μᾶλλον
1538 2673 1668 2740 ἐκείνου

364 2766 559 2852 ἀνύσαντος.
594 2779 651 2842 καὶ
672 2768 736 2842 τὸν
756 2775 817 2859 μἐν
834 2777 892 2857 ,έν
915 2779 957 2860 τῇ
978 2777 1090 2864 κοιλίη
1111 2777 1175 2842 τοῦ
1195 2768 1341 2861 κήτουςα
1363 2777 1550 2858 τεραστίως
1570 2766 1668 2858 ποιή-

364 2891 471 2940 σαντα
492 2875 545 2939 καί
569 2866 771 2956 παραδόξως
791 2889 902 2960 ,τρεῖς
924 2869 1046 2961 ἡμέρας
1067 2877 1123 2942 καί
1139 2889 1230 2958 τρεῖς
1245 2869 1388 2953 νύκτας“
1406 2866 1565 2953 ἐβούλετο
1583 2864 1668 2958 ἡμᾶς

366 2963 588 3058 άναγορεῦσαι
608 2967 720 3052 θεὸν,
743 2969 807 3041 τὸν
828 2967 862 3039 δ)
879 2966 1127 3058 ἀναδεξάμενον
1148 2966 1234 3058 ύπὲρ
1256 2966 1458 3058 ἀνθρώπων
1479 2964 1669 3039 άπσθανεῑν

312 3079 346 3136 25
365 3063 427 3138 ούκ
457 3063 563 3156 ἤθελε
586 3074 721 3154 Κέλσος,
751 3069 1027 3160 μαρτυρούμενον
1057 3063 1126 3142 ύπὸ
1158 3076 1223 3140 τοῦ
1252 3076 1337 3140 θεοῦ
1363 3068 1417 3140 διὰ
1444 3075 1516 3138 τῶν
1537 3095 1670 3156 προφη-

366 3175 448 3253 τῶν,
480 3163 577 3252 ἄξιον
608 3171 692 3240 είναι
724 3175 784 3258 τῆς
814 3167 1070 3258 δευτερευούσης
1094 3168 1178 3257 μετὰ
1205 3169 1270 3241 τὸν
1296 3167 1381 3240 θεὸν
1405 3176 1480 3240 τῶν
1501 3161 1605 3251 ὅλων,
1627 3162 1669 3236 δι’

366 3264 387 3337 ἃ
413 3271 570 3356 ἐποίησεν
596 3271 634 3339 έν
658 3264 793 3360 σύρανῴ
815 3275 869 3338 καὶ
897 3274 951 3340 ἐπὶ
973 3275 1033 3358 γῆς
1055 3263 1351 3358 άνδραγαθὴματα,
1374 3273 1480 3357 τιμῆς·
1522 3275 1578 3337 καὶ
1599 3263 1670 3337 Ἰω-

366 3373 436 3450 νᾶς
467 3371 536 3456 μὲν,
568 3372 622 3439 ίνα
648 3366 693 3458 μὴ
724 3365 851 3456 κηρύξη
878 3368 920 3440 τὸ
946 3371 1242 3456 προστεταγμένον
1268 3363 1339 3439 ύπό
1367 3373 1429 3436 τοῦ
1450 3372 1547 3450 θεοῦ,
1574 3393 1670 3438 κατε·

452 3572 468 3626 1
493 3569 556 3642 Vgl.
574 3572 647 3627 oben
663 3571 677 3625 1
693 3572 738 3637 62,
757 3571 770 3625 1
788 3572 837 3626 113
855 3571 881 3626 Ζ.
898 3572 923 3627 8.
946 3571 985 3625 ΙΙΙ
1003 3573 1049 3634 50,
1067 3571 1080 3624 l
1097 3571 1148 3626 246
1165 3570 1191 3624 Ζ.
1209 3573 1234 3627 8.
1261 3602 1294 3612 -
1322 3571 1360 3627 19
1379 3525 1443 3640 vg'l.
1460 3569 1532 3624 Jonn
1549 3573 1573 3635 3,
1590 3573 1615 3625 4.
1638 3599 1671 3609 -

368 3655 407 3710 22
426 3673 451 3708 ιι.
470 3656 508 3713 27
529 3655 591 3725 vgl.
608 3656 681 3711 Jona
697 3657 721 3719 2,
740 3659 763 3710 1.

450 3825 471 3881 4
489 3819 593 3898 (ἀλλὰ)
613 3826 677 3894 fflge
695 3825 741 3878 ich
757 3825 811 3878 mih
827 3825 874 3878 M²
891 3841 917 3878 u.
936 3823 990 3878 don
1008 3825 1110 3894 Aungg.
1127 3823 1172 3878 ein
1187 3825 1221 3892 13
1244 3817 1322 3898 αύτῷ
1345 3820 1580 3898 ἑπιρρητοτύτων
1596 3824 1672 3878 loson

367 3909 414 3964 Bo.
437 3911 534 3980 (Notae
551 3929 577 3982 p.
594 3910 657 3978 403)
679 3927 705 3963 u.
723 3909 792 3972 Del..
815 3905 892 3983 αύτηλ
915 3903 1146 3980 έιιιῤῥητότατον
1167 3909 1388 3980 ΜωπΉδθρ,
1411 3902 1501 3965 αύτδν
1522 3903 1673 3981 έκιρρητύ·

367 4013 456 4051 τατον
476 3998 501 4049 Α
524 3998 528 4065 Ι
553 3997 572 4052 θ
600 3985 661 4067 πρά
680 3993 742 4064 [εο],
767 4011 813 4048 am
829 3993 925 4048 Raude
948 3993 1296 4056 ο1σ51ε,τιο1πεσίιείο11ο1ι
1318 3993 1370 4049 soll
1389 3994 1438 4048 dor
1454 3996 1559 4049 Acuent
1575 3993 1675 4064 getilgt

368 4081 486 4148 werden,
503 4083 529 4135 A
548 4083 552 4150 Ι
572 4081 612 4136 20
631 4084 724 4148 νινευῆ
741 4075 867 4134 Ανινευῒ
879 4077 1016 4148 MAusgg.
1040 4079 1045 4148 )
1068 4077 1108 4133 22
1126 4071 1298 4148 ποιήσαντα]
1321 4095 1401 4133 wenn
1423 4078 1494 4132 auch
1512 4085 1606 4134 ποιεῖν
1624 4079 1675 4133 mit

369 4168 433 4220 Ααα.
450 4168 533 4235 temp.
552 4165 710 4220 verbunden
729 4167 772 4230 (--=
791 4163 945 4230 vorweilon,
963 4163 1018 4231 vgl.
1038 4182 1061 4219 z.
1078 4163 1108 4217 B.
1127 4165 1188 4219 Aet.
1208 4165 1247 4226 15,
1266 4163 1307 4216 33.
1334 4163 1374 4226 18,
1393 4163 1434 4218 23.
1458 4163 1499 4227 20,
1517 4166 1541 4218 3.
1567 4165 1591 4217 ΙΙ
1610 4163 1674 4217 Kor.

370 4252 410 4316 11,
429 4249 472 4316 25)
489 4250 550 4304 hier
567 4250 646 4305 einen
664 4253 748 4318 guten
767 4248 833 4302 Sinn
850 4248 939 4318 ffi'ebt,
958 4263 988 4301 εο
1006 4248 1110 4303 Ιτδοοίε
1128 4265 1192 4302 man
1211 4247 1282 4301 doeh
1299 4245 1510 4322 vielleichmit
1527 4246 1676 4300 Ruckoieht

370 4335 420 4388 auf
429 4335 483 4389 don
496 4333 881 4402 Gedankenzusammenhang
897 4350 933 4387 an
951 4331 1012 4386 eine
1023 4319 1174 4400 Rudemng
1191 4331 1221 4384 in
1232 4326 1380 4404 βιώσαντα
1393 4331 1470 4398 (oder
1480 4327 1674 4398 πνεύσανταλ)

371 4418 491 4485 denkon,
518 4418 555 4472 δα
571 4419 701 4488 Origenes
728 4415 789 4470 dom
815 4417 1014 4472 wunderbaren
1037 4417 1246 4472 Weiterleben
1272 4415 1320 4470 des
1337 4414 1421 4470 Jonas
1447 4415 1501 4468 den
1521 4413 1588 4468 ‘rod
1611 4413 1677 4469 Jesu

371 4494 453 4574 (ύιιὲρ
466 4497 631 4574 ἀνθρώπων
642 4496 803 4556 οίιισθανεΐν
819 4500 845 4555 Ζ.
858 4501 902 4569 24)
919 4501 1153 4570 gegenssbembollt
1166 4503 1171 4570 Ι
1187 4502 1226 4558 28
1246 4515 1295 4554 vor
1309 4493 1358 4554 ἵνα
1371 4501 1507 4554 vermutet
1520 4499 1568 4554 130.
1581 4497 1678 4567 (Notae

371 4605 396 4657 p.
414 4589 483 4655 403),
501 4587 564 4640 dem
581 4587 640 4641 Del.
654 4586 674 4654 (1
688 4587 737 4639 735
749 4587 830 4638 Anm.
843 4586 869 4654 ο)
887 4585 967 4654 40131,
985 4587 1039 4640 den
1056 4585 1165 4640 Aunsall
1184 4586 1258 4640 eines
1271 4584 1388 4651 woden,
1406 4584 1459 4638 wie
1477 4603 1499 4638 τ.
1514 4584 1543 4638 Β.
1557 4577 1677 4654 φεύγων,

372 4672 444 4725 nach
461 4673 532 4726 ίοιω.
549 4673 572 4738 1,
591 4673 615 4726 3.
