3718 5506
622 478 1069 536 mmufflmrvfflffl
1348 505 1359 514 ·
1449 489 1489 551 η

180 646 282 712 νειῶν
314 635 376 730 σῦχ
407 635 475 712 ῦπό
505 637 794 732 ἀγαλματοποιῶν
823 637 941 728 μόνων
966 638 1273 728 κατασκευάζεσθαι
1299 639 1381 726 θεὸς
1403 639 1490 714 ἀλλὰ

179 747 233 810 καί
259 735 328 810 ῦπὸ
353 735 476 830 μάγων
501 748 557 812 καί
579 748 768 830 φαρμακῶν
794 747 849 812 καί
872 749 945 812 τῶν
966 745 1112 830 ἐπῳδαῖς
1134 737 1251 813 αὐτῶν
1273 748 1491 832 κηλουμένων

181 835 363 928 δαιμόνων.

263 959 408 1026 xxm
444 953 518 1044 Χρὴ
544 943 609 1027 οῦν
634 965 747 1045 ζητεῖν
770 954 810 1027 τὸ
833 950 1053 1076 αρμοςόντως
1074 961 1127 1047 τῷ
1151 964 1278 1048 λογικῷ
1299 965 1355 1028 καὶ
1378 953 1490 1078 ἡμέρῳ

149 1075 165 1123 Γ)
183 1055 262 1144 ζῴῳ
292 1061 350 1126 καί
381 1061 627 1143 λελογισμένως
654 1052 769 1127 πάντα
798 1052 992 1146 πράττοντι
1020 1053 1158 1145 βρωτὸν
1188 1065 1244 1128 καί
1274 1055 1315 1129 οῦ
1344 1055 1490 1146 βρωτὸν,

182 1127 235 1224 κόί
264 1152 311 1243 μὴ
341 1152 430 1226 κατὰ
461 1149 702 1244 όποκλὴρωσιν
733 1159 863 1240 σέβειν
894 1149 955 1238 ὄϊς
985 1149 1006 1244 ἢ
1038 1149 1199 1243 αίγας”
1179 1185 1200 1244 η
1232 1156 1293 1240 τὰς
1324 1163 1491 1246 θηλείας

181 1259 283 1336 βοῦς.
323 1259 381 1324 καί
415 1251 553 1326 τούτων
583 1257 644 1374 μὲν
678 1250 897 1342 ἀπέχεσθαι
931 1260 1084 1342 μέτριον,
1115 1254 1205 1326 πολῦ
1235 1258 1298 1346 γὰρ
1327 1253 1491 1344 γρὴσιμσν

180 1349 249 1424 ιίπό
281 1351 422 1424 τούτων
453 1359 526 1424 τῶν
555 1352 658 1444 ζῴων
689 1350 889 1442 ἀνθρώποις
913 1361 1054 1441 γίνεται·
1083 1351 1124 1424 τὸ
1147 1358 1183 1424 δὲ
1204 1360 1260 1426 καί
1290 1359 1492 1444 κροκοδεί·

182 1463 264 1522 λων
286 1457 476 1540 φείδεσθαι,
502 1458 558 1524 καί
584 1454 670 1524 εἶναι
695 1453 806 1543 ίεροῦς
830 1449 956 1535 αῦτοῦς
981 1449 1044 1523 οῦκ
1065 1453 1141 1523 οίδα
1163 1459 1258 1537 τίνος
1278 1462 1491 1543 μυθολογου-

135 1569 165 1620 ίσ
180 1558 286 1640 μένου
313 1557 413 1634 θεοῦ,
443 1559 519 1634 πῶς
547 1550 609 1624 οῦκ
639 1555 710 1624 ἔστι
739 1549 883 1624 πάντων
912 1547 1163 1641 ἡλιθιαίτατον;
1192 1549 1325 1642 σφόδρα
1351 1553 1414 1642 γὰρ
1440 1557 1492 1641 έμ·

181 1647 388 1740 βροντήτων
417 1654 488 1722 ἐστὶ
519 1649 560 1722 τό
590 1655 766 1738 φείδεσθαι
788 1650 889 1740 ζῴων
911 1647 953 1720 ου’
974 1656 1187 1739 φειδομένων
1208 1658 1263 1722 καὶ
1285 1656 1493 1741 περιέπειν

183 1756 255 1840 ζῷα
291 1747 501 1840 ἀνθρώπους
535 1750 829 1840 καταθοινοόμενα.
876 1746 964 1821 ἀλλὰ
997 1755 1116 1839 Κέλσῳ
1152 1747 1329 1840 ἀρέσκουσι
1363 1758 1425 1841 μέν
1460 1755 1492 1822 οί

182 1847 271 1920 κατά
300 1877 379 1920 τινα
412 1845 564 1938 πάτρια
594 1856 881 1938 κροκοδείλους
912 1855 1100 1933 σέβοντες
1129 1856 1185 1921 καί
1212 1857 1491 1938 περιέποντες,

183 1957 239 2019 καί
275 1943 383 2032 οῦδείς
418 1945 519 2036 λόγος
553 1945 627 2022 κατ’
658 1953 800 2020 ἐκείνων
833 1944 929 2038 αῦτῴ
962 1955 1159 2037 γέγραπται·
1197 1957 1319 2038 ψεκτοί
1353 1943 1386 2018 δ’
1410 1950 1492 2020 είναι

134 2065 165 2116 15
185 2053 369 2132 φαίνονται
406 2053 659 2136 Χριστιανοὶ,
696 2047 760 2138 τὴν
788 2054 910 2119 κακίαν
943 2045 1227 2136 βδελύσσεσθαι
1260 2044 1493 2136 διδασκόμενοι

184 2155 241 2216 καὶ
269 2147 312 2216 τὰ
333 2141 401 2218 ἀπὸ
423 2153 541 2230 κακίας
567 2149 645 2237 ἔργα
667 2151 904 2234 ἐκτρέπεσθαι,
927 2146 992 2236 τὴν
1019 2143 1050 2217 δ’
1072 2143 1198 2237 ἀρετὴν
1220 2155 1350 2232 σέβειν
1367 2153 1423 2218 καί
1445 2175 1493 2218 τι·

183 2253 252 2334 μᾶν
281 2275 331 2328 ως
359 2241 427 2316 ῦπό
456 2251 519 2317 τοῦ
547 2253 632 2318 θεοῦ
659 2250 884 2368 γεγενημένην
909 2253 966 2316 καί
996 2237 1102 2317 οὖσαν
1127 2248 1203 2318 υἱὸν
1228 2251 1321 2318 θεοῦ.
1364 2241 1406 2317 οῦ
1432 2246 1494 2335 γὰρ

184 2344 276 2432 παρὰ
299 2343 341 2416 τὸ
363 2341 558 2433 θηλυκὸν”
539 2373 646 2435 ονομα
666 2351 722 2416 καί
746 2352 789 2434 τῇ
812 2341 907 2416 οῦσία
929 2341 1101 2434 θήλειαν
1122 2351 1302 2434 νομιστέον
1324 2347 1409 2418 εἶναι
1431 2344 1496 2434 τὴν

184 2449 311 2532 σοφίαν
332 2449 388 2515 καί
410 2441 476 2534 τὴν
496 2435 767 2534 δικαιοσύνην,ο
747 2473 833 2534 απερ
859 2439 940 2515 καθ’
962 2439 1047 2532 ἡμᾶς
1068 2439 1202 2516 ἐστιν’
1183 2473 1202 2516 ο
1224 2442 1295 2528 υίὸς
1317 2451 1381 2516 τοῦ
1401 2449 1495 2528 θεοῦ,

134 2561 167 2613 2¹⁸·
187 2575 236 2628 ως
270 2538 290 2615 ό
324 2539 462 2634 γνήσιος
490 2540 598 2614 αῦτοῦ
632 2543 791 2634 μαθητὴς
820 2548 1007 2632 παρέστησε
1037 2548 1148 2632 λέγων
1178 2550 1254 2632 περὶ
1281 2540 1402 2615 αῦτοῦ·
1438 2539 1495 2628 „dg

185 2640 333 2732 ἐγενήθη
364 2650 468 2730 σοφία
498 2637 576 2732 ἡμῖν
600 2640 669 2714 ιίπό
695 2649 780 2715 θεοῦ
805 2641 999 2731 δικαιοσύνη
1020 2668 1057 2713 τε
1077 2637 1176 2712 καί“
1155 2641 1316 2732 αγιασμός
1336 2639 1434 2714 καί’
1414 2671 1495 2714 απο·

189 2741 385 2830 λῦτρωσιςίί
427 2771 491 2814 καν
517 2740 676 2830 δεύτερον
703 2733 767 2814 οῦν
794 2749 944 2830 λέγωμεν
970 2739 1064 2825 θεὸν,
1091 2735 1282 2814 ίστωσαν“
1264 2771 1319 2814 οτι
1341 2741 1404 2814 τὸν
1427 2740 1497 2812 δεῦ-

188 2869 289 2930 τερον
316 2837 402 2912 θεὸν
428 2837 492 2912 οῦκ
517 2836 602 2912 ἄλλο
629 2871 663 2914 τι
689 2848 828 2931 λέγομεν
855 2833 875 2929 ἢ
899 2838 963 2928 τὴν
984 2840 1199 2930 περιεκτικὴν
1220 2850 1341 2914 πασῶν
1363 2838 1498 2928 ἀρετῶν

187 2937 314 3030 ἀρετὴν
335 2945 391 3010 καί
413 2937 477 3010 τόν
497 2940 712 3028 περιεκτικόν
732 2937 864 3022 παντὸς
886 2935 1089 3011 οὑτινοσοῦν
1111 2936 1215 3029 λόγου
1235 2947 1308 3012 τῶν
1328 2939 1416 3012 κατὰ
1436 2939 1497 3027 φῦ-

137 3051 171 3106 25
188 3065 242 3110 σιν
277 3047 335 3110 καί
371 3046 636 3128 προηγουμένως
667 3045 900 3130 γεγενημένων
928 3047 983 3108 καί
1013 3040 1058 3120 είς
1085 3036 1247 3128 χρήσιμον
1278 3047 1342 3111 τοῦ
1367 3037 1498 3120 παντὸς

191 3136 307 3230 λόγον·
345 3133 465 3211 ὅντινα
501 3145 544 3226 τῇ
579 3133 684 3228 Ἰησοῦ
710 3135 854 3228 μάλιστα
882 3140 973 3228 παρὰ
1003 3145 1116 3210 πᾶσαν
1141 3138 1254 3228 ψυχὴν
1284 3145 1375 3226 ψυχῇ
1401 3134 1498 3227 φ’κει·

191 3247 303 3311 ὧσθαι
325 3244 382 3310 καί
405 3233 560 3328 ἡνῶσθαί
582 3265 702 3326 φαμεν,
728 3235 837 3328 μόνου
859 3243 996 3322 τελείως
1017 3244 1166 3326 χωρῆσαι
1188 3243 1413 3327 δεδυνημένου
1435 3235 1499 3326 τὴν

279 3473 1112 3544 ηηηωιπεωαα-ωιωαω

278 3693 297 3748 2
321 3687 417 3748 αιίτιῦν
438 3693 547 3763 Sp.Del.
566 3693 602 3746 im
622 3692 704 3758 Text,
722 3688 821 3758 αὐτοῖς
835 3693 886 3747 Ηῠ.
906 3711 950 3746 am
970 3692 1061 3758 Rand,
1086 3685 1184 3755 αὐτοῖς
1200 3689 1257 3744 und
1276 3683 1375 3755 αὐτοῖς
1392 3689 1436 3760 Sp.
1454 3707 1499 3744 am

194 3777 284 3840 Rand;
298 3771 398 3842 αὐτοῖς
410 3777 489 3832 Ano.
501 3777 540 3831 im
551 3777 620 3832 Τεῐί
634 3781 639 3846 )
653 3775 847 3846 κηλουμένων]
861 3776 1049 3846 καλουμένων
1062 3777 1136 3846 vsp.
1149 3775 1186 3828 im
1198 3773 1274 3838 Τειί,
1286 3773 1338 3828 Eo.
1351 3791 1396 3828 am
1408 3773 1499 3836 Rmd3

193 3859 382 3930 καλουμένων
399 3861 455 3915 und
471 3859 657 3931 κηλουμένων
678 3861 722 3932 Sp.
738 3877 784 3915 am
806 3861 886 3916 Rand
905 3862 948 3930 18
975 3856 1128 3929 δαιμόνων]
1150 3859 1288 3926 δαίμονας
1305 3857 1348 3929 Sp.
1367 3858 1404 3912 im
1423 3859 1499 3924 Text,

194 3939 338 4014 δαιμόνων
355 3945 398 4016 Sp.
417 3963 463 4000 κιο
480 3944 561 4000 nand
584 3949 589 4010 Ι
612 3945 631 4001 4
649 3937 695 4015 τό]
712 3945 741 4002 τί
761 3948 900 4000 τειιιιιιλειι
921 3945 969 4000 Bo.
987 3944 1084 4011 (Notae
1102 3963 1128 4015 p.
1146 3945 1206 4012 391)
1223 3961 1250 3999 u.
1269 3942 1352 3998 Guiet
1369 3942 1423 4012 (bei
1442 3942 1501 3996 Del.

197 4031 206 4082 1
224 4031 275 4084 608
292 4031 373 4084 Αιιιιι.
392 4031 417 4094 α)
436 4029 508 4084 ohne
525 4029 621 4084 Grund
644 4031 649 4098 1
673 4031 692 4086 θ
715 4020 832 4098 θηλείας
850 4029 897 4099 [so]
916 4030 941 4084 A
960 4031 965 4097 1
986 4029 1025 4084 18
1046 4031 1174 4098 θηλεῖαν,
1198 4028 1269 4084 doeh
1287 4027 1374 4082 Rasur
1391 4025 1459 4082 tiber
1477 4045 1501 4094 η,

197 4119 218 4168 A
235 4152 238 4175 .
254 4113 292 4170 21
312 4109 452 4182 ἐγεννήθη
468 4117 493 4168 Δ
507 4115 512 4182 Ι
527 4113 567 4170 22
577 4114 610 4170 ίί.
628 4131 673 4167 σω
685 4113 765 4168 Ιίειιιί
784 4129 836 4168 τοο
854 4115 878 4168 Δ
896 4114 969 4168 steht
985 4113 1030 4168 ein
1047 4112 1186 4179 Scholion,
1204 4113 1253 4166 das
1272 4127 1326 4165 von
1343 4110 1500 4166 demselben

196 4197 338 4252 Schreiber
355 4197 491 4266 λιοιτίίίιτί,
513 4199 561 4252 τίει·
583 4198 628 4252 die
650 4197 720 4252 oben
744 4197 767 4252 V
786 4199 826 4264 12,
844 4197 869 4252 S.
883 4201 915 4254 14
933 4197 960 4253 Ζ.
978 4200 1002 4260 3,
1025 4197 1081 4250 und
1099 4197 1123 4250 V
1143 4199 1183 4262 16,
1201 4195 1226 4252 S.
1240 4199 1273 4252 18
1295 4195 1322 4249 Ζ.
1337 4199 1360 4258 1,
1379 4194 1501 4249 οτιιθίια·

196 4292 239 4338 ten
262 4281 426 4336 Βουδιιοίειι
452 4283 630 4352 ςεεοίιτίείιευ
652 4283 703 4336 hat
728 4283 794 4352 (ng.
812 4282 919 4337 meino
946 4280 1298 4349 ,,Τειίίίί)ει11οίειιιος“8.
1317 4281 1351 4334 42
1367 4282 1449 4334 Anm.
1467 4281 1502 4344 1),

197 4367 250 4420 und
268 4383 297 4421 ιο
315 4366 416 4422 ίιιυλείε
435 4363 464 4422 1
482 4363 512 4422 αἱ
530 4373 580 4436 τῆς
598 4373 650 4436 σῆς
668 4365 780 4435 σοφίας.
816 4362 952 4434 οίόμενος
973 4357 1031 4437 γὰρ
1056 4361 1145 4436 ἑτέρω
1169 4359 1384 4431 α’νασκευόζειν,
1417 4354 1503 4426 αιίιός

198 4469 245 4520 της
262 4445 473 4520 αόῐοιίληθείας
490 4447 558 4506 ἐκπέ
545 4448 718 4521 έπταικ<ας)
737 4445 769 4504 έν
787 4442 830 4514 οίς
851 4469 906 4520 γαρ
929 4453 969 4504 τῶ
987 4449 1091 4504 κελσίω
1109 4443 1247 4504 δυτίκεισε
1265 4449 1294 4502 d*
1281 4467 1310 4502 α
1328 4466 1381 4516 την
1398 4449 1502 4502 πολλυ-

198 4534 286 4598 θείκν,
305 4527 427 4606 λσχυρός
447 4529 534 4590 ἐν’
497 4541 567 4604 αντη
585 4529 751 4606 κεκρότησε.
788 4529 839 4590 τόν
857 4526 1047 4604 ὁμοσῦ<σιον>
1067 4553 1123 4604 γαρ
1141 4539 1183 4588 τιῦ
1201 4541 1253 4602 ιῖρι
1271 4527 1411 4600 θίέιεμε<ς
1413 4531 1426 4602 >
1445 4525 1499 4586 δεέ·

198 4639 281 4692 τερον
298 4615 458 4688 ὀνομάσας.
