3790 5526
686 450 783 504 ΚΑΤΑ
808 449 969 506 ΚΕΛΣΟΥ
990 451 1032 510 vl
1053 452 1095 505 45.
1112 451 1154 506 46.
1506 455 1563 516 117

260 607 355 700 μήσει
376 618 431 682 καί
453 607 539 682 πότε
560 618 611 702 τῷ
635 617 721 700 γένει
742 620 817 685 τῶν
838 610 1040 703 ἀνθρώπων
1061 619 1117 684 καί
1143 611 1196 684 διά
1219 619 1265 685 τί·
1291 617 1347 681 καί
1375 603 1439 700 ῦρα
1466 615 1494 682 εί
1519 607 1564 699 μή

261 706 450 797 σεμνότατα
475 719 552 802 περὶ
580 711 717 783 τούτων
747 708 766 784 ό
799 720 932 798 Παῦλος
958 719 1131 786 ἐκτίθεται
1156 719 1212 783 καί
1240 708 1301 783 οῦκ
1323 707 1427 796 ἀξίως
1447 707 1565 799 χλεύης

260 807 354 893 τινὸς
375 805 440 881 κάν
466 815 651 902 ἐλαχίστης·
679 817 806 901 [XLVI]
842 819 928 904 λέγει
959 819 994 886 δὲ
1024 806 1147 896 οῦτως·
1178 814 1383 902 ,ἐρωτῶμεν
1413 815 1448 880 δὲ
1469 805 1563 898 ῦμᾶς,

259 907 409 997 ἀδελφοὶ,
431 907 516 999 ῦπὲρ
539 917 599 1001 τῆς
621 920 806 1001 παρουσίας
828 919 891 983 τοῦ
915 921 1034 1002 κυρίου
1056 908 1153 1002 ἡμῶν
1178 907 1281 1003 Ἰησοῦ
1304 913 1485 999 ΙΧριστοῦ)
1507 915 1564 978 καί

224 1005 356 1099 δῆμεῦν
377 1015 632 1101 ἐπισυναγωγῆς
653 1008 706 1082 ἐπ’
728 1008 842 1098 αῦτὸν,
866 1016 911 1097 είς
933 1010 974 1083 τῦ
996 1011 1040 1102 μή
1063 1018 1269 1102 σαλευθῆναι
1294 1007 1378 1097 ῦμῦς
1405 1005 1473 1079 ἀπὸ
1501 1012 1563 1078 τοῦ

257 1111 339 1194 νοὸς
359 1115 442 1200 μηδὲ
465 1119 653 1196 θροεῖσθαι,
674 1108 759 1202 μήτε
781 1112 835 1184 διά
862 1111 1053 1202 πνεύματος
1079 1109 1162 1202 μήτε
1189 1109 1243 1182 διὰ
1270 1106 1374 1198 λόγου
1398 1105 1482 1198 μήτε
1508 1105 1562 1178 διὰ

257 1211 437 1300 ἐπιστολῆς
465 1206 513 1292 οῦς
540 1205 581 1280 δι’
608 1205 714 1300 ήμῶν,
742 1209 790 1296 αλς
817 1205 871 1285 ότι
892 1217 1072 1302 ἐνέστηκεν
1097 1208 1118 1301 ή
1141 1208 1245 1302 ἡμέρα
1267 1217 1330 1282 τοῦ
1351 1213 1476 1298 κυρίου.
1518 1203 1562 1296 μή

258 1337 310 1393 τις
330 1305 414 1398 ῦμάς
440 1307 633 1400 ἐξαπατήσῃ
659 1310 746 1382 κατά
772 1318 898 1402 μηδένα
924 1309 1063 1400 τρόπον,
1092 1305 1155 1396 ότι,
1183 1310 1242 1382 ἐὰν
1263 1309 1308 1400 μή
1331 1312 1415 1396 ἐλθη
1437 1302 1458 1396 ή
1479 1302 1562 1377 ἀπο-

257 1416 376 1479 στασία
397 1417 541 1498 πρῶτον
562 1418 618 1482 καὶ
644 1407 875 1500 ἀποκαλυφθῇ
903 1407 921 1482 δ
948 1408 1135 1502 ἄνθρωπος
1161 1417 1221 1502 τῆς
1246 1405 1418 1497 ἁμαρτίας,
1446 1401 1464 1478 ὁ
1490 1403 1563 1488 υίὸς

206 1527 240 1582 10
256 1514 318 1598 τῆς
339 1505 517 1593 ἀπωλείας,
541 1504 560 1580 ῦ
582 1506 811 1601 ἀντικείμενος
836 1521 892 1583 καὶ
918 1508 1179 1602 ῦπεραιρόμενος
1204 1515 1259 1582 ἐπὶ
1285 1506 1400 1580 πάντα
1426 1501 1561 1594 λεγόμε-

256 1636 320 1678 νον
340 1603 467 1698 θεῦνῆ
494 1613 646 1699 σέβασμα,
676 1605 765 1682 ιῦστε
797 1608 904 1683 αῦτδν
935 1615 980 1696 είς
1012 1609 1075 1682 τὸν
1105 1609 1189 1682 ναὸν
1215 1616 1279 1681 τοῦ
1300 1613 1384 1680 θεοῦ
1412 1611 1561 1688 καθίσαι,

256 1702 505 1779 ἀποδεικνύντα
527 1707 652 1780 ἑαυτὸν
675 1704 728 1781 ότι
750 1714 820 1781 ἐστὶ
839 1706 929 1793 θεός.
966 1707 1007 1783 οῦ
1024 1709 1248 1800 μνημονεύετε
1271 1703 1325 1783 ότι
1345 1711 1396 1779 ἐτι
1410 1701 1462 1778 ἀν
1475 1702 1562 1792 πρὸς

255 1801 340 1896 ῦμῦς
361 1803 460 1879 ταῦτ’
482 1810 600 1896 ἔλεγον
620 1806 714 1898 ῦμῖν,·
735 1817 790 1880 καὶ
813 1815 877 1881 νῦν
899 1809 940 1882 τὸ
961 1815 1107 1900 κατέχον
1129 1815 1250 1894 οἴδατε,
1273 1814 1319 1893 είς
1335 1805 1375 1880 τὸ
1391 1803 1559 1878 ἀποκαλυ-

256 1912 386 1996 φθῆναι
408 1905 516 1980 αύτδν
538 1912 576 1978 ἐν
596 1913 648 1998 τῷ
672 1905 779 1980 αῦτοῦ
801 1915 922 1998 καιρῷ·
945 1907 986 1982 τὸ
1008 1908 1071 1999 γάρ
1092 1907 1276 2000 μυστήριον
1298 1905 1361 1998 ήδη
1377 1911 1560 1995 ἐνεργεῖται

205 2025 237 2078 15
255 2011 316 2096 τῆς
339 2002 487 2095 ἀνομίας,
510 2004 618 2098 μόνον
642 2003 661 2080 ὁ
682 2013 837 2097 κατέχων
859 2003 946 2096 ἀρτι,
969 2009 1032 2093 ἐως
1054 2014 1091 2081 ἐκ
1112 2017 1215 2100 μέσου
1236 2015 1387 2099 γένηται·
1408 2011 1464 2075 καὶ
1480 2000 1560 2075 τότε

254 2102 582 2197 ἀποκαλυφθήσεται
605 2101 623 2178 ὁ
646 2101 781 2197 ἀνομος,
805 2103 845 2181 ῦν
867 2104 886 2180 δ
908 2108 1022 2199 κύριος
1042 2106 1167 2198 Ἰησοῦς
1189 2106 1311 2181 ἀναλοῖ
1328 2113 1379 2198 τῷ
1395 2102 1560 2194 πνεύματι

254 2212 317 2277 τοῦ
349 2203 517 2295 στόματος
547 2203 653 2278 αύτοῦ
682 2215 739 2278 καὶ
769 2205 971 2299 καταργήσει
1006 2217 1049 2298 τῆ
1080 2214 1258 2300 ἐπιφανείᾳ
1285 2213 1347 2297 τῆς
1374 2210 1560 2292 παρουσίας

253 2302 372 2390 αῦτοῦ,
399 2297 440 2378 οῦ
467 2310 561 2378 ἐστιν
586 2302 607 2397 ή
633 2313 798 2394 παρουσία
826 2304 902 2379 κατ’
933 2312 1103 2398 ἐνέργειαν
1128 2314 1192 2380 τοῦ
1215 2311 1380 2378 Σατανᾶ
1407 2309 1443 2377 ἐν
1468 2297 1559 2389 πάση

253 2403 390 2496 δυνάμει
411 2411 467 2475 καί
489 2411 635 2495 σημείοις
656 2413 711 2478 καὶ
733 2413 847 2498 τέρασι
870 2407 1015 2496 ψεύδους
1035 2414 1090 2480 καὶ
1112 2413 1150 2480 ἐν
1171 2405 1262 2496 πάση
1288 2403 1403 2492 ἀπάτη
1431 2399 1558 2483 ἀδικίας

201 2520 236 2578 20
253 2522 326 2588 τοῖς
347 2501 602 2594 ἀπολλυμένοις,
625 2501 704 2577 ἀνθ’
727 2497 779 2578 ὧν
800 2507 865 2598 τῆν
887 2505 1021 2599 ἀγάπην
1046 2514 1107 2597 τῆς
1133 2504 1296 2597 ἀληθείας
1320 2502 1382 2578 οῦκ
1399 2509 1557 2590 ἐδέξαντο

253 2607 298 2687 είς
320 2601 362 2675 τὸ
385 2610 537 2694 σωθῆναι
559 2600 692 2688 αύτούς.
734 2614 790 2678 καί
813 2607 867 2684 διὰ
894 2614 1001 2680 τοῦτο
1028 2614 1151 2698 πέμπει
1173 2604 1290 2689 αῦτοῖς
1317 2601 1336 2678 ῦ
1362 2601 1445 2686 θεὸς
1470 2605 1558 2686 ἐνέρ-

252 2731 345 2793 γειαν
359 2705 491 2796 πλάνης
507 2709 553 2787 είς
567 2701 607 2775 τὸ
623 2713 799 2777 πιστεῦσαι
815 2702 940 2791 αύτούς
955 2713 1007 2797 τῷ
1022 2707 1146 2796 ψεύδει,
1162 2708 1218 2779 ἵνα
1232 2713 1400 2795 κριθῶσιν
1410 2696 1558 2782 άπαντες

252 2807 284 2875 οἱ
304 2803 349 2894 μή
371 2804 612 2888 πιστεύσαντες
633 2811 676 2893 τῆ
699 2800 841 2899 ἀληθείᾳ
863 2803 935 2879 ἀλλ’
959 2804 1202 2899 εὐδοκήσαντες
1223 2811 1260 2878 ἐν
1282 2813 1325 2895 τῆ
1347 2800 1489 2894 ἀδικίη.“

336 2923 478 2992 έκαστον
499 2927 535 2992 δέ
562 2920 700 2994 τούτων
727 2932 908 3013 σαφηνίσαι
935 2920 976 2994 ού
1002 2932 1044 3012 τῇ
1071 2922 1222 3012 παρούση
1250 2918 1385 3012 ἀρμόζει
1411 2948 1558 3010 πραγμα-
1609 2924 1614 2938 ’

200 3043 234 3100 25
252 3029 333 3110 τείᾳ.
377 3017 496 3111 ῆπερί
519 3017 625 3092 αῦτοῦ
649 3028 684 3092 δὲ
705 3031 898 3112 προφητεία
920 3029 957 3095 ἐν
979 3030 1030 3114 τῴ
1055 3023 1179 3114 Δανιὴλ
1202 3028 1365 3104 λέλεκται,
1392 3025 1558 3109 δυναμένη

253 3117 316 3190 τόν
342 3127 517 3210 φρονίμως
547 3128 602 3190 καὶ
633 3117 855 3211 εὐγνωμόνως
891 3119 1169 3212 ἀναγινώσκοντα
1200 3127 1398 3210 ἐπιστρέψαι
1430 3123 1484 3190 ἐπὶ
1515 3117 1556 3188 τὸ

167 3248 234 3305 154⁹
252 3215 422 3309 θαυμάσαι
443 3218 524 3303 τούς
546 3215 667 3309 λόγους
683 3216 731 3304 (ῦς
746 3217 887 3310 ἀληθοῦς
909 3227 1078 3307 ἐνθέους
1098 3231 1153 3294 καὶ
1168 3219 1410 3318 προφητικοῦς,
1430 3225 1435 3305 Ι
1454 3222 1491 3288 ἐν
1506 3215 1557 3299 οἷς

252 3326 404 3390 λέλεκται
427 3317 470 3390 τά
491 3325 568 3408 περί
591 3326 664 3390 τῶν
685 3328 882 3409 μελλουσῶν
899 3331 1089 3410 βασιλειῶν,
1111 3321 1279 3412 ἀρξάμενα
1300 3317 1367 3393 ἀπὸ
1391 3323 1466 3390 τεάν
1479 3313 1555 3406 χρό·

252 3447 325 3489 νων
348 3417 474 3509 Δανιήλ
495 3423 588 3509 μέχρι
616 3424 677 3510 τῆς
699 3428 835 3512 φθορᾶς
860 3428 924 3493 τοῦ
955 3419 1090 3512 κόσμου.
1127 3427 1256 3495 ἐνέσται
1288 3428 1323 3492 δὲ
1354 3425 1407 3510 τῷ
1458 3428 1555 3489 ουλο-

199 3543 234 3600 30
250 3524 341 3608 μένῳ
364 3521 514 3607 ἐντυχεῖν
535 3515 637 3608 αύτή·
658 3519 749 3611 πλήν
770 3521 814 3593 τά
835 3530 913 3612 περὶ
934 3528 999 3593 τοῦ
1021 3518 1238 3612 ἀντιχρίστου
1267 3514 1329 3608 όρα
1357 3525 1386 3591 εί
1410 3517 1454 3608 μῆ
1484 3547 1555 3589 τοι·

333 3707 350 3760 θ
373 3706 700 3776 IIThess.2‚1-12.—
718 3707 757 3764 25
776 3707 839 3778 Vgl.
852 3709 922 3764 Dan.
935 3711 958 3763 7.
976 3740 1009 3749 —
1029 3709 1066 3765 2?
1086 3709 1149 3779 Vgl.
1167 3709 1238 3766 oben
1255 3708 1294 3763 IV
1312 3709 1353 3771 36.
1371 3709 1383 3760 I
1401 3707 1452 3762 306
1469 3705 1495 3758 Ζ.
1508 3705 1555 3766 22;

249 3795 333 3845 unten
352 3790 390 3844 VI
408 3791 442 3847 80
458 3810 483 3848 ο.
495 3795 528 3849 Α.
547 3793 646 3848 vl141
666 3811 690 3848 α.
708 3797 741 3848 A.
765 3793 830 3847 VIII
847 3797 880 3848 45
898 3812 922 3849 ε.
940 3796 972 3848 A.

334 3941 352 3996 θ
375 3934 456 4012 ύμᾶςΙ
480 3963 497 3998 υ
518 3943 548 3997 in
565 3944 708 3999 eorrectur
724 3949 749 3999 A
772 3946 777 4013 Ι
800 3945 818 4000 4
844 3945 1001 4016 (Χριστοῦ)
1020 3947 1085 4016 fflge
1102 3946 1148 4000 ioh
1166 3963 1215 4000 aus
1232 3945 1296 3999 dem
1313 3944 1345 3998 N.
1362 3941 1392 3996 Τ.
1410 3940 1463 3995 mit
1479 3937 1508 3993 M
1527 3957 1553 3993 u.

249 4025 301 4080 den
319 4028 420 4096 Ausgg.
439 4027 484 4082 ein
499 4029 538 4097 Ιῦ
557 4024 602 4084 ἐπὶ
622 4034 787 4100 συναγωγῆς
804 4034 829 4085 A
849 4032 853 4100 Ι
872 4023 954 4102 ῦμᾶς]
973 4049 990 4086 υ
1006 4030 1036 4084 in
1053 4029 1196 4087 correctur
1213 4034 1237 4085 A
1258 4033 1262 4099 Ι
1283 4031 1302 4086 6
1319 4023 1391 4098 μήτε
1410 4018 1453 4082 διά
1472 4019 1552 4080 πνεύ

247 4129 340 4178 ματος
364 4107 435 4182 μήτε
462 4105 505 4168 διά
530 4107 621 4184 λόγου
637 4113 668 4167 N.
687 4115 716 4170 T.
734 4108 774 4184 μή
792 4113 822 4170 δὲ
844 4111 889 4171 διά
911 4103 974 4182 πός.
996 4111 1070 4185 μήτε
1093 4111 1137 4172 διὰ
1156 4112 1247 4188 λόγου
1263 4119 1289 4171 Α
1310 4109 1381 4183 μήτε
1401 4104 1445 4166 διά
1463 4105 1554 4180 λόγου

247 4191 318 4264 μήτε
337 4189 380 4250 διὰ
398 4193 562 4266 πνεύματος
578 4199 714 4270 MAusgg.
740 4202 743 4268 Ι
770 4200 806 4255 11
833 4195 906 4255 ναὸν
928 4207 981 4260 τοῦ
998 4206 1071 4258 θεοῦ
1088 4203 1207 4258 καθίσαι
1224 4206 1249 4257 Α
1269 4195 1342 4256 ναὸν
1361 4196 1483 4252 καθίσαι
1500 4195 1554 4248 τοῦ

248 4283 320 4335 θεοῦ
337 4281 473 4352 ΜΔαεςς.
489 4284 493 4350 Ι
511 4283 548 4339 18
567 4277 664 4339 οἴδατε
681 4284 713 4338 N.
725 4284 755 4338 T.
773 4285 803 4349 Ρ,
821 4284 921 4356 Ηῦθρ.
941 4305 985 4340 am
1002 4287 1090 4352 Brund,
1108 4287 1169 4342 Del.
1186 4286 1224 4340 im
1242 4285 1323 4350 Tem
1342 4275 1404 4337 οῖδα
1422 4278 1552 4347 ΑΗῦ.θρ.

247 4364 284 4418 im
303 4365 372 4420 Text
387 4368 391 4434 Ι
407 4367 445 4423 15
463 4361 545 4432 ’τέ’ως
563 4363 595 4422 ἐκ
611 4366 703 4436 μέσου
720 4365 835 4438 γένηται
853 4387 898 4424 am
915 4369 995 4424 Rand
1011 4372 1214 4440 nachgetragen
1233 4372 1270 4424 A¹
1290 4370 1294 4437 Ι
1315 4369 1354 4424 16
1371 4359 1480 4435 Ἰησοῦς
1499 4379 1553 4416 Ιθῦ

247 4450 297 4504 Ηῦ.
305 4451 348 4521 Sp.
367 4451 603 4520 eingeklammert,
620 4469 675 4507 von
692 4453 752 4508 Del.
771 4453 873 4523 getilgt
887 4455 891 4523 Ι
907 4448 1012 4510 ἀναλοῖ
1028 4457 1051 4509 Α
1070 4450 1167 4512 α’νελεῖ
1181 4453 1316 4524 ΜΗδ.8ρ.
1334 4453 1373 4506 im
1389 4451 1467 4512 Text,
1486 4443 1552 4503 ἀνα-

247 4529 334 4590 λώσει
352 4534 394 4606 Sp.
413 4553 459 4590 am
476 4537 563 4600 θεοῦ,
582 4537 640 4592 Del.
657 4537 696 4591 im
713 4537 783 4593 Text
806 4540 810 4606 Ι
834 4539 871 4594 21
891 4536 995 4607 πέμπει
1014 4541 1143 4612 ΑΗσ.8ρ.
1162 4542 1201 4595 im
1218 4541 1298 4604 Text,
1322 4535 1430 4606 πέμψει
1451 4533 1550 4604 Ησθρ.

248 4636 292 4673 am
310 4620 398 4686 θεοῦ,
415 4621 475 4676 Del.
493 4621 531 4674 im
549 4621 619 4676 Text
633 4623 638 4690 Ι
653 4622 693 4678 24
712 4624 876 4694 σαφηνίσαιΙ
894 4625 982 4679 Βεεοτ
998 4625 1067 4680 fiber
1084 4627 1095 4680 ί
1111 4628 1135 4682 A
1150 4629 1155 4697 Ι
1169 4626 1208 4683 28
1225 4629 1376 4696 μελουοιῦν
1393 4626 1426 4677 A
