3772 5526
348 403 388 463 ῃ
893 393 1116 448 sammon

347 564 551 630 καθικέσθαι
573 552 797 646 ἀνθρωπίνης
818 563 936 646 ψυχῆς,
958 555 1017 628 ἐάν
1038 554 1083 646 μὴ
1104 563 1161 626 καὶ
1183 553 1321 646 δύναμίς
1343 585 1396 640 τις
1417 553 1548 628 θεόθεν
1569 562 1658 646 δοθῇ
1675 569 1725 626 Ph.
1741 571 1789 638 72,
1806 575 1842 624 11

348 664 399 747 τῷ
421 664 558 748 λέγοντι
579 664 635 728 καὶ
654 653 751 746 χάρις
773 653 951 745 έπανθήση
973 673 1045 738 τοῖς
1067 659 1273 744 λεγομένοις,
1295 663 1351 726 καὶ
1372 649 1461 744 αῦτη
1479 652 1542 727 οῦκ
1563 651 1655 728 ἀθεεὶ

347 761 543 848 ἐγγινομένη
574 776 646 838 τοῖς
674 751 843 843 ἀνυσίμως
869 761 1011 844 λέγουσι.
1056 761 1137 843 φησὶ
1163 759 1246 844 γοῦν
1273 749 1291 826 ό
1318 752 1500 845 προφήτης
1526 760 1563 828 ἐν
1584 756 1655 845 ἑξη-

346 863 461 946 κοστῷ
488 865 544 928 καί
571 852 701 946 ἑβδόμῳ
728 862 854 945 ψαλμῷ
883 848 938 927 ότι
959 852 1096 940 ,κάρτος
1124 852 1224 926 δώσει
1246 855 1335 942 ῥῆμα
1357 873 1430 936 τοῖς
1452 851 1655 945 εὐαγγελιζο-

311 961 459 1045 5μένοις
482 951 619 1045 δυνάμει
641 961 783 1042 πολλῇ.“

430 1051 473 1126 ἵν’
490 1046 554 1127 οῦν
576 1059 632 1126 ἐπί
654 1082 762 1125 τινων
783 1057 873 1142 δοθῇ
895 1051 938 1124 τόι
961 1047 1047 1124 αὐτὰ
1067 1047 1218 1142 δόγματα
1233 1054 1318 1123 εἶναι
1333 1047 1491 1144 Ἕλλησι
1512 1061 1656 1138 καὶτοῖς

346 1149 413 1226 άπὸ
431 1161 509 1226 ,τοῦ
542 1150 647 1244 λόγου
679 1149 786 1244 ἡμῶν,
813 1147 888 1224 ἀλλ’
912 1146 990 1223 οῦτι
1018 1159 1135 1241 γεκαὶ
1161 1149 1204 1222 τὰ
1230 1148 1317 1224 αῦτόι
1344 1152 1485 1225 δύναται
1506 1153 1593 1242 πρὸς
1614 1154 1655 1226 τὸ

344 1249 577 1342 ὑπαγαγέσθαι
607 1260 663 1324 καὶ
693 1261 863 1326 διαθεῖναι
889 1250 998 1339 ψυχάς
1023 1249 1110 1321 κατὰ
1138 1256 1255 1322 ταῦτα.
1298 1247 1417 1340 διόπερ
1439 1257 1472 1324 οί
1493 1257 1655 1326 ἰδιῶται

345 1351 393 1436 τός
428 1351 515 1442 πρὸς
551 1359 760 1440 φιλοσοφίαν
789 1347 985 1442 Ἑλληνικὴν
1019 1357 1173 1440 μαθηταὶ
1203 1357 1266 1422 τοῦ
1294 1346 1400 1440 Ἰησοῦ
1430 1357 1656 1442 ἐκπεριῆλθον

295 1465 327 1518 10
344 1451 457 1524 πολλά
485 1456 570 1542 έθνη
590 1457 652 1541 τῆς
674 1455 884 1540 οἰκουμένης,
906 1455 1132 1532 διατιθέντες,
1156 1445 1203 1532 ιός
1225 1443 1244 1520 ό
1266 1445 1368 1538 λόγος
1389 1449 1557 1538 ἐβούλετο,
1580 1447 1655 1524 κατ’

345 1549 442 1639 ἀξίαν
473 1551 616 1622 ἕκαστον
644 1557 717 1622 τῶν
743 1545 955 1622 ἀκουόντων·
978 1554 1040 1638 <οἳ>
1063 1554 1118 1620 καὶ
1140 1543 1311 1637 ἀνάλογον
1337 1556 1380 1638 τῇ
1402 1550 1493 1638 ῥοπῇ
1515 1558 1578 1622 τοῦ
1599 1549 1654 1623 αό-

346 1655 522 1736 τεξσυσίου
555 1645 673 1721 αὐτῶν
702 1649 790 1739 πρὸς
817 1645 992 1738 ἀποδοχὴν
1023 1653 1085 1720 τοῦ
1114 1653 1221 1720 καλοῦ
1250 1656 1371 1738 πολλῷ
1401 1657 1556 1734 βελτίους
1586 1655 1653 1740 ἐγέ-

347 1777 461 1822 νοντο.

426 1853 482 1919 ΙΗ.
507 1855 682 1919 Παλαιοὶ
704 1854 845 1920 τοίνυν
867 1842 1011 1936 ἄνδρες
1031 1851 1095 1916 καί
1119 1850 1239 1932 σοφοί
1262 1846 1550 1936 δηλοῦσθωσαν
1568 1868 1653 1932 τοῖς

291 1957 324 2010 15
344 1951 588 2020 ἐπίστασθαι
613 1953 864 2038 δυναμένοις,
890 1952 956 2015 καὶ
983 1943 1028 2034 δὴ
1055 1955 1124 2016 καὶ
1145 1943 1316 2018 Πλάτων
1338 1943 1356 2020 ό
1379 1953 1451 2019 τοῦ
1471 1943 1652 2038 Ἀρίστω·

344 2077 413 2131 νος
439 2047 486 2118 τά
512 2055 603 2136 περὶ
625 2053 697 2118 τοῦ
717 2045 884 2134 πρώτου
905 2041 1060 2134 ἀγαθοῦ
1082 2051 1379 2135 διασημαινέτω
1400 2048 1442 2116 έν
1463 2076 1547 2118 τινι
1568 2056 1652 2119 τῶν

343 2153 572 2218 ἐπιστολῶν
593 2153 656 2218 καὶ
680 2149 866 2233 φασκέτω
888 2148 1076 2234 μηδαμῶς
1094 2149 1098 2232 1
1119 2146 1222 2216 εἶναι
1237 2143 1403 2234 ,,ὁητόν“
1422 2144 1467 2218 τό
1484 2154 1652 2236 πρῶτον
1668 2161 1717 2216 631

343 2243 510 2334 ἀγαθόν,
532 2240 636 2330 ,ἀλλ’
658 2249 699 2316 ἐκ
720 2250 873 2334 πολλῆς
895 2251 1130 2327 συνουσιάςκ
1152 2239 1414 2334 ἐγγινόμενον
1435 2253 1500 2316 καὶ
1521 2251 1651 2334 ,ἐξαί-

344 2375 445 2436 φνης
466 2345 554 2416 σίου
576 2341 653 2416 ἀπὸ
674 2341 800 2434 πυρός
817 2339 1073 2432 πηδήσαντος
1095 2347 1271 2432 ἐξαφθὲν
1288 2352 1373 2432 φῶς
1391 2349 1433 2416 ἐν
1453 2353 1500 2434 τῇ
1514 2355 1652 2436 ψυχῇ··’·

290 2458 325 2512 20
345 2435 395 2515 τόν
417 2451 472 2514 καί
495 2440 586 2534 ἡμεῖς
606 2439 812 2525 ἀκούσαντες
833 2447 1148 2530 συγκατατιθέμεθα
1174 2440 1222 2525 οός
1242 2452 1355 2526 καλῶς
1378 2451 1582 2534 λεγομένοις,
1612 2441 1651 2530 ,ό
1670 2461 1718 2516 Ph.
1732 2463 1804 2528 73,5

343 2541 425 2626 θεὸς
451 2542 514 2633 γὰρ
541 2539 677 2626 αότοῐςίί
702 2548 810 2614 ταῦτα
836 2547 890 2636 καὶ
918 2535 979 2612 όσα
1003 2547 1118 2624 καλῶς
1139 2549 1292 2614 λέλεκται
1312 2548 1554 2632 ,,ἐφανέρωσε.“
1597 2545 1651 2616 διά

345 2650 449 2714 τοῦτο
481 2648 516 2713 δὲ
546 2651 602 2713 καί
635 2641 716 2726 τοῦς
746 2640 789 2714 τά
818 2637 931 2732 ἀληθῆ
962 2649 1039 2730 περὶ
1065 2648 1149 2714 θεοῦ
1170 2638 1408 2726 ὑπολαβόντας
1433 2650 1489 2714 καὶ
1513 2644 1559 2734 μὴ
1587 2644 1652 2734 τὴν

343 2739 440 2828 ἀξίαν
467 2747 528 2832 τῆς
553 2748 631 2831 περὶ
656 2737 762 2812 αῦτοῦ
788 2737 949 2831 ἀληθείας
975 2747 1169 2825 θεοσέβειαν
1196 2739 1406 2832 ἀοκήσαντάς
1432 2769 1543 2831 φαμεν
1568 2740 1650 2815 ῦπο-

343 2851 476 2912 κεῖσθαι
504 2861 578 2924 ταῖς
601 2847 673 2912 τῶν
695 2837 966 2931 ἁμαρτανόντων
987 2838 1173 2912 κολάσεσιν.
1216 2837 1332 2924 αόταίς
1354 2839 1417 2932 γάρ
1440 2847 1546 2927 λέξεσί
1568 2869 1650 2932 φησι

344 3037 492 3130 οὐρανοῦ
517 3043 572 3111 ἐπὶ
602 3046 715 3112 πᾶσαν
745 3036 898 3125 ἀσέβειαν
922 3045 978 3110 καί
1006 3035 1139 3112 ἀδικίαν
1165 3035 1369 3128 ἀνθρώπων
1391 3048 1465 3112 τῶν
1487 3040 1552 3131 τὴν
1574 3037 1652 3132 ἀλή-

344 3149 442 3210 θειαν
473 3143 510 3212 έν
537 3138 648 3232 ἀδικίᾳ
673 3136 907 3228 κατεχόντων,
937 3133 1026 3210 διότι
1053 3137 1094 3210 τό
1121 3137 1277 3227 γνωστόν
1304 3147 1367 3210 τοῦ
1392 3147 1477 3212 θεοῦ
1503 3139 1653 3231 φανερόν

427 3357 445 3412 4
468 3357 598 3422 Ρεα1.61,
618 3359 659 3414 12.
685 3389 719 3398 -
748 3359 785 3414 16
809 3357 872 3427 vgl.
890 3357 984 3424 Plato,
1002 3357 1088 3428 EpisA
1106 3357 1157 3411 vn
1176 3375 1202 3427 p.
1221 3359 1271 3412 341
1291 3357 1350 3412 CD.
1373 3389 1406 3398 -
1430 3359 1471 3415 2⁰
1493 3359 1651 3428 1311111111.

345 3446 366 3506 1,
386 3445 428 3499 19.
446 3473 478 3482 -
497 3443 537 3498 25
555 3443 633 3497 Rom.
652 3447 677 3509 1,
695 3443 803 3498 18-23.

430 3611 445 3666 1
464 3607 581 3680 θεόθεν]
600 3611 734 3665 zwischen
752 3629 766 3666 ε
784 3628 809 3664 u.
829 3607 845 3664 ό
864 3609 909 3664 ein
927 3611 1038 3665 Buehst
1056 3611 1208 3666 ausmdiert
1222 3613 1246 3664 A
1262 3613 1266 3678 Ι
1281 3611 1298 3665 θ
1315 3607 1476 3680 ἐπανθὴσρ]
1494 3606 1650 3682 ἐπανθήσει

344 3699 367 3748 A
390 3697 395 3764 1
420 3695 438 3751 8
462 3686 478 3750 ό
497 3690 647 3764 προφήτης
663 3704 697 3753 <
715 3693 929 3748 ΡελΒίλἾίΕΗ
952 3697 957 3763 Ι
981 3689 1126 3769 ἑξηκοστῷ
1146 3697 1196 3752 καί
1213 3690 1333 3768 ἑβδόμην]
1354 3686 1385 3763 ξζ
1402 3697 1482 3750 Patss
1502 3698 1506 3764 Ι
1525 3697 1543 3750 ίί
1560 3696 1652 3751 ίιίιιίετ

344 3765 396 3833 οὖν
412 3784 445 3841 ÷
463 3779 512 3834 και
531 3777 668 3831 Bonan
687 3779 692 3846 ι
714 3779 728 3834 ι
753 3769 843 3848 ἡμῶν]
863 3770 930 3847 ἡμῖν
947 3778 1011 3834 uest
1028 3779 1075 3834 Bo.
1094 3779 1192 3848 (Notae
1208 3797 1234 3850 p.
1251 3780 1312 3847 σοι)
1331 3780 1403 3834 ohne
1421 3780 1516 3835 omna
1531 3783 1570 3848 ιε
1594 3784 1652 3836 αα-

342 3863 446 3932 θεῖναι]
465 3865 598 3931 διαθῆναι
614 3861 686 3930 Ραί]
703 3855 803 3932 ψυχάς]
823 3882 841 3918 α
859 3863 910 3917 auf
919 3861 1007 3917 Rasur
1023 3863 1047 3916 A
1062 3867 1066 3931 1
1082 3858 1192 3934 διόπερ]
1211 3859 1284 3920 διότι
1302 3864 1356 3919 Ραί
1371 3866 1374 3932 ]
1392 3865 1428 3920 11
1449 3861 1505 3934 <ο1>
1524 3865 1589 3934 ffige
1605 3865 1651 3919 ich

343 3947 394 4000 mit
411 3946 471 4001 Del.
489 3965 514 4000 u.
533 3946 602 4000 Rob.
620 3963 669 4000 aus
686 3946 741 4000 ΕΗ
759 3945 803 4000 ein
823 3949 827 4014 Ι
847 3949 895 4002 καί
913 3958 945 4006 <
961 3947 1016 4002 Ροί
1035 3949 1038 4014 Ι
1061 3947 1099 4003 14
1124 3951 1244 4004 παλαιοί
1261 3966 1309 4004 aus
1326 3949 1445 4005 παλαίοι
1462 3966 1531 4004 corr.
1549 3953 1574 4003 A
1589 3951 1594 4016 Ι
1609 3952 1651 4017 δη-

343 4025 526 4101 λοῦσθωσαν]
545 4026 731 4102 δηλοότωσαν
754 4031 830 4100 Φθρ.
838 4031 897 4086 Del.
916 4031 954 4084 im
970 4031 1041 4086 Text
1059 4035 1063 4099 Ι
1080 4032 1117 4088 15
1144 4029 1327 4104 ἐπίστασθαι]
1347 4029 1500 4090 ἐπιτάσθαι
1517 4034 1542 4086 A
1557 4034 1562 4102 ]
1577 4029 1650 4088 Πλά·

342 4150 402 4186 των
420 4124 445 4201 ὃ]
463 4135 624 4200 πλατωνος,
642 4149 687 4186 τω
705 4132 784 4186 Βεαό
801 4115 821 4188 ά
839 4133 1018 4202 πλατων<ος>
1036 4133 1089 4188 Pat
1108 4136 1112 4202 ]
1134 4134 1173 4190 16
1198 4133 1416 4204 διασημαινέτω]
1435 4134 1650 4204 διασημαίνιται

342 4216 395 4270 Ρεί
409 4219 413 4283 Ι
428 4216 491 4286 τινι]
509 4215 641 4272 θερίσει-ι
659 4217 711 4271 auf
723 4217 812 4272 Rasur
828 4219 852 4271 A
867 4220 872 4286 ]
888 4218 924 4274 17
946 4214 1116 4286 ἐπιστολῶν]
1135 4213 1292 4286 ἐπιστολήν
1309 4222 1333 4271 A
1354 4221 1358 4285 l
1378 4219 1524 4289 φαοκέιαι]
1544 4215 1649 4288 φάοκέ-

341 4319 388 4355 ται
405 4300 453 4370 [το]
471 4301 523 4355 Ρεί
538 4303 542 4368 Ι
559 4302 597 4357 18
616 4297 821 4371 ἐγγιγνόμενον
836 4301 1043 4370 AAusgg.R0b.
1060 4305 1064 4371 Ι
1082 4305 1132 4358 καλ
1149 4314 1181 4362 <
1200 4301 1340 4357 ΒΟΒΕΗ
1355 4305 1359 4370 ]
1374 4303 1414 4358 2⁰
1436 4305 1489 4360 mit
1507 4298 1649 4360 ἀκοῦσαν·

341 4402 388 4448 τες
405 4385 523 4454 endigt
540 4385 585 4439 die
602 4385 768 4454 Philokalia,
787 4387 854 4454 Cap.
872 4385 922 4440 XV
940 4388 956 4440 5
975 4387 1010 4455 (p.
1030 4389 1069 4452 73,
1088 4388 1163 4442 2011.
1182 4387 1262 4455 Rob.)
1285 4388 1290 4455 Ι
1314 4385 1587 4456 συγκατατιθέμεθα
1605 4387 1649 4442 bis

341 4468 366 4521 S.
386 4471 418 4524 75
435 4469 462 4523 Ζ.
479 4471 513 4525 24
531 4467 691 4542 παρθένοις
702 4497 735 4514 =
748 4469 914 4538 Philokaliffi
932 4469 998 4539 Cap.
1016 4468 1066 4523 XV
1085 4473 1151 4526 5-7
1170 4471 1204 4542 (p.
1224 4474 1264 4537 73,
1276 4472 1369 4536 5-16,
1384 4474 1398 4524 7
1417 4471 1459 4524 ed.
1478 4471 1556 4540 Rob.)
1572 4475 1577 4541 1
1596 4491 1649 4527 κα-

340 4553 405 4622 λιός]
423 4556 473 4609 καὶ
490 4545 529 4619 ὡς
546 4554 599 4608 Ραέ
621 4555 627 4623 Ι
649 4553 686 4610 21
714 4550 897 4626 ἐφανέρωσεν
913 4555 994 4609 PatB
1013 4554 1018 4622 Ι
1037 4554 1075 4610 22
1093 4549 1204 4625 τάληθῆ
1222 4555 1374 4610 BCDEH.
