3780 5532
380 469 439 582 '194
910 511 1136 567 αεινιιιονν

378 675 544 764 προότου
569 671 758 763 λόβοιμέν
785 702 876 746 τινα
901 679 1094 746 ἐπίνοιαν.
1137 668 1228 793 ἡμεῖς
1255 675 1293 792 62³
1318 667 1361 742 06
1381 668 1489 760 μόνον
1511 666 1681 741 τὸνθεόν

378 767 557 864 όρὁτον
578 775 663 847 είναί
687 803 797 862 φαμεν
822 770 908 846 ἄλλό
929 779 985 846 καὶ
1006 772 1105 863 ἕτερα
1127 779 1201 844 τῶν
1222 765 1293 860 μετ’
1317 765 1434 841 αῦτόν·
1462 763 1547 859 όιπερ
1569 765 1680 893 βιασό-

377 900 477 963 μενος
500 903 518 944 ο
509 868 675 957 ’Παῦλος
700 879 844 964 σημῆναί
866 897 946 964 φησι
968 869 1022 944 τό·
1048 869 1213 962 ,ἤκουσεν
1235 864 1428 960 όῤῥηται
1410 867 1552 960 ρήματα,
1575 865 1596 941 6
1618 865 1680 941 οῦκ

377 970 455 1060 ἐξὸν
485 967 663 1063 ἆνθροίπῳ
695 979 868 1063 λαλῆσαι,“
895 979 946 1063 τῷ
977 967 1163 1060 ,ἤκουσενί
1196 966 1272 1042 όντί
1307 975 1370 1042 τοῦ
1405 975 1525 1060 συνῆκε
1559 966 1681 1059 χρησό-

344 1087 360 1141 5
378 1098 478 1162 μενος
494 1068 665 1162 οἷνόλογον
687 1079 737 1162 τῷ
760 1067 801 1158 „6
823 1073 910 1161 ἐχων
933 1063 1007 1143 ὦτα
1029 1068 1165 1143 ἀκούειν
1186 1065 1369 1142 όκουέτω.“

460 1169 558 1257 ,τὸν
580 1171 781 1262 ποιητὴν“
803 1169 844 1261 δὴ
870 1178 957 1256 ,καὶ
979 1177 1132 1261 πατέρα
1159 1175 1231 1244 τοῦ
1251 1169 1429 1252 παντὸςίί
1458 1165 1550 1259 ἡμεῖς
1571 1196 1682 1258 φαμεν

378 1275 460 1342 ίδελν
481 1274 649 1362 ,ἐργονέί
684 1279 841 1357 βλέπεται
863 1276 898 1343 δέ
920 1267 961 1342 οῦ
981 1267 1090 1361 μόνον
1110 1268 1260 1341 κατὰτὸ
1283 1267 1680 1361 ,μακάριοιοίκαθαροὶ

377 1398 420 1458 τῃ
405 1365 620 1464 '660646‘'
601 1400 656 1444 οτι
682 1367 779 1444 αῦτοί
805 1368 979 1443 τὸνθεόν
1009 1367 1186 1458 όφονται“
1208 1365 1295 1440 ἀλλὰ
1321 1375 1377 1440 καί
1403 1368 1490 1441 κατὰ
1517 1367 1558 1440 τό
1588 1365 1680 1458 λεγό-

377 1497 480 1558 μενον
505 1467 572 1592 666
600 1477 661 1562 τῆς
683 1467 842 1556 εἰκόνος,
845 1479 919 1556 ,τοῦ
940 1467 1090 1558 όορότου
1110 1475 1216 1540 θεοῦ“
1237 1473 1275 1540 ἐν
1297 1475 1347 1560 τῷ
1378 1464 1603 1558 ,όέωρακὼς
1624 1473 1680 1556 ἐμε

329 1567 389 1635 10‘
378 1568 505 1656 εαόρακε
535 1568 598 1642 τόν
627 1575 756 1659 πατέρα
786 1567 849 1642 τὸν
878 1566 1060 1660 πέμψαντά
1084 1577 1153 1658 με.“
1195 1573 1233 1640 ἐν
1255 1567 1391 1652 τούτοις
1418 1567 1481 1658 γὰρ
1507 1561 1658 1652 οὐδεὶς
1637 1595 1680 1640 αν

380 1674 463 1740 νοῦν
489 1672 574 1758 ἐχων
601 1667 738 1759 φήσειεν
764 1663 819 1743 ότι
844 1667 1027 1759 ἀναφέρων
1049 1673 1157 1741 ταῦτα
1183 1664 1202 1739 6
1227 1663 1348 1758 Ἰρσοῦς
1373 1667 1486 1740 ἐπὶ
1451 1697 1491 1740 το
1489 1665 1681 1795 αίσθητόν

379 1763 486 1840 αὐτοῦ
513 1775 568 1839 καί
597 1765 806 1859 βλεπόμενον
834 1789 907 1854 τοῖς
932 1767 1132 1858 ἀνθρώποις
1158 1775 1253 1854 σῶμα
1281 1769 1351 1838 είπε
1378 1764 1431 1838 τό·
1459 1762 1500 1853 „6
1523 1769 1681 1854 ἑωρακώς

379 1870 435 1958 ἐμὲ
457 1868 584 1956 ἑώρακε
606 1867 670 1939 τόν
690 1875 822 1958 πατέρα
844 1867 907 1941 τόν
928 1865 1109 1958 πέμψαντά
1130 1877 1202 1957 με“·
1225 1869 1360 1937 ἔσονται
1380 1865 1443 1955 γὰρ
1464 1867 1553 1940 κατὰ
1574 1875 1680 1940 τοῦτο

379 1963 567 2055 ἑωρακότες
588 1967 652 2040 τόν
673 1976 803 2056 πατέρα
824 1969 909 2042 θεὸν
930 1977 986 2040 καί
1006 1965 1134 2052 πάντες
1156 1971 1188 2039 οί
1210 1971 1377 2055 λέγοντες·
1398 1967 1566 2058 ,σταύρου
1580 1967 1680 2040 σταῦ·

329 2084 361 2138 15
381 2094 443 2153 ρου
473 2063 602 2140 αὐτόν(
634 2078 690 2140 καὶ
721 2064 740 2140 6
768 2073 924 2154 ἐξουσίαν
951 2067 1039 2140 κατὰ
1066 2073 1129 2140 τοῦ
1155 2062 1378 2154 ἀνθρωπίνου
1405 2065 1512 2139 αῦτοῦ
1532 2075 1681 2152 Πιλᾶτος

381 2167 505 2252 λαβών,
534 2162 617 2255 ότιερ
643 2173 735 2240 ἐστίν
761 2163 902 2240 ἄτοπον.
946 2161 1001 2240 ότι
1023 2172 1058 2238 δέ
1080 2169 1122 2238 τὸ
1146 2161 1185 2251 „6
1208 2165 1368 2254 ἑωρακὼς
1387 2171 1443 2256 ἐμὲ
1466 2167 1595 2257 ἑώρακε
1616 2167 1680 2240 τὸν

378 2270 508 2355 πατέρα
535 2267 598 2340 τὸν
623 2264 806 2357 πέμψαντά
831 2275 891 2355 μοι(
912 2263 974 2338 οῦκ
995 2271 1049 2338 ἐπὶ
1071 2265 1136 2356 τὴν
1162 2270 1364 2353 κοινοτέραν
1389 2266 1531 2356 ἐκδοχὴν
1559 2263 1680 2355 ἀναφέ-

380 2391 484 2452 ρεται,
515 2370 619 2456 δῆλον
649 2370 687 2436 ἐκ
713 2371 775 2437 τοῦ
801 2372 955 2456 εἰρῆσθαι
980 2373 1031 2456 τῷ
1061 2373 1235 2454 Φιλίππῳ·
1265 2365 1442 2456 ,τοσούτῳ
1468 2363 1582 2458 χρόνῳ
1604 2365 1680 2457 μεθ’

381 2459 477 2554 ῦμιῦν
507 2469 579 2554 είμι,
609 2473 665 2536 καί
696 2461 757 2538 οόκ
784 2462 932 2553 ἐγνωκός
952 2494 1005 2554 με,
1030 2471 1215 2548 Φίλιππε,·“
1236 2470 1342 2535 τοῦτο
1370 2460 1403 2534 6'
1427 2470 1557 2556 ειρηκεν
1587 2463 1680 2557 αῦτῷ

296 2579 363 2634 181v
380 2559 564 2650 ἀξιώσαντι
591 2571 646 2634 καί
673 2571 820 2655 λέγοντι·
849 2572 980 2650 ,δεῖξον
1002 2560 1080 2654 ἡμῖν
1103 2575 1107 2646 Ι
1133 2561 1196 2634 τόν
1221 2570 1361 2653 πατέρα,
1382 2573 1439 2636 καί
1461 2561 1557 2654 όρκεῑ
1576 2562 1681 2656 ἡμινέ

379 2660 503 2782 νοῦσος
530 2693 583 2746 τις
605 2655 668 2736 οῦν
689 2673 764 2747 πῶς
784 2659 871 2735 δεί’
851 2663 985 2736 ακούειν
1004 2670 1080 2752 περί
1095 2669 1298 2752 μονογενοῦς
1320 2670 1403 2735 θεοῦ
1418 2667 1495 2735 υίοῦ
1509 2693 1572 2735 του
1557 2670 1681 2749 ’θεοῦ

379 2768 442 2834 τοῦ
463 2760 720 2852 πρωτοτόκου,
723 2761 841 2854 ,πόσης
861 2771 1038 2847 κτίσεως,“
1059 2759 1185 2834 καθότι
1206 2758 1389 2852 ,,όλόγος“
1412 2769 1556 2853 γέγονε,
1558 2762 1681 2854 ,σὰρξβ

380 2857 502 2948 ὄψεται
522 2869 598 2946 ποῦς
619 2860 705 2935 ίδοῦν
727 2891 779 2945 τις
800 2861 865 2952 τὴν
887 2859 1028 2946 είκόνα,
1030 2867 1104 2946 ,τοῦ
1119 2858 1271 2952 όορότου
1286 2869 1390 2934 θεοῦ“
1405 2862 1606 2951 γνοόσεται,
1609 2861 1682 2934 τὸν

378 2969 534 3052 πατέρα
554 2969 618 3034 καί
641 2961 816 3054 ποιητὴν
836 2969 955 3035 τοῦδε
977 2967 1048 3034 τοῦ
1069 2958 1249 3046 παντόςί

329 3089 362 3144 25
461 3083 570 3150 XLIV.
610 3085 737 3164 Κέλσος
764 3083 826 3169 μέν
855 3070 918 3151 οῦν
944 3075 1023 3170 ἤτοι
1053 3087 1100 3168 τῇ
1129 3085 1313 3152 συνθέσει
1342 3087 1390 3168 τῇ
1417 3083 1480 3151 ἐπὶ
1506 3077 1554 3150 τὰ
1581 3075 1682 3153 ἄλλα

380 3173 551 3268 όνόλογον
578 3185 621 3268 τῇ
642 3179 734 3267 παρὰ
756 3198 828 3262 τοῖς
850 3185 1052 3269 γεωμέτραις
1072 3185 1262 3269 καλουμένῃ
1284 3185 1471 3251 συνθέσει
1492 3173 1513 3269 6
1536 3187 1583 3269 τῇ
1604 3176 1682 3253 όπὸ

380 3286 463 3351 τῶν
491 3273 625 3350 ἄλλων
653 3275 841 3351 ἀναλόσει
870 3273 890 3368 ἢ
919 3285 975 3350 καί
1003 3275 1211 3372 ἇναλοίγίᾳ
1238 3275 1410 3368 όνόλογον
1432 3287 1475 3368 τῇ
1496 3279 1588 3370 παρὰ
1610 3301 1683 3365 τοῖς
1705 3297 1754 3351 220

379 3375 494 3460 αῦτοῑς
522 3373 715 3472 όναλογίᾳ
742 3383 847 3450 οίεται
874 3377 1098 3468 γινώσκεσθαι
1121 3376 1299 3463 τὸνθεόν,
1327 3383 1382 3450 ἐπὶ
1409 3377 1451 3449 τὰ
1473 3376 1633 3468 πρόθυρα
1655 3386 1683 3451 εί

381 3473 444 3564 ἄρα
475 3483 538 3550 τοῦ
567 3475 701 3568 ἀγαθοῦ
733 3484 956 3568 δυναμένου
983 3477 1077 3562 τινὸς
1102 3473 1218 3561 οῦτως
1243 3483 1371 3550 ἐλθεῖν·
1403 3475 1422 3550 6
1451 3483 1486 3550 δὲ
1512 3485 1575 3549 τοῦ
1600 3487 1685 3550 θεοῦ

329 3587 363 3642 30
380 3573 481 3666 λόγος
510 3575 630 3648 είιισόν·
659 3574 788 3663 ,οὐδεὶς
818 3579 906 3667 ἔγνω
936 3575 1000 3649 τόν
1029 3583 1159 3667 πατέρα
1190 3583 1218 3648 εί
1251 3577 1296 3668 μὴ
1328 3573 1347 3650 6
1373 3577 1445 3662 υίὸς
1472 3587 1527 3650 καὶ
1551 3569 1579 3668 6
1601 3573 1683 3651 666

464 3765 483 3820 8
506 3765 531 3818 11
550 3763 612 3818 Kor.
632 3765 673 3831 12,
689 3767 714 3820 4.
737 3795 770 3806 -
793 3765 812 3822 5
835 3765 935 3820 Matth.
954 3767 994 3832 11,
1014 3767 1054 3821 15.
1080 3765 1125 3828 13,
1142 3767 1166 3820 0.
1185 3767 1227 3820 43.
1257 3765 1344 3820 Μειλι.
1362 3769 1391 3829 4,
1409 3767 1433 3821 9.
1452 3765 1493 3820 23.
1525 3765 1593 3822 Luk.
1611 3767 1640 3832 8,
1659 3767 1683 3821 8.

380 3851 420 3912 14,
432 3850 473 3905 05.
492 3848 652 3904 -01420
672 3849 732 3918 Vgl.
751 3849 840 3914 Plato,
858 3849 927 3904 Ἧω.
941 3850 1006 3920 Cap.
1019 3849 1044 3902 V
1057 3865 1082 3919 p.
1095 3850 1128 3903 28
1138 3849 1166 3904 C.
1180 3879 1211 3889 -
1233 3851 1247 3905 1
1267 3849 1365 3904 51εέ55.
1382 3853 1407 3918 5,
1425 3849 1449 3906 8.
1462 3850 1527 3906 -0
1546 3850 1609 3920 vgl.
1622 3851 1683 3906 Kol.

380 3937 457 4004 1,15.
476 3965 509 3974 -
526 3935 546 3990 0
564 3951 589 3988 u.
604 3933 642 3990 12
660 3933 722 3990 Joh.
737 3937 777 4000 14,
794 3936 819 3990 0.
837 3965 869 3974 -
891 3933 930 3990 14
948 3933 1015 3988 Luk.
1027 3935 1069 3996 23.
1086 3935 1127 3988 21.
1141 3963 1173 3973 -
1193 3933 1231 3990 15
1250 3933 1683 4003 Vgl.Joh.19,10.-16n.1s

379 4019 440 4075 Joh.
459 4021 500 4084 14,
516 4019 540 4073 θ.
558 4047 591 4057 -
609 4017 649 4073 20
667 4017 728 4074 Joh.
748 4022 788 4084 14,
805 4019 830 4074 8.
848 4048 881 4059 -
899 4017 936 4074 21
957 4018 1019 4086 vgl.
1037 4018 1098 4073 Joh.
1113 4020 1242 4082 1,14.18.
1267 4020 1292 4080 3,
1310 4021 1350 4076 16.
1369 4021 1409 4075 18.
1434 4021 1446 4073 1
1464 4019 1605 4084 10149.
1623 4019 1684 4074 Κοὶ.

381 4105 457 4170 1,15.
476 4133 507 4144 -
527 4101 566 4158 22
584 4101 810 4172 vgl.J0h.1,14.
828 4133 861 4144 —
879 4103 919 4159 28
938 4102 1001 4172 vgl.
1015 4102 1074 4158 Kol.
1088 4107 1111 4170 1,
1125 4107 1165 4160 15.
1178 4133 1211 4142 -
1223 4103 1263 4160 80
1281 4103 1379 4159 Matth.
1393 4108 1434 4170 11,
1447 4105 1489 4160 27.
1508 4103 1576 4161 Luk.
1589 4106 1629 4169 10,
1642 4105 1683 4159 22.

465 4254 484 4309 4
501 4251 552 4328 τῷ]
570 4257 624 4308 τοῦ
640 4255 665 4308 Δ
680 4257 684 4316 Ι
699 4255 768 4310 4-5
786 4271 830 4308 am
843 4253 922 4308 nand
941 4271 977 4322 οη
995 4256 1029 4308 4¹
1047 4253 1051 4320 1
1069 4254 1083 4309 ί
1105 4251 1173 4310 ἰδεῖν
1190 4247 1279 4326 ἔργον
1296 4257 1320 4309 Δ
1338 4247 1426 4327 ἐργον
1443 4253 1514 4311 ἰδεῖν
1529 4255 1664 4326 MAusgg.
1680 4259 1682 4321 ί

382 4339 420 4395 11
439 4331 558 4409 φήσειεν
569 4337 771 4408 V⁰⁰“·Ausgg.
790 4333 913 4408 φήσαιεν
924 4341 949 4392 Δ
964 4341 968 4405 Ι
985 4337 1021 4394 15
1039 4333 1159 4402 ιιιλάτος
1171 4340 1214 4407 ΔΙ
1232 4339 1270 4395 18
1288 4333 1420 4396 τοσαῦτα
1437 4334 1536 4410 χρόνω
1548 4344 1573 4395 Δ
1584 4343 1686 4395 τοσοῑ»

379 4440 433 4479 τον
446 4419 556 4495 χρόνον
567 4423 702 4493 ΜΔυεςς.
719 4425 723 4492 Ι
741 4423 778 4479 10
796 4417 893 4494 είριμιε
904 4426 930 4477 Α
944 4425 948 4492 Ι
963 4423 1079 4479 22-28
1098 4440 1142 4478 σω
1156 4423 1235 4477 Βευᾱ
1248 4441 1284 4494 οη
1295 4426 1332 4476 4¹
1348 4425 1352 4492 Ι
1367 4423 1407 4479 20
1426 4416 1530 4493 ὄψεται
1541 4441 1568 4480 ιι.
1579 4419 1685 4494 γνοίσε-

380 4525 427 4564 ται
439 4507 497 4562 will
509 4509 557 4562 Bo.
570 4507 667 4576 (Νοθυε
678 4525 703 4578 p.
716 4509 776 4576 402)
795 4507 847 4561 mit
864 4507 994 4562 einander
1006 4508 1183 4562 vertausohen
1200 4509 1204 4576 Ι
1220 4507 1257 4564 27
1277 4501 1418 4585 ἀναλογίᾳ
1435 4508 1687 4579 mmmmm.

380 4589 539 4662 ἀναλογίαν
560 4597 597 4658 Δ;
624 4587 764 4668 α’ναλογίᾳ
787 4592 845 4646 will
867 4591 927 4648 Del.
945 4593 967 4660 (1
986 4593 1035 4648 725
1054 4595 1135 4648 Anm.
1154 4593 1178 4662 ε)
1196 4591 1238 4646 als
1256 4591 1417 4662 uberflussig
1438 4593 1587 4658 streiehem
1616 4593 1687 4648 doch

381 4675 435 4745 vgl.
455 4675 527 4731 oben
547 4676 596 4732 VII
612 4679 654 4742 42,
673 4677 698 4732 S.
718 4677 768 4733 102
784 4675 810 4732 Ζ.
829 4677 870 4731 32.
