3780 5538
334 378 395 446 344
875 374 1100 430 αοεεσιιοτκ

335 531 376 606 ού
405 531 536 624 μακράν
565 539 636 606 ἐστι
666 543 740 608 τῶν
769 545 906 625 γωνιῶν
935 543 1030 622 ,τῶν
1061 541 1264 607 πλατειῶν.“
1308 527 1382 604 ἀλλ’
1405 526 1465 619 ούχ
1497 525 1516 602 ό
1547 524 1639 618 άγιος

335 639 510 717 τοιοῦτος·
539 630 580 706 σύ
610 645 702 720 φιλεῖ
729 634 792 726 γὰρ
826 634 1114 725 ,,προσεύχεσθαι“
1136 631 1221 708 ἀλλὰ
1252 628 1378 722 ἀγαπᾷ,
1409 638 1464 702 καὶ
1497 625 1559 702 ούκ
1581 635 1640 716 ,ἐν

334 741 564 822 συναγωγαῖς(
595 729 670 806 ἀλλ’
700 739 737 806 ἐν
768 739 970 825 ἐκκλησίαις,
1000 741 1055 806 καί
1091 730 1152 806 ούκ
1182 791 1201 818 ,,
1209 738 1245 804 ἐν
1274 737 1414 820 γωνίαις
1443 736 1638 801 πλατειῶνα

331 827 406 903 ἀλλ’
429 836 466 903 ἐν
487 839 532 922 τῇ
553 828 715 923 εύθύτητι
737 841 798 924 τῆς
819 841 939 926 στενῆς
959 842 1014 906 καὶ
1035 838 1259 923 τεθλιμμένης
1282 826 1373 915 ὁδοῦ,
1395 826 1483 902 ἀλλὰ
1503 836 1559 901 καὶ
1579 826 1639 917 ούχ

298 935 388 1002 δίνα
420 938 514 1020 φανῇ
543 950 637 1016 ,τοῖς
666 930 890 1022 ἀνθρώποις(
921 929 995 1006 ἀλλ’
1026 930 1068 1004 ἵν’
1091 927 1186 1020 ὀφθῇ
1221 930 1392 1016 ,ἐντόπιον
1426 936 1546 1019 κυρίου
1576 936 1639 1000 τοῦ

332 1037 445 1102 θεοῦ.“
487 1027 595 1120 άῤῥην
620 1029 682 1121 γάρ
704 1037 775 1104 ἐστι
797 1031 860 1105 τὸν
878 1031 1023 1121 ,δεκτόν
1044 1031 1202 1104 ἐνιαυτὸν
1221 1038 1360 1120 κυρίου(
1383 1036 1477 1100 νοῶν
1497 1035 1553 1100 καὶ
1575 1027 1639 1118 τὴν

332 1128 478 1220 ἐντολὴν
504 1137 622 1221 τηρῶν
647 1130 713 1222 τὴν
743 1139 920 1222 λέγουσαν·
949 1139 1043 1222 ,τρὶς
1074 1137 1137 1203 τοῦ
1168 1135 1328 1203 ἐνιαυτοῦ
1353 1124 1545 1218 ὀφθήσεται
1570 1134 1640 1202 πᾶν

331 1225 508 1318 ἀρσενικόν
529 1231 819 1322 ἐνῶπισνκυρίου
839 1239 902 1305 τοῦ
924 1237 1037 1303 θεοῦ.“

414 1339 443 1402 2.
479 1334 645 1418 ἐπιμελῶς
681 1337 716 1404 δέ
749 1328 934 1404 ἀκουστέον
963 1337 1027 1403 τοῦ
1056 1336 1264 1417 ,,φανῶσιν,“
1289 1331 1361 1399 ἐπεὶ
1392 1325 1491 1401 ούδέν
1521 1323 1638 1416 φαινό-

282 1446 315 1502 10
332 1455 435 1518 μενον
459 1425 569 1500 καλόν
596 1434 697 1514 ἐστιν,
720 1431 825 1504 οίονεὶ
852 1428 985 1521 δοκήσει
1006 1424 1047 1502 όν
1067 1437 1124 1500 καὶ
1146 1425 1208 1500 ούκ
1229 1425 1371 1518 άληθῶς
1392 1435 1447 1498 καὶ
1470 1425 1534 1517 τὴν
1555 1454 1637 1514 φαν-

332 1535 452 1600 τασίαν
478 1537 622 1601 πλανῶν
649 1525 722 1601 ἀλλ’
744 1527 808 1602 ούκ
834 1528 980 1620 ἀκριβῶς
1005 1536 1061 1600 καί
1083 1526 1224 1620 ἀληθῶς
1245 1531 1423 1600 ἐκτυπσῦν.
1466 1521 1581 1614 ῶσπερ
1604 1530 1639 1596 δέ

332 1629 365 1699 οί
391 1632 428 1700 ἐν
454 1646 527 1711 τοῖς
551 1626 711 1720 θεάτροις
737 1627 920 1721 δραμάτων
945 1635 1054 1702 τινῶν
1079 1627 1260 1717 ύκοκριταὶ
1286 1623 1347 1716 ούχ
1374 1621 1458 1714 ὅπερ
1485 1632 1639 1716 λέγουσίν

333 1732 430 1812 εἰσιν,
470 1723 545 1800 ούδ’
572 1721 657 1817 ὅπερ
692 1735 877 1813 βλέπονται
910 1725 990 1802 καθ’
1018 1723 1037 1802 ὃ
1071 1735 1279 1817 περίκεινται
1313 1723 1503 1816 πρόσωπον
1533 1731 1639 1796 τοῦτο

335 1825 572 1916 τυγχάνουσιν·
601 1823 715 1911 οὕτως
744 1835 799 1900 καὶ
829 1826 956 1910 πάντες
987 1829 1018 1900 οί
1044 1824 1333 1918 ἐπιμορφάζοντες
1360 1833 1412 1918 τῷ
1439 1832 1551 1898 δοκεῖν
1576 1823 1641 1914 τὴν

282 1943 315 1997 15
335 1933 399 1998 τοῦ
428 1933 534 2000 καλοῦ
564 1933 756 2015 φαντασίαν
787 1923 828 1999 ού
860 1936 983 2000 δίκαιοι
1013 1924 1086 2000 ἀλλ’
1113 1925 1295 2016 ὑποκριταί
1325 1929 1386 1998 είσι
1418 1923 1639 2016 δικαιοσύνης,

332 2031 389 2097 καὶ
411 2021 511 2100 αύτοὶ
532 2031 570 2098 ἐν
591 2031 667 2117 ίδίῳ
689 2023 828 2118 θεάτρῳ
850 2023 1132 2118 ύποκριίνόμενοι,
1154 2044 1249 2112 ,ταῖς
1268 2043 1475 2115 συναγωγαῖς
1492 2032 1548 2094 καί
1566 2042 1640 2108 ταῖς
1661 2038 1713 2093 230

333 2133 472 2215 γωνίαις
503 2131 577 2196 τῶν
606 2132 810 2199 πλατειῶν.“
855 2121 874 2198 ὁ
905 2132 940 2198 δὲ
969 2126 1014 2218 μὴ
1045 2125 1233 2216 ὑποκριτὴς
1262 2122 1348 2197 ἀλλὰ
1374 2130 1444 2196 πᾶν
1470 2123 1512 2196 τὸ
1542 2120 1641 2196 ἀλλό-

333 2253 432 2315 τριον
462 2221 687 2315 ἀποθέμενος,
718 2230 755 2296 ἐν
784 2231 836 2316 τῶ
866 2225 998 2310 παντὸς
1025 2233 1088 2298 τοῦ
1113 2230 1359 2316 προειρημένου
1382 2221 1535 2314 θεάτρου
1559 2218 1640 2294 καθ’

333 2319 525 2415 ύπερβολὴν
560 2331 686 2414 μείζονι
714 2322 837 2396 ἐαυτὸν
867 2322 1019 2414 ἀρέσκειν
1048 2320 1272 2416 εύτρεπίζων,
1309 2327 1489 2414 εἰσέρχεται
1522 2327 1568 2406 είς
1598 2321 1640 2394 τό

282 2437 316 2493 20
334 2424 457 2494 ἑαυτοῦ
484 2432 675 2512 ,,ταμεῑον,“
696 2427 752 2496 ἐπὶ
777 2431 842 2497 τοῦ
867 2428 1279 2514 ἐναποτεθησαυρισμένου
1298 2422 1453 2495 πλούτου
1473 2421 1537 2494 τὸν
1558 2428 1640 2512 ,τῆς

334 2527 456 2609 σοφίας
488 2529 543 2592 καί
574 2522 754 2612 γνῶσεωςίί
787 2522 963 2614 θησαυρὸν
994 2525 1105 2614 ἐαυτῷ
1136 2520 1354 2605 ἀποκλείσας·
1391 2530 1447 2594 καὶ
1477 2528 1640 2614 μηδαμῶς

334 2623 398 2708 ἐξω
425 2620 537 2692 νεύων
562 2627 646 2712 μηδὲ
673 2629 750 2712 περὶ
777 2621 820 2694 τά
846 2623 911 2708 ἔξω
938 2624 1088 2713 κεχηνώς
1112 2619 1226 2694 πᾶσάν
1248 2651 1285 2694 τε
1306 2621 1392 2713 ,τὴν
1412 2620 1544 2710 θύραν“
1566 2627 1640 2693 τῶν

333 2725 568 2810 αἰσθητηρίων
599 2718 808 2807 ἀποκλείσας,
831 2727 887 2794 ἵνα
911 2721 956 2812 μὴ
983 2723 1120 2810 ἕλκηται
1147 2717 1214 2792 ύπὸ
1242 2727 1318 2794 τῶν
1343 2719 1534 2811 αἰσθήσεων
1558 2725 1639 2812 μηδὲ

333 2823 472 2892 ἐκείνων
503 2816 523 2910 ἦ
555 2830 725 2909 φαντασία
755 2829 806 2913 τῷ
838 2829 890 2913 νῷ
918 2818 1023 2893 αύτοῦ
1048 2824 1313 2911 ἐπεισκρίνηται,
1341 2819 1561 2910 προσεύχεται
1587 2827 1638 2911 τῷ

282 2933 315 2988 25
334 2917 374 2990 τὸ
402 2927 567 2992 τοιοῦτον
594 2919 748 3009 κρυπτὸν
772 2920 816 3010 μὴ
845 2919 1007 3009 φεύγοντι
1031 2925 1113 3008 μηδὲ
1139 2925 1418 3007 ἐγκαταλείποντι
1439 2926 1543 3009 πατρί
1565 2915 1638 2992 ἀλλ’

333 3023 370 3090 ἐν
397 3016 493 3111 αύτῷ
520 3027 753 3104 κατοικοῦντι,
775 3016 1012 3110 συμπαρόντος
1039 3015 1135 3110 αύτῷ
1157 3027 1213 3090 καὶ
1235 3026 1298 3092 τοῦ
1318 3026 1530 3108 μονογενοῦς.
1572 3021 1638 3108 ἐγώ

333 3117 409 3209 γὰρ,
437 3129 531 3209 φησὶ,
559 3126 634 3204 ,καί
662 3115 681 3191 δ
707 3118 842 3210 πατὴρ(
863 3119 970 3207 ,πρὸς
997 3114 1106 3190 αύτόν
1128 3116 1332 3209 ἐλευσόμεθα
1352 3125 1409 3190 καὶ
1425 3119 1539 3238 μονὴν
1559 3113 1639 3206 παρ’

333 3214 429 3308 αύτῷ
456 3216 698 3308 ποιησόμεθα.“
741 3223 846 3309 δῆλον
872 3225 907 3290 δὲ
935 3213 990 3291 ότι
1016 3225 1068 3308 τῷ
1096 3225 1230 3308 δικαίῳ,
1257 3217 1316 3290 ἐάν
1337 3218 1378 3308 δὴ
1401 3246 1515 3302 ουτως
1537 3211 1639 3307 εύχώ-

332 3328 431 3405 μεθα,
454 3313 496 3389 ού
518 3314 627 3406 μόνον
648 3325 721 3410 θεῷ
744 3314 908 3390 ἀλλὰκαὶ
930 3326 1033 3406 πατρὶ
1056 3315 1291 3405 ἐντευξόμεθα,
1314 3314 1362 3401 ῶς
1383 3321 1470 3388 υἱῶν
1490 3319 1534 3408 μὴ
1557 3311 1639 3388 ἀπο-

281 3429 316 3485 30
334 3423 524 3506 λειπομένῳ
548 3413 633 3489 ἀλλά
663 3414 810 3508 παρόντι
841 3413 938 3508 ἡμῶν
971 3424 1044 3508 ,τῷ
1070 3425 1235 3508 κρυπτᾷ(
1265 3423 1321 3488 καί
1352 3422 1527 3507 ἐφορῶντι
1554 3413 1639 3490 αύτό

418 3652 436 3708 2
460 3651 524 3722 vgl.
543 3653 641 3707 Matth.
660 3655 685 3712 6,
703 3655 727 3708 5.
750 3683 783 3692 -
806 3652 1177 3724 4vg1.Matth.7,14.-
1199 3655 1217 3710 5
1236 3651 1299 3722 Vgl.
1317 3653 1418 3708 Matth.
1436 3655 1461 3718 6,
1478 3657 1502 3710 5.
1522 3685 1555 3693 -
1577 3653 1639 3722 Vgl.

333 3735 414 3791 θοαί.
434 3737 475 3805 16,
493 3739 533 3793 16.
550 3767 584 3778 -
602 3739 621 3794 6
639 3737 703 3806 Vgl.
722 3737 774 3792 ίεε.
791 3739 832 3801 61,
850 3740 866 3793 2
884 3739 963 3808 (Luk.
976 3743 1000 3804 4,
1014 3740 1064 3808 19).
1083 3771 1117 3779 -
1134 3739 1149 3794 2
1166 3739 1245 3793 Dent.
1258 3739 1299 3800 16,
1312 3739 1352 3792 16.
1371 3768 1403 3776 -
1421 3739 1440 3794 θ
1461 3739 1523 3808 Vgl.
1541 3737 1639 3793 Matth.

332 3821 361 3887 6,
380 3823 404 3876 5.
427 3852 459 3861 -
484 3823 521 3878 12
540 3821 578 3878 26
597 3823 637 3879 20
659 3822 724 3892 Vgl.
742 3822 841 3876 Matth.
859 3823 883 3890 6,
901 3825 926 3879 6.
949 3855 982 3862 -
1005 3824 1046 3880 26
1065 3823 1126 3893 Vgl.
1146 3825 1206 3878 Kol.
1224 3823 1248 3888 2,
1267 3823 1291 3876 3.
1325 3821 1466 3887 ITim.6,
1485 3823 1525 3878 18.
1547 3824 1585 3877 19.
1607 3851 1640 3860 -

332 3905 372 3960 25
394 3905 457 3976 Vgl.
477 3905 588 3977 [Ephes.
601 3909 624 3971 2,
638 3907 678 3961 22.
697 3907 785 3977 3‚17.]
804 3907 922 3962 Barnab.
940 3907 1004 3962 XVI
1020 3909 1044 3963 8.
1063 3938 1096 3948 —
1113 3908 1152 3964 26
1169 3907 1233 3977 vgl.
1250 3907 1312 3961 Joh.
1332 3912 1355 3972 1,
1374 3910 1414 3962 14.
1434 3907 1474 3962 18.
1498 3907 1522 3970 3,
1541 3905 1640 3962 1618.

334 3990 426 4047 IJoh.
444 3993 469 4058 4,
487 3993 511 4046 9.
530 3989 697 4059 -22vg1.
716 3989 776 4044 Joh.
798 3993 837 4056 14,
856 3993 897 4046 23.

418 4193 457 4248 ιο
476 4185 601 4262 σιηοος]
621 4185 727 4262 ειηοες
744 4192 817 4247 fluet
834 4194 891 4260 (am
909 4192 997 4261 fland)
1016 4162 1079 4262 ἀλλ’
1096 4193 1144 4263 [so]
1162 4193 1204 4262 σι
1238 4191 1350 4250 11-12
1370 4210 1415 4246 am
1435 4192 1514 4246 nand
1532 4195 1569 4261 σῇ
1587 4207 1641 4244 von

333 4276 353 4328 Ι.
365 4275 399 4330 Η.
418 4275 440 4328 Τ
456 4277 460 4344 Ι
477 4275 514 4332 12
534 4271 690 4348 δραμάτων
701 4280 804 4346 Ausgg.
823 4273 994 4345 δραμόντων
1010 4275 1033 4330 Τ
1048 4283 1052 4342 Ι
1070 4278 1108 4334 18
1127 4270 1264 4349 θεάτρου]
1284 4296 1336 4333 von
1355 4279 1389 4333 II.
1402 4277 1435 4332 H.
1448 4293 1497 4330 aus
1515 4270 1639 4349 θεάτρῳ,

332 4377 366 4415 w.
384 4378 407 4416 e.
425 4362 490 4427 sch,
508 4361 652 4431 corrigiert
667 4361 697 4424 T,
715 4355 833 4435 θεάτρῳ
851 4361 936 4416 Lond.
952 4363 957 4429 Ι
973 4362 1012 4418 12
1031 4356 1135 4418 ἑαυτὸν
1152 4362 1276 4417 schreibe
1293 4363 1337 4416 ioh
1356 4363 1408 4417 mit
1419 4359 1500 4429 Angl.
1514 4359 1569 4426 (bei
1580 4358 1640 4413 Del.

332 4445 450 4514 19202),
470 4447 532 4501 dem
550 4447 610 4500 Del.
628 4445 753 4515 (ebenda)
773 4446 924 4512 zustimmt,
947 4445 1019 4500 deun
1041 4440 1217 4518 εύτρεπίζοιν
1234 4447 1368 4512 erfordert
1385 4447 1429 4501 ein
1448 4443 1641 4500 Aoomaffivob·

328 4529 400 4598 joon
418 4527 510 4604 ἑαυτῷ
528 4531 658 4598 TAusgg.
