3790 5526
635 475 738 530 ΚΑΤΑ
759 475 920 532 ΚΕΔΣΟΥ
938 477 980 536 vl
1000 479 1041 534 57.
1059 475 1101 532 58.
1118 475 1160 532 69.
1490 482 1549 544 129

245 645 319 760 τρῖν
341 638 405 722 ἕως
428 645 502 759 τρόν
522 645 691 711 πετεινῶν
721 644 785 711 τοῦ
812 636 974 728 ούρανοῦ·
1004 632 1058 711 ότι
1087 637 1290 759 ἐθυμρύθην,
1323 632 1377 708 ότι
1408 642 1549 728 ἐποίησα

245 733 399 822 αύτούς,“
428 736 472 809 τά
493 737 538 828 μή
558 743 766 828 γεγραμμένα
785 735 1043 859 ἐκτιθέμεμος“
1015 769 1063 821 ως
1085 734 1313 828 δηλούμενα’
1293 734 1360 809 απὸ
1391 743 1466 809 τῶν
1498 765 1548 826 γε·

241 845 454 964 χρσμμένων.
489 843 689 926 μεταμέλεια
718 836 782 928 γάρ
813 843 850 910 ἐν
885 835 1023 920 τούτοις
1054 832 1116 908 ούκ
1148 833 1335 926 ἀνομάσθη
1363 841 1446 908 θεοῦ
1477 832 1549 908 ούδ

245 931 300 1009 ότι
330 937 404 1028 τήν
435 939 579 1060 666106
602 944 748 1061 τέχνην
767 943 967 1027 μέμφεται
988 942 1053 1008 καί
1073 954 1185 1023 μισεῖ.

211 1051 227 1104 5
329 1042 358 1108 εί
379 1041 415 1109 δε
437 1031 569 1108 δοκεῖ
550 1065 569 1108 ο
589 1035 671 1120 θεὸς
693 1034 875 1110 ἀπειλεῖν
896 1035 940 1108 τά
962 1041 1026 1108 τού
1046 1040 1328 1124 κατακλυσμοῦ
1349 1041 1404 1105 καὶ
1432 1040 1548 1122 φθεί-

245 1165 331 1226 ρειν
351 1141 389 1208 ἐν
410 1134 504 1226 αύτῷ
527 1135 574 1209 τά
596 1140 720 1208 ίδια”
705 1164 860 1226 εκγονα,
886 1127 1066 1206 λεκτέον“
1048 1162 1112 1218 οτι,
1142 1130 1320 1206 ἀθανάτου
1348 1140 1409 1224 τῆς
1440 1141 1550 1224 ψυχῆς

246 1243 319 1308 τῶν
341 1232 541 1326 ἀνθρώπων
563 1235 798 1326 τυγχανούσης,
821 1232 842 1326 ή
867 1242 928 1326 μὲν
957 1239 1159 1324 νομιζομένη
1188 1228 1307 1322 ἀπειλὴ
1337 1237 1551 1322 ἐπιστρέφειν

246 1334 404 1457 δούλεται
426 1334 506 1420 τούς
528 1331 725 1426 ἀκούοντας,
753 1331 826 1426 ήδ
849 1340 959 1424 ἐντῷ
986 1340 1249 1422 κατακλυσμῷ
1277 1332 1450 1423 διαφθορά
1477 1342 1550 1457 ξων

197 1543 229 1598 10
246 1533 476 1625 ταφρονήτως
498 1533 792 1625 φιλοσοφήσαντες
813 1532 983 1624 εἰρήκασιν
1005 1535 1127 1622 ἐντῷ·
1148 1526 1255 1619 ,όταν
1276 1527 1306 1602 δ’
1328 1533 1361 1604 οί
1379 1539 1455 1604 θεοὶ
1477 1532 1551 1623 τήν
1575 1559 1576 1562 ’

247 1641 319 1726 γῆν
348 1641 602 1723 καθαίρωσι.“
647 1641 724 1723 περὶ
753 1640 788 1706 δέ
818 1641 893 1705 τῶν
924 1630 1067 1722 ἀσπερεί
1097 1628 1395 1719 ἀνθρωποπαθῶν
1426 1639 1553 1718 λέξεων

247 1729 512 1823 ἀναφερομένων
538 1737 590 1803 ἐπὶ
616 1731 784 1806 τὸνθεόν
807 1729 869 1806 ούκ
901 1727 998 1822 ὀλίγα
1027 1727 1106 1821 ἡμῖν
1136 1739 1191 1802 καὶ
1220 1735 1257 1803 ἐν
1286 1751 1359 1816 τοῖς
1388 1729 1552 1822 ἀνωτέρω

247 1839 407 1904 λέλεκται.

330 1953 408 2019 LIX.
442 1943 656 2037 Ῥπιδόμενος
677 1942 707 2018 δ’
730 1948 804 2037 ἑξῆς
826 1941 845 2018 6
869 1951 997 2030 Κέλσος
1021 1943 1107 2036 τάχα
1129 1953 1165 2018 δέ
1185 1953 1240 2016 καί
1267 1944 1370 2029 αὐτὸς
1396 1951 1551 2034 συνιδών,

199 2042 267 2118 156
290 2076 323 2120 τι
350 2045 491 2119 δύναται
517 2052 680 2136 λεχθῆναι
705 2042 772 2118 ύπὸ
803 2054 877 2118 τῶν
906 2042 1196 2136 ἀπολογουμένων
1225 2051 1301 2135 περί
1331 2055 1405 2120 τῶν
1433 2052 1470 2120 ἐν
1500 2058 1551 2140 τῷ

248 2151 515 2236 κατακλυσμῷ
537 2150 812 2235 διαφθαρέντων,
836 2152 949 2234 φησίν·
980 2151 1009 2216 εί
1030 2150 1066 2215 δέ
1087 2144 1131 2235 μή
1154 2151 1370 2235 διαφθείρει
1400 2146 1448 2220 τά
1470 2151 1552 2220 ίδια

164 2251 406 2335 1ὔίίῐέκγονα,
442 2263 516 2316 ποῖ
548 2273 648 2316 ποτε
682 2240 768 2315 αύτά
792 2249 797 2330 Ι
824 2241 1011 2334 ύπεξάγει
1046 2251 1118 2316 τοῦ
1152 2241 1303 2332 κόσμου
1339 2252 1469 2334 τοῦδε,
1506 2243 1551 2321 έν

248 2348 436 2433 ἐποίησεν
457 2339 592 2428 αύτός;
621 2351 677 2414 καὶ
697 2340 784 2432 πρός
804 2349 910 2416 τοῦτο
933 2349 968 2415 δὲ
991 2349 1132 2433 λέγομεν
1153 2336 1207 2414 ότι
1230 2349 1303 2416 τού
1331 2351 1393 2434 μὲν
1420 2346 1552 2432 παντὸς

247 2441 413 2534 κόσμου,
444 2449 658 2527 συνεστῶτος
687 2447 723 2529 ἐξ
753 2439 900 2530 ούρανοῦ
931 2449 988 2513 καὶ
1018 2449 1092 2533 γής,
1125 2438 1166 2514 ού
1194 2440 1336 2526 πάντως
1366 2440 1553 2537 ὑπεξάγει

196 2555 230 2610 20
248 2543 328 2626 τούς
350 2541 413 2613 τὸν
434 2540 715 2631 κατακλυσμὸν
736 2538 968 2628 πεπονθότας,
997 2537 1209 2614 ἀπαλλάττει
1229 2537 1404 2627 δ’,αύτούς
1433 2551 1494 2635 τῆς
1515 2550 1553 2617 ἐν

247 2649 343 2732 σαρκί
367 2648 457 2732 ζωῆς
478 2646 534 2712 καί
556 2638 729 2724 ἀπολύσας
752 2649 825 2713 τῶν
847 2638 1018 2731 σωμάτων
1046 2637 1188 2712 ἀπολύει
1220 2635 1287 2731 άμα
1315 2649 1372 2712 καὶ
1402 2649 1466 2716 τοῦ
1497 2649 1553 2718 ἐπὶ

246 2749 305 2833 γής
328 2738 514 2862 τυγχάνειν
542 2735 585 2827 ἣν
607 2747 781 2829 πολλαχοῦ
811 2749 885 2812 τῶν
915 2748 1059 2862 γραφῶν
1088 2744 1169 2823 ἔθος
1199 2735 1423 2828 ὀνομάζεσθαι
1441 2751 1446 2830 Ι
1464 2740 1552 2815 κόσ-
1573 2751 1625 2807 678

245 2870 327 2932 μον.
370 2837 515 2932 μάλιστα
546 2833 634 2911 δέν
613 2846 716 2930 ντῷ
745 2840 833 2912 κατὰ
863 2838 1022 2930 Ἰωάννην
1051 2835 1232 2959 εύαχγελίηο
1264 2838 1430 2924 πολλάκις
1459 2843 1553 2915 ἐστιν

247 2937 356 3030 εύρεῑν
376 2936 529 3029 κόσμον
549 2937 614 3010 τὸν
636 2945 804 3060 περίγειον
822 2935 1074 3030 ὀνομαζόμενον
1089 2935 1208 3024 τόπον,
1232 2933 1345 3028 όόσπερ
1366 2947 1423 3011 καί
1443 2945 1480 3012 ἐν
1500 2947 1551 3032 τῷ

196 3053 229 3106 25
247 3031 310 3126 ,ήν
336 3036 378 3159 τὸ
405 3047 481 3128 φῶς
506 3036 548 3110 τό
575 3035 753 3128 ἀληθινόν,
784 3070 795 3111 ι
833 3043 975 3127 φωτίζει
1004 3035 1120 3110 πάντα
1149 3033 1340 3126 ἄνθρωπον
1371 3036 1555 3128 ἐρχόμενον

248 3145 294 3221 εἰς
321 3137 394 3210 τὸν
420 3134 592 3258 κόσμομξ
594 3145 715 3222 ’κα1,
716 3141 764 3222 ,ἐν
786 3144 843 3229 τῷ
865 3134 999 3228 κόσμῳ
1021 3147 1145 3224 θλίψιν
1160 3141 1261 3226 ἐχετε
1283 3135 1370 3209 αλλα
1385 3147 1553 3227 θαρσεῖτε

248 3239 314 3326 ἐγω
337 3246 496 3326 νενίκηκα
517 3235 590 3309 τὸν
611 3233 791 3325 κόσμσνί(
826 3243 855 3309 εί
873 3245 934 3326 μὲν
957 3229 1021 3308 οὖν
1049 3233 1164 3308 ἀκούει
1194 3264 1247 3319 τις
1277 3242 1340 3307 τοῦ
1369 3233 1554 3328 ἀντεξάγει

249 3343 322 3410 τοῦ
343 3333 493 3424 κόσμου
516 3341 634 3456 τμῦδε
656 3364 719 3408 του
703 3341 911 3426 περιγείου
933 3332 1052 3421 τόπου,
1075 3330 1216 3406 066st
1196 3363 1329 3407 ατοπον
1343 3332 1479 3430 ἀπαντᾷ
1501 3344 1554 3427 τῴ

249 3433 353 3526 λόγῳ·
385 3441 413 3506 εί
438 3439 474 3506 δὲ
503 3431 652 3524 κόσμον
683 3433 725 3506 τὸ
752 3430 962 3525 ἐξούρανοῦ
982 3442 1039 3505 καὶ
1060 3439 1120 3554 γῆς
1142 3432 1291 3524 σύστημα
1314 3409 1470 3525 ὀνομάζει
1492 3465 1554 3559 τις,

197 3549 231 3605 30
248 3565 289 3607 ου
321 3532 463 3618 πάντως
499 3538 537 3606 οί
562 3531 625 3607 τόν
660 3530 942 3623 κατακλυσμὸν
978 3530 1152 3617 παθόντες
1187 3529 1506 3624 ύπεξάγονται’
1484 3536 1555 3657 μπὸ

248 3641 320 3707 τοῦ
342 3628 456 3718 ούτως
477 3629 728 3726 ὀνομαζομένου
755 3629 916 3724 κόσμου.
959 3637 1071 3704 καίτοι
1097 3661 1133 3724 γε
1164 3629 1298 3706 ε’ίποι”
1279 3662 1320 3706 αν
1347 3663 1408 3719 τις,
1431 3633 1555 3726 νοήσας

332 3824 349 3878 6
375 3821 435 3892 Vgl.
458 3821 530 3876 oben
552 3821 591 3876 IV
614 3825 655 3876 11.
678 3823 718 3877 12.
741 3849 774 3860 -
797 3823 816 3877 9
839 3819 903 3890 Vgl.
926 3819 998 3874 oben
1022 3817 1124 3883 1721,
1146 3820 1227 3876 1290
1249 3821 1275 3877 Z.
1294 3821 1353 3876 121.
1375 3851 1409 3861 -
1433 3822 1471 3878 10
1490 3821 1553 3891 Vgl.

248 3905 341 3975 Plato,
362 3906 432 3960 Tim.
451 3905 710 3977 eap.111p.221),
732 3923 759 3961 u.
778 3905 849 3960 oben
870 3903 1067 3969 1v20,1289
1089 3903 1195 3959 2291.
1214 3905 1397 3966 6213332.
1416 3907 1493 3963 3011.
1512 3907 1554 3972 64,

248 3992 328 4047 1335
347 3990 374 4046 Z.
393 3992 434 4046 13.
458 4021 492 4030 -
520 3990 557 4046 12
580 3990 645 4060 vgl.
663 3989 734 4044 oben
756 3991 829 4045 171.
853 3987 893 4044 IV
911 3991 952 4044 71.
970 3989 1012 4044 72.
1037 4017 1071 4027 -
1096 3987 1135 4044 22
1158 3987 1427 4058 7ρ1.Με111ι.4,8.
1453 3991 1554 4059 26,13.

248 4075 400 4141 Μετ1.16,
422 4077 462 4131 15.
493 4075 608 4130 IIPetr.
626 4076 651 4141 3,
668 4076 693 4131 6.
723 4074 801 4130 Rom.
820 4078 848 4141 1,
870 4073 895 4129 8.
925 4071 1076 4136 171166,
1099 4075 1123 4127 7.
1150 4103 1183 4112 -
1209 4074 1249 4131 26
1276 4074 1337 4130 Joh.
1355 4077 1384 4140 1,
1404 4076 1428 4131 9.
1455 4104 1489 4114 -
1514 4074 1555 4130 28

247 4159 309 4215 Joh.
328 4159 368 4228 16,
386 4159 427 4215 33.

334 4311 351 4365 1
371 4305 528 4379 ἐθνμιύθην
544 4311 569 4363 A
587 4303 768 4379 ἐνεθυμήθην
784 4308 854 4362 ΡΜ2
871 4309 926 4377 (am
938 4308 1027 4376 Rand)
1046 4307 1150 4375 Ἠοῦς
1163 4307 1214 4364 Hb.
1226 4325 1271 4362 am
1284 4307 1372 4374 fiand,
1390 4307 1498 4379 Sp.Del.
1515 4307 1554 4361 im

248 4393 318 4449 Text
338 4395 343 4462 Ι
364 4393 401 4450 11
426 4386 551 4465 ὡσπερεὶ
574 4393 703 4462 PAusgg.
721 4386 761 4458 τός
776 4395 844 4464 περί
864 4393 890 4448 Α
909 4397 913 4460 Ι
934 4393 973 4449 14
990 4386 1176 4464 Ὺπιδόμενος
1196 4392 1319 4448 schreibe
1336 4392 1393 4456 ich,
1412 4391 1466 4461 vgl.
1484 4391 1557 4448 oben

249 4479 261 4532 I
279 4479 321 4543 68,
339 4479 352 4532 I
370 4480 418 4534 121
437 4477 464 4533 Ζ.
482 4479 523 4532 29.
547 4479 588 4532 ΠΙ
604 4479 647 4540 42,
664 4478 678 4531 I
695 4478 746 4533 238
763 4477 789 4532 Z.
809 4480 823 4533 7
829 4499 836 4542 ;
859 4469 1047 4545 ὑπειδόμενος
1062 4479 1194 4549 AAusgg.
1210 4481 1214 4547 Ι
1230 4478 1265 4534 16
1284 4468 1345 4533 ὅτι
1361 4476 1486 4531 schreibe
1502 4477 1556 4544 ich,

250 4553 296 4620 ότι
312 4551 445 4632 ΑΑόεςς.
465 4566 470 4632 Ι
490 4561 529 4618 28
550 4561 652 4632 θλίψιν
672 4564 804 4631 AAusgg.
824 4563 828 4630 1
849 4555 927 4632 ἔχετε
948 4563 1078 4634 ΑΗσ.8ρ.
1097 4558 1174 4631 έξετε
1195 4561 1280 4618 PDel.
1300 4564 1304 4630 Ι
1324 4561 1361 4618 81
1387 4551 1485 4631 οὗτος]
1509 4553 1556 4616 ὄν·
1604 4608 1606 4612 .

249 4666 305 4714 τως
322 4649 459 4702 vermutet
477 4645 560 4702 Guiet
577 4645 631 4714 (bei
649 4645 708 4701 Del.
726 4647 905 4702 1678A1m
923 4648 948 4716 c)
966 4648 1037 4703 ohne
1055 4648 1156 4704 Grund.

311 4731 429 4786 origenes
442 4730 474 4775 11.
1330 4732 1348 4786 9
