3780 5532
322 469 380 532 182
858 467 1082 522 ΩΡΙΓΕΝΟΥΣ

234 650 303 704 1771
322 628 489 714 ἐ’σχατον
519 625 591 698 τὸν
622 623 751 716 ἀέραίί·
769 635 774 718 Ι
794 638 877 713 ,,καὶ
911 633 943 701 εί
972 627 992 720 ἡ
1019 628 1135 717 φύσις
1157 627 1273 718 ίκανη
1296 632 1356 716 είη
1378 625 1621 717 ἀνασχέσθαι

321 733 546 815 θεωροῦσα,
582 735 733 816 γνῶναι
775 723 823 801 ἀν
868 724 931 801 ὅτι
970 725 1123 812 ἐκεῖνός
1162 733 1272 799 έστιν
1309 721 1328 798 ὸ
1360 724 1524 816 ἀληθῶς
1559 726 1623 800 οὕ-

321 825 439 913 ρανὸς
469 833 533 898 καὶ
563 826 608 897 τὸ
635 823 835 917 ἀληθινὸν
863 837 980 916 φῶς“·
1018 827 1081 900 τὸν
1108 824 1213 899 αάτὸν
1236 823 1369 916 τρόπον
1390 835 1445 897 καὶ
1468 825 1559 918 ἡμεῖς
1580 828 1622 900 τὸ

320 931 395 1014 περὶ
422 932 483 1015 τῆς
509 922 604 1016 ἀγίας
630 933 685 998 καὶ
711 923 842 1018 ἀγαθῆς
867 935 938 1018 γῆς
963 935 1019 999 καί
1045 934 1106 1017 τῆς
1132 932 1169 998 έν
1191 923 1277 1013 αὐτῇ
1299 923 1434 1010 πόλεως
1455 935 1518 999 τοῦ
1539 935 1623 1000 θεοῦ

286 1021 361 1100 5οά
396 1024 484 1096 κατὰ
520 1025 584 1116 τὴν
619 1032 808 1098 ἐνεστῶσαν
845 1036 1040 1118 νομίζοντες
1070 1028 1154 1098 είναι
1184 1033 1414 1115 πραγματείαν
1444 1035 1623 1116 σαφηνίσαι

319 1120 573 1215 δπερτιθέμεθα
602 1129 648 1208 είς
678 1125 721 1198 τά
751 1126 927 1216 ίξηγητικὸι
958 1136 1032 1200 τῶν
1061 1133 1263 1216 προφητῶν,
1295 1122 1364 1197 ἀπὸ
1391 1131 1511 1214 μέρους
1537 1125 1623 1198 κατὰ

321 1221 362 1294 τὸ
392 1223 542 1296 δυνατὸν
575 1221 917 1316 ἦμῑνιδιηγησάμενοι
946 1235 1022 1314 περὶ
1047 1224 1180 1310 πόλεως
1206 1233 1291 1296 θεοῦ
1317 1229 1354 1296 έν
1380 1245 1453 1308 τοῖς
1474 1255 1623 1316 πραγμα-

322 1333 489 1394 τενθείοιν
516 1320 594 1414 ἡμῖν
619 1329 665 1406 είς
691 1325 755 1397 τὸν
781 1326 1050 1415 τεσσαρακοστὸν
1071 1334 1127 1397 καὶ
1147 1331 1305 1414 πέμπτον
1327 1323 1462 1414 ψαλμὸν
1483 1329 1538 1396 καί
1561 1324 1624 1396 τὸν

322 1421 590 1512 τεσσαρακοστὸν
611 1432 667 1495 καὶ
690 1427 832 1514 ἕβδομον
854 1422 999 1510 ψαλμὸν.
1033 1427 1109 1497 οἶδε·
1123 1431 1158 1496 δὲ
1173 1420 1192 1496 ὸ
1208 1421 1433 1513 ἀρχαιότατος
1448 1431 1624 1509 Μωῦσέως

272 1543 305 1598 10
321 1528 375 1592 καί
404 1530 478 1592 τῶν
504 1533 697 1612 προφητῶν
723 1521 823 1613 λόγος
850 1523 892 1596 τά
920 1521 1094 1615 ἀληθινὰ
1121 1522 1235 1596 πάντα
1262 1519 1423 1613 ὸμῶνυμα
1451 1541 1522 1607 τοῖς
1545 1529 1624 1611 τῇδε

322 1629 622 1712 καθολικωτέροις,
655 1624 730 1696 οἶον
757 1620 991 1713 ’,,ἀληθινὸν
1026 1632 1134 1712 φῶςίί
1164 1632 1221 1694 καὶ
1252 1620 1477 1712 ,,οάρανὸνίί
1509 1625 1625 1711 ἕτερον

322 1720 414 1808 παρὰ
445 1721 508 1806 ,,τὸ
534 1729 726 1811 οτερέωμαίί
752 1730 806 1793 καὶ
833 1723 896 1795 τὸν
922 1731 1004 1814 ,,τῆς
1030 1723 1262 1812 δικαιοσύνης“
1283 1715 1383 1811 ἥλιον
1404 1719 1511 1794 ἀλλον
1532 1723 1624 1812 παρὰ

323 1819 386 1892 τὸν
412 1819 586 1911 αἰσθητόν.
629 1831 685 1894 καὶ
715 1819 924 1910 ἁπαξαπλῶς
955 1828 993 1894 δέ
1017 1848 1120 1913 φησιν
1147 1817 1223 1910 [ὅτι]
1251 1821 1338 1912 πρὸς
1364 1819 1625 1912 ἀντιδιαοτολὴν

324 1927 397 1991 τῶν
427 1924 610 2012 αἰσθητῶν,
643 1914 694 1993 ῶν
725 1918 823 1994 οάδέν
854 1927 947 1994 ἐστιν
972 1920 1184 2012 ἀληθινὸν,
1218 1919 1271 1994 τό·
1306 1920 1421 2007 ,,θεὸς,
1450 1919 1625 2012 ἀληθινὰ

273 2019 366 2096 15τά
393 2023 470 2108 ἔργα
497 2018 633 2106 αάτοῦ,“
660 2019 711 2093 ἐπ’
734 2018 850 2093 ἀλλων
876 2029 937 2112 μὲν
964 2020 1099 2093 τάσσων
1126 2021 1169 2094 τά
1196 2026 1275 2111 ἔργα
1304 2028 1366 2093 τοῦ
1386 2029 1471 2093 θεοῦ
1492 2027 1546 2094 ἐπὶ
1569 2019 1626 2112 ἦε·

323 2117 438 2192 τόνων
459 2127 495 2192 δὲ
517 2119 559 2191 τὸ
587 2117 749 2210 λεγόμενα
774 2123 874 2210 ,,έργα
896 2129 970 2192 τῶν
990 2128 1135 2211 χειρῶν“
1156 2120 1271 2193 αὐτοῦ.
1312 2119 1524 2212 μεμφόμενος
1544 2129 1625 2211 γοῦν

325 2243 390 2291 τισι
418 2219 472 2291 διὰ
499 2227 563 2291 τοῦ
583 2217 715 2291 Ἡσαίόυ
742 2229 835 2309 φησί·
864 2219 928 2304 ,,τὸ
955 2225 1034 2310 ἔργα
1060 2227 1177 2308 κυρίου
1203 2217 1265 2292 οὐκ
1287 2225 1485 2310 ἐμβλέπουσι
1506 2229 1561 2293 καί
1582 2220 1625 2293 τά

324 2320 403 2408 ἔργα
434 2325 507 2390 τῶν
535 2324 660 2406 χειρῶν
689 2317 796 2390 αὐτοῦ
825 2317 866 2390 οά
887 2326 1121 2392 κατανοοῦσι.“
1162 2327 1217 2390 καὶ
1248 2327 1356 2390 ταῦτα
1386 2327 1448 2407 μὲν
1474 2326 1528 2392 ἐπὶ
1551 2343 1626 2392 τοσ-

325 2447 437 2489 ουτον.

274 2539 308 2594 20
407 2523 534 2587 XXXII.
576 2514 663 2588 Ἐπεὶ
700 2524 735 2588 δὲ
768 2517 831 2589 τὸν
860 2526 950 2604 περὶ
983 2523 1053 2608 τῆς
1082 2515 1338 2602 ἀναστάσεως
1369 2515 1473 2607 λόγον
1504 2519 1626 2604 (πολὺν

326 2611 411 2689 ὸντα
432 2624 487 2689 καὶ
510 2615 776 2706 δυοερμήνευτον
795 2626 852 2688 καὶ
874 2615 1034 2707 δεόμενον
1056 2623 1166 2703 σοφοῦ
1186 2621 1278 2705 είπερ
1300 2646 1333 2686 τι
1355 2614 1438 2686 ἀλλο
1461 2623 1536 2686 τῶν
1555 2623 1628 2703 δογ-

325 2714 446 2805 μάτων
475 2723 530 2788 καὶ
561 2720 615 2786 ἐπὶ
644 2726 764 2788 πλεῖον
790 2717 1039 2806 διαβεβηκότος,
1068 2720 1124 2787 ίνα
1150 2714 1190 2786 τὸ
1213 2711 1308 2802 ἀξιον
1329 2721 1392 2786 τοῦ
1413 2721 1499 2787 θεοῦ
1519 2743 1626 2803 παρα-

325 2815 430 2907 στήσῃ
462 2823 517 2887 zat
548 2814 589 2887 τὸ
622 2822 830 2905 μεγαλοφυὲς
860 2823 923 2888 τοῦ
949 2813 1129 2906 δόγματος,
1161 2813 1382 2897 διδάσκοντος
1413 2811 1517 2903 λόγον
1544 2819 1628 2903 ἔχειν

326 2922 552 3006 σπέρματος
579 2914 620 2986 τὸ
643 2915 853 3004 καλούμενον
873 2916 960 2988 κατὰ
983 2916 1044 2999 τὰς
1065 2914 1197 3006 γραφάς
1224 2921 1371 3003 σκῆνος
1395 2921 1441 2984 τῑ
1450 2945 1466 2998 ς
1487 2921 1627 3004 ψυχῆς,

274 3035 307 3090 25
326 3021 362 3088 έν
385 3007 413 3104 ᾦ
436 3021 509 3100 ,,οί“
531 3023 653 3087 δίκαιοι
675 3011 813 3100 ,,ὄντεςί(
829 3014 1024 3102 στενάζουσι
1041 3015 1290 3105 ,,βαροόμενοι,“
1307 3014 1352 3104 μὴ
1368 3020 1530 3097 θέλοντες
1545 3010 1629 3084 αάτὸ

325 3116 595 3201 ,,έκδύσασθαι
621 3112 694 3188 ἀλλ’
718 3114 1049 3204 έπενδάσασθαι“)
1076 3115 1120 3205 μὴ
1149 3113 1272 3204 νοήσας
1295 3110 1313 3185 ὸ
1338 3121 1464 3198 Κέλσος
1487 3122 1538 3204 τῷ
1561 3110 1629 3185 ἀπὸ

326 3220 502 3289 ἰδιωτῶν
527 3224 582 3286 καὶ
615 3221 732 3305 μηδενί
760 3211 851 3305 λόγῳ
883 3223 1093 3306 παραστῆσαι
1120 3221 1318 3302 δυναμένων
1346 3211 1528 3304 ἀκηκοέναι
1554 3222 1629 3302 περὶ

327 3313 433 3388 αὐτοῦ
453 3314 603 3405 χλευάζει
625 3314 665 3386 τὸ
689 3313 879 3405 λεγόμενον,
902 3313 1064 3405 χρήσιμον
1077 3313 1164 3404 πρὸς
1181 3333 1253 3398 τοῖς
1268 3312 1432 3403 ἀνωτέρω
1447 3317 1630 3404 εἰρημένοις

329 3413 406 3505 ἡμῖν
428 3423 503 3505 περὶ
526 3414 652 3486 τούτου
674 3421 778 3486 τοῦτο
800 3411 908 3505 μόνον
922 3412 1241 3504 δποσημειῶσασθαι
1257 3413 1345 3503 πρὸς
1360 3413 1423 3484 τὸν
1439 3409 1552 3502 λόγον,
1576 3406 1630 3485 ότι

275 3534 309 3590 30
327 3512 396 3603 οὐχ,
419 3513 466 3598 ῶς
493 3520 598 3588 οίεται
621 3519 762 3599 Κέλσος,
790 3521 859 3604 τῆς
884 3515 1280 3604 μετενσωματῶσεως
1301 3512 1632 3601 παρακούσαντες

328 3615 374 3686 τὸ
406 3622 495 3702 περὶ
522 3611 775 3697 ἀναστάσεως
798 3643 925 3704 φαμεν
955 3611 1027 3686 ἀλλ’
1050 3611 1177 3698 εἰδότες
1200 3609 1254 3686 ότι
1276 3610 1296 3703 ἦ
1319 3621 1362 3702 τῇ
1390 3615 1511 3702 ἑαυτῆς
1533 3611 1630 3699 φύσει

327 3711 504 3804 ἀσῶματος
533 3721 588 3786 καί
616 3711 762 3802 ἀόρατος
791 3713 881 3804 ψυχὴ
908 3719 945 3785 έν
970 3722 1074 3785 παντὶ
1096 3721 1278 3804 σωματικῷ
1302 3709 1400 3804 τόπῳ
1424 3709 1632 3802 τυγχάνουσα

411 3883 699 3954 4V31.Psal.45‚5.
723 3887 765 3950 47,
784 3885 806 3937 2.
825 3885 849 3938 3.
869 3915 901 3922 -
922 3885 960 3940 11
980 3885 1042 3954 vgl.
1061 3887 1072 3937 Ι
1090 3885 1151 3938 Joh.
1169 3887 1193 3948 2,
1211 3883 1235 3938 8.
1260 3913 1293 3922 —
1318 3882 1379 3951 Vgl.
1397 3883 1480 3938 Hebr.
1498 3885 1522 3949 9,
1541 3885 1582 3937 24.
1599 3912 1632 3921 -

329 3971 367 4026 12
386 3970 447 4038 Vgl.
467 3971 533 4024 Gen.
552 3973 575 4032 1,
593 3971 667 4025 6-8.
686 4000 719 4009 -
738 3969 800 4037 vgl.
818 3968 884 4022 Mal.
901 3973 926 4032 4,
945 3971 968 4023 2,
987 4001 1019 4008 -
1039 3970 1078 4025 14
1097 3969 1160 4038 Vgl.
1179 3970 1248 4023 Dan.
1264 3971 1289 4030 4,
1308 3970 1349 4022 34.
1367 3998 1400 4006 -
1420 3969 1458 4024 16
1480 3966 1543 4036 vgl.
1561 3967 1634 4020 Psul.

328 4056 385 4119 101,
398 4057 438 4109 26.
456 4086 488 4094 -
503 4056 538 4111 17
559 4055 611 4108 Jes.
624 4057 648 4118 5,
662 4055 746 4108 12-
763 4053 802 4108 2θ
819 4053 882 4122 vgl.
895 4053 976 4109 Hebr.
989 4059 1013 4118 5,
1028 4057 1066 4108 11.
1085 4085 1118 4093 —
1136 4054 1174 4110 24
1192 4052 1254 4122 vgl.
1268 4054 1293 4105 11
1307 4053 1371 4107 Xor.
1383 4054 1407 4114 5,
1419 4057 1444 4105 4.
1463 4082 1495 4090 -
1513 4051 1551 4106 27
1571 4050 1632 4120 vgl.

328 4141 398 4193 oben
417 4141 428 4192 Ι
447 4143 488 4204 27,
507 4141 518 4194 Ι
537 4142 569 4194 79
587 4139 612 4194 Ζ.
634 4143 671 4192 ll.
691 4169 722 4178 —
740 4139 778 4194 28
796 4137 857 4206 Vgl.
876 4139 945 4192 oben
964 4139 1115 4195 1155-67.
1141 4140 1165 4192 V
1184 4139 1293 4194 18—20.
1311 4139 1351 4192 57.
1370 4138 1411 4193 58.

415 4301 433 4357 8
456 4293 697 4368 τεσσαρακοστὸν
718 4302 768 4354 καί
789 4295 930 4367 πέμπτον]
953 4304 991 4366 γῑὲ
1010 4301 1033 4350 A
1053 4299 1058 4366 Ι
1078 4297 1097 4351 θ
1119 4289 1362 4366 τεσσαρακοστὸν
1377 4297 1427 4351 καί
1444 4289 1577 4365 ἕβδομον]
1597 4295 1635 4360 μζ

329 4387 372 4450 ΑΙ
390 4384 428 4439 18
448 4376 512 4454 [δτι]
530 4384 598 4453 tilge
616 4383 660 4437 ioh
679 4384 730 4438 mit
747 4384 794 4438 Bo.
814 4383 911 4452 (Notae
929 4401 954 4454 p.
972 4384 1032 4451 401)
1055 4400 1081 4437 u.
1100 4383 1160 4436 Del.
1185 4385 1189 4450 Ι
1213 4383 1252 4438 20
1275 4379 1337 4437 ἐπεὶ
1360 4380 1498 4446 ΡΜῦθΠ·,
1521 4377 1570 4432 HA.
1589 4395 1633 4431 am

330 4470 423 4534 Βοοδ,
451 4471 495 4540 Sp.
505 4470 564 4524 Del.
582 4469 621 4522 im
640 4469 721 4534 Text3
747 4465 794 4524 ἐπί
811 4472 836 4522 A
859 4472 863 4536 Ι
887 4468 925 4523 22
952 4468 1061 4538 πλεῖον]
1080 4467 1283 4523 εῖαιιδεοίίὶσίι
1303 4469 1328 4520 Α
1353 4469 1356 4532 Ι
1381 4458 1584 4536 διαβεβηκότος
1606 4463 1633 4516 Μ

330 4556 431 4624 Ausgg.
454 4548 621 4627 διαβεβηκός
643 4557 665 4606 A
690 4554 694 4622 ί
717 4553 756 4608 26
781 4555 822 4625 τῷ
843 4552 966 4606 εοίιτείοε
988 4553 1033 4606 ich
1052 4553 1103 4607 mit
1120 4553 1168 4606 Bo.
1187 4551 1285 4620 (Notae
1304 4569 1329 4621 p.
1346 4549 1406 4616 401)
1425 4566 1452 4602 u.
1470 4545 1538 4612 nel„
1557 4541 1591 4602 τὸ
1611 4549 1636 4600 A

330 4640 380 4694 Ηθ.
387 4639 429 4710 Sp.
446 4641 450 4708 Ι
465 4639 503 4694 θθ
520 4633 581 4708 μετ’
599 4633 832 4706 ένσωματαίοεως
849 4642 880 4692 A.
