3780 5538
619 462 718 515 ιιιυλ
742 459 898 515 ulmoy
921 459 992 516 v111
1015 461 1056 516 ευ.
1074 461 1114 516 οο.
1133 461 1174 515 σι.
1193 462 1233 516 οι.
1516 469 1575 528 277

273 621 425 706 πεύειν,
452 627 481 691 εί
507 627 543 694 δε
568 629 704 708 βέλτιον
729 624 821 714 παρὰ
845 624 924 706 τούς
946 623 1110 708 πολλοὺς,
1138 619 1281 714 εὐσεβείᾳ
1304 630 1346 712 τῇ
1369 629 1414 704 εἰς
1437 621 1500 694 τόν
1522 629 1577 694 ἐπὶ

274 727 355 794 πᾶσι
376 720 462 793 θεὸν
482 728 538 792 καὶ
560 739 635 805 ταῖς
655 721 742 811 πρὸς
763 730 892 795 ἐκεῖνον
915 719 1031 810 εύχαῖς.

356 826 434 891 LXI.
480 829 545 892 Καὶ
575 823 615 893 σὺ
643 822 705 912 γὰρ
737 820 907 912 σκόπησον
937 821 1028 910 παρά
1060 829 1189 913 σαυτῷ,
1223 840 1325 893 ποῖον
1355 829 1576 910 παραδέξεται

273 928 404 1011 μᾶλλον
433 913 521 1008 ἦθος
552 917 571 994 δ
601 927 656 994 ἐπὶ
686 929 768 995 πᾶσι
797 922 892 1006 θεός,
921 930 976 992 καὶ
1006 919 1223 1012 δυνάμενος
1255 917 1316 993 ὅσα
1343 918 1446 1004 ἄλλος
1468 919 1577 1005 οὐδεὶς

240 1020 360 1108 ῦπρός
389 1018 504 1092 πάντα
534 1029 589 1094 καὶ
618 1020 705 1110 πρὸς
735 1019 923 1110 εὐεργεσίαν
953 1019 1151 1110 ἀνθρώπων
1184 1027 1249 1094 ε’έτε
1275 1029 1350 1110 περὶ
1377 1022 1488 1112 φυγὴν
1510 1027 1578 1092 ε’έτε

274 1129 350 1208 περὶ
380 1129 490 1210 σῶμα
519 1125 584 1192 εἴτε
614 1129 689 1210 περὶ
719 1121 761 1194 τά
791 1121 902 1206 έκτδς,
938 1119 1087 1208 πότερον
1116 1119 1179 1192 τόν
1209 1119 1303 1212 αύτῷ
1329 1131 1406 1212 περὶ
1431 1119 1578 1193 πάντων

274 1217 492 1310 ἀνακείμενον
514 1217 534 1311 ἢ
557 1221 621 1294 τόν
641 1220 942 1312 περιεργαζόμενον
966 1217 1170 1310 δαιμόνων
1198 1217 1376 1311 όνόματα
1402 1229 1457 1293 καὶ
1480 1219 1579 1292 δυνά-

273 1348 343 1408 μεις
378 1329 435 1391 καὶ
470 1318 632 1408 πράξεις
667 1329 722 1392 καὶ
759 1322 893 1412 ἐπῳδὰς
927 1329 983 1392 καὶ
1009 1319 1155 1406 βοτάνας
1181 1327 1305 1405 οἰκείας
1336 1330 1495 1408 δαίμοσι
1522 1329 1577 1392 καὶ

188 1427 257 1483 209r
274 1425 393 1502 λίθους
414 1427 469 1490 καὶ
492 1419 553 1504 τὰς
575 1426 611 1492 έν
634 1421 749 1504 αύτοῖς
771 1421 912 1512 γλυφάς,
936 1419 1178 1510 καταλλήίλσυς
1200 1439 1273 1504 ταῖς
1295 1428 1579 1511 παραδιδομέναις

223 1533 256 1588 10
275 1523 341 1589 είτε
368 1529 583 1608 συμβολικαῖς
609 1525 677 1592 ε’έτε
705 1515 799 1602 ὅπως
825 1527 910 1592 ποτὲ
931 1539 1079 1610 μορφαῖς
1105 1517 1319 1609 δαιμόνων.
1362 1517 1448 1592 άλλά
1471 1527 1578 1610 δῆλον

274 1624 326 1708 τῷ
355 1626 410 1689 καὶ
440 1615 490 1690 ἐπ’
514 1615 632 1709 ὀλίγον
660 1628 931 1706 παρακολουθεῖν
960 1626 1134 1710 δυναμένῳ
1163 1615 1217 1692 ότι
1247 1618 1287 1690 τὸ
1317 1615 1493 1692 ἄπλαστον
1516 1627 1576 1710 μὲν

274 1724 329 1788 καὶ
350 1714 550 1808 ἀπερίεργον
573 1711 659 1808 ἦθος
681 1718 735 1790 διὰ
757 1725 864 1790 τοῦτο
884 1725 958 1808 θεῷ
982 1725 1033 1809 τῷ
1057 1725 1110 1791 έπὶ
1132 1726 1235 1791 πᾶσιν
1258 1716 1475 1808 ἀνακείμενον
1493 1717 1575 1791 άπο-

275 1815 396 1888 δεκτόν
432 1819 525 1889 ἔσται
560 1825 633 1908 θεῷ
669 1827 726 1890 καὶ
754 1825 837 1890 πᾶσι
867 1837 939 1901 τοῖς
970 1822 1087 1908 ἐκείνῳ
1116 1825 1366 1907 οἰκειουμένοις·
1396 1817 1437 1890 τό
1467 1824 1503 1889 δὲ
1533 1815 1576 1889 δι’

275 1913 387 2005 ύγείαν
417 1917 602 2005 σώματος
631 1925 686 1988 καὶ
718 1925 974 2007 φιλοσωματίαν
1003 1924 1059 1988 καὶ
1090 1918 1154 2007 τὴν
1183 1922 1220 1989 ἐν
1249 1925 1359 2007 μέσοις
1386 1916 1577 2008 πράγμασιν

225 2031 257 2082 15
276 2012 429 2104 εύτυχὶαν
451 2013 752 2106 περιεργαζόμενον
774 2013 976 2106 δαιμόνων
999 2012 1175 2106 ὀνόματα
1197 2025 1253 2088 καὶ
1272 2025 1407 2107 ζητοῦν,
1426 2023 1503 2100 πως
1520 2045 1577 2106 κη-

276 2113 368 2204 λήσει
395 2122 482 2186 τισὶν
512 2122 659 2206 ἐπῳδαῖς
688 2117 768 2200 τούς
797 2125 999 2206 δαίμονας,
1030 2113 1077 2200 οός
1105 2115 1281 2208 μοχθηρόν
1306 2123 1361 2188 καὶ
1389 2113 1502 2200 ἀσεβές
1522 2125 1578 2186 καὶ

277 2214 472 2305 δαιμονικόν
501 2223 632 2305 μᾶλλον
663 2211 684 2305 ἢ
713 2214 935 2304 ἀνθρωπικὸν
963 2205 1160 2304 καταλείψει
1189 2211 1208 2288 ό
1237 2215 1319 2299 θεὸς
1348 2215 1400 2298 οίς
1427 2209 1578 2286 είλετοό

264 2309 319 2386 Ιτδι
342 2312 457 2386 τοιάδε
480 2321 589 2402 λέγων
612 2322 783 2406 δαίμοσι,
798 2313 1178 2406 διασπαραχθησόμενον
1192 2313 1259 2388 ύπὸ
1276 2325 1349 2388 τῶν
1362 2311 1420 2402 ὐφ’
1436 2312 1581 2386 ἑκάστου

277 2411 565 2504 ύποβαλλομένων
594 2423 765 2506 λογισμῶν
799 2409 819 2503 ἢ
848 2423 903 2486 καὶ
932 2411 1049 2488 ἄλλων
1075 2425 1200 2488 κακῶν.
1248 2414 1336 2498 εἰκός
1365 2413 1427 2504 γάρ
1456 2412 1580 2498 αύτούς

224 2527 258 2580 20
276 2509 336 2586 άτε
365 2512 516 2601 φαύλους
547 2510 650 2598 ὄντας
677 2521 746 2600 καὶ,
770 2513 818 2598 ιύς
841 2522 968 2598 Κέλσος
997 2510 1208 2605 οόμολόγησε,
1238 2521 1579 2605 προσηλωμένους

275 2615 412 2704 αίματι
441 2620 505 2685 καὶ
535 2621 674 2701 κνίσσῃ
700 2623 764 2685 καὶ
790 2620 1006 2705 μελῳδίαις
1028 2621 1092 2684 καὶ
1114 2611 1251 2699 ἄλλοις
1273 2621 1351 2686 τισὶ
1374 2614 1579 2697 τοιούτοις

275 2720 357 2804 μηδὲ
382 2711 469 2802 πρός
490 2713 572 2797 τούς
594 2721 702 2786 ταῦτα
725 2713 841 2798 αύτοῖς
864 2719 1103 2803 χαριζομένους
1124 2722 1239 2786 πίστιν
1261 2733 1375 2805 τηρεῖν
1396 2725 1453 2786 καὶ
1475 2716 1578 2786 οἱονεὶ

275 2811 391 2900 δεξιάς.
434 2811 552 2886 ἄλλων
579 2812 641 2902 γὰρ
667 2810 791 2897 αύτούς
810 2813 1013 2886 καλούντων
1035 2812 1122 2885 κατὰ
1144 2823 1218 2886 τῶν
1240 2810 1579 2904 θεραπευσάντων

273 2921 329 2985 καὶ
359 2921 517 2996 πλείονος
554 2917 723 3002 αἳματος
757 2921 812 2984 καὶ
847 2923 1009 3002 κνίσσης
1037 2921 1093 2984 καὶ
1124 2905 1163 3003 ἧς
1193 2919 1329 2985 δέονται
1359 2921 1578 3002 θεραπείας

222 3033 255 3086 25
274 3011 483 3101 ω’νουμένων
504 3009 621 3084 αύτῶν
643 3011 707 3102 τὴν
730 3018 893 3097 δουλείαν,
920 3011 1190 3095 έπιβουλεύσαιεν
1213 3007 1255 3082 άν
1277 3019 1329 3100 τῳ
1351 3019 1432 3101 χθὲς
1454 3009 1578 3096 αύτούς

276 3110 573 3202 θεραπεύσαντι
594 3119 651 3182 καὶ
674 3117 734 3200 τῆς
756 3119 854 3202 φίλης
877 3108 992 3194 αύτοῖς
1014 3119 1137 3200 θοίνης
1156 3109 1382 3197 μεταδιδόντι.

357 3215 451 3281 LXII.
474 3217 479 3295 Ι
502 3209 620 3282 Πολλὰ
656 3215 692 3280 δὲ
719 3215 846 3292 Κέλσος
883 3215 919 3282 έν
955 3229 1027 3293 τοῖς
1061 3209 1129 3300 πρὸ
1158 3209 1296 3283 τούτων
1325 3213 1448 3294 εἰπών,
1485 3218 1579 3300 μέχρι
1598 3231 1650 3286 788

273 3318 528 3402 χρηστηρίων
548 3317 604 3382 καὶ
627 3313 682 3380 έπὶ
704 3307 747 3380 τά
768 3327 935 3398 μαντεῖα
957 3306 1073 3380 αὐτῶν
1095 3306 1295 3400 ἀναπέμψας
1310 3307 1394 3399 ἡμᾶς
1410 3306 1457 3393 ιύς
1472 3317 1577 3394 θεῶν,

276 3418 338 3483 νῦν
358 3429 517 3500 κρεῖττον
538 3416 722 3498 πεποίηκεν
743 3402 954 3498 ὁμολογήσας
976 3403 1031 3481 ότι
1053 3413 1089 3480 οἱ
1116 3417 1339 3499 μέλλουσαν
1365 3408 1489 3500 τύχην
1511 3406 1578 3480 άν-

223 3511 427 3601 3ίιθροόπῳ
460 3516 524 3580 καὶ
555 3505 671 3580 πόλει
699 3514 971 3597 προλέγοντες
999 3516 1055 3580 καὶ
1086 3502 1174 3582 όοοι
1205 3514 1294 3597 περὶ
1327 3508 1397 3593 τὰς
1423 3508 1579 3599 θνητάς

273 3608 436 3700 πράξεις
471 3615 668 3699 περίγειοι
697 3613 883 3698 δαίμονές
912 3614 986 3692 εἰσι,
1021 3616 1173 3698 γενέσει
1202 3605 1493 3698 συντετηκότες
1522 3616 1577 3681 καὶ

359 3831 397 3887 15
416 3830 479 3900 Vgl.
496 3829 567 3884 oben
586 3831 610 3883 V
628 3831 669 3896 38,
687 3829 713 3884 S.
730 3831 764 3884 43
781 3829 807 3884 Ζ.
826 3829 869 3884 2f.
888 3860 921 3869 —
940 3831 977 3886 27
999 3829 1060 3900 Vgl.
1078 3831 1150 3885 oben
1169 3829 1233 3884 VIII
1251 3832 1293 3886 45.
1310 3831 1352 3885 48.

357 4034 376 4088 θ
399 4027 596 4100 καταλλήλους
617 4031 740 4086 schreibe
761 4031 807 4086 ich
829 4032 880 4085 mit
901 4032 948 4086 Βο.
968 4031 1064 4100 [Notae
1082 4049 1109 4101 p.
1126 4031 1195 4098 408),
1213 4027 1400 4101 καταλλὴλως
1417 4032 1549 4101 AAusgg.
1571 4031 1575 4098 ί

273 4115 515 4188 παραδιδομέναις
531 4116 661 4186 ΔΗδ.8ρ.
679 4114 925 4187 παραδεδομέναις
947 4116 1033 4172 PDeI.
1054 4119 1058 4184 I
1079 4117 1118 4172 1⁰
1137 4107 1216 4181 ότιιῦς
1233 4133 1304 4172 ποτε
1322 4119 1346 4170 Α
1368 4119 1371 4184 Ι
1394 4117 1431 4172 18
1453 4109 1487 4170 τό
1507 4113 1537 4170 δέ
1554 4115 1577 4169 Ρ

273 4202 409 4271 MAusgg.
427 4197 463 4257 τό
480 4219 512 4256 τε
534 4202 557 4254 Δ
581 4203 586 4268 l
612 4201 647 4257 17
675 4193 717 4266 οἷς
734 4201 856 4256 schreibe
874 4202 932 4265 ich,
956 4193 998 4265 οῖς
1015 4193 1108 4269 Ἰησοῦ
1132 4201 1180 4254 Βο.
1199 4199 1297 4266 (Notae
1314 4219 1339 4272 p.
1356 4201 1418 4269 408)
1437 4192 1453 4255 ό
1469 4191 1581 4269 Ἰησοῦς.

273 4288 418 4355 ΑΑυεςςς
438 4277 481 4350 οἷς
497 4286 614 4348 Ῑτουιιίε,
632 4286 780 4342 οεεοοδετε
797 4286 870 4340 nach
888 4286 950 4340 dem
969 4285 1211 4354 vorausgehenden
1231 4276 1247 4340 ό
1266 4280 1348 4350 θεὸς,
1367 4285 1430 4339 sehr
1447 4283 1532 4339 leicht
1549 4283 1577 4338 in

274 4362 289 4424 δ
308 4369 336 4435 tc
354 4371 476 4426 verlesen
493 4369 615 4435 werden;
634 4371 720 4424 durch
738 4370 827 4426 moine
840 4370 1044 4438 Verbesserung
1060 4367 1169 4423 werden
1188 4369 1243 4424 alle
1260 4369 1388 4426 Irfiheren
1400 4371 1577 4436 Bessorungs·

274 4455 404 4510 versuehe
422 4455 470 4509 der
488 4455 572 4510 stelle
590 4455 655 4525 (ng.
668 4455 752 4510 DeII
771 4456 819 4509 787
840 4457 919 4508 Anm.
933 4457 957 4522 ο)
974 4453 1105 4522 hinfflllig
1120 4455 1124 4520 Ι
1141 4453 1179 4509 18
1199 4444 1283 4523 ύφἈ
1300 4448 1345 4525 ἐφ’
1364 4454 1414 4510 Ha.
1434 4472 1479 4508 am
1488 4451 1577 4516 Rand,

273 4540 380 4610 Sp.Del.
398 4540 437 4592 im
454 4539 524 4594 Text
547 4543 551 4608 Ι
575 4535 708 4608 ἑκάστου]
726 4541 762 4594 ob
780 4535 905 4596 ἕκαστον
921 4557 955 4592 τα
972 4538 1115 4592 εοίπσίδεο
1132 4537 1188 4592 ist?
1211 4541 1215 4606 Ι
1236 4539 1276 4594 88
1300 4531 1390 4606 δεξιάς
1414 4555 1463 4593 aus
1487 4541 1579 4604 δεξιᾶς

273 4642 339 4678 corr.
358 4625 453 4692 8127
473 4617 586 4680 τούτων
603 4642 652 4678 aus
669 4620 775 4681 τούτου
792 4641 860 4679 corr.
878 4627 911 4679 A.
