3790 5526
355 469 413 529 154
894 457 1119 513 ααισσσονν

353 649 427 695 εται
456 619 550 704 τοῦς
580 629 650 711 μὲν
680 616 804 692 ἄλλον
830 623 1135 712 εἰσηγουμένους
1160 621 1259 694 θεὸν
1283 618 1376 709 παρὰ
1402 620 1467 691 τὸν
1488 613 1658 690 Ἰουδαίων

353 721 452 794 θεὸν
486 726 646 810 μηδαμῶς
681 719 846 792 δύνασθαι
879 717 1037 792 ἀπαντᾶν
1070 721 1157 810 πρὸς
1191 721 1253 804 τὰς
1286 716 1510 809 ίπαπορὴσεις
1540 715 1657 802 αὐτοῦ,

353 817 439 911 ὴμᾶς
460 825 509 905 δὲ,
541 820 621 903 τοῦς
650 821 724 893 τόν
754 817 880 892 αύτδν
902 817 1114 909 τηρήσαντας
1135 821 1242 908 θεὸν,
1269 817 1495 908 καταφεύγειν
1517 822 1571 889 έπί
1594 818 1658 940 τὴν

353 919 408 991 διά
435 927 509 992 τῶν
535 925 847 1010 προφητευομένων
872 926 948 1005 περί
971 925 1122 1008 Χριστοῦ
1149 917 1345 1009 ἀπολογίαν.
1386 926 1444 990 καί
1471 941 1552 1007 φησι
1572 919 1658 1006 πρὸς

318 1024 477 1090 δταῦτα·
506 1013 705 1108 ιδωμενο
685 1045 763 1106 οπη
793 1015 1057 1108 έφευρὴσονσι
1085 1027 1340 1141 παραίτησιν·
1369 1022 1406 1090 οἰ
1435 1023 1504 1108 μὲν
1535 1013 1658 1090 ἄλλον

354 1116 630 1208 εἰσηγούμενοι
650 1117 748 1189 θεόν
769 1114 968 1208 οῦδεμίαν,
989 1123 1025 1190 οἰ
1046 1126 1086 1190 δὲ
1108 1119 1180 1193 τόν
1202 1113 1327 1191 αότόν
1348 1109 1469 1200 αὖθις
1490 1117 1536 1189 τό
1559 1113 1658 1189 αύτό

354 1223 524 1306 ἐροῦσιν,
560 1221 690 1300 έκεῖνο
728 1217 774 1308 66
810 1218 856 1290 τό
885 1217 1023 1306 σοφόν,
1054 1211 1118 1290 ότι
1147 1223 1265 1308 ἐχρῆν
1296 1211 1427 1300 οῦτως
1457 1221 1658 1305 γενέσθαι·

354 1315 572 1407 τεκμήριον
594 1322 648 1402 δὲ,
675 1313 799 1388 πάλαι
823 1318 894 1406 γάρ
920 1323 1048 1390 ταῦτα
1073 1325 1301 1407 προείρητο.
1343 1314 1494 1407 φήσομεν
1516 1321 1551 1386 δὲ
1572 1315 1660 1404 πρός

355 1423 464 1489 ταῦτα
496 1411 551 1489 ότι
584 1410 699 1500 οὕτως
729 1422 821 1488 ἐστίν
856 1414 984 1508 ἀσθενῆ
1018 1417 1060 1489 τά
1090 1423 1247 1508 εἰρημένα
1276 1422 1352 1504 περὶ
1382 1421 1446 1487 τοῦ
1471 1414 1576 1506 Ἰησοῦ
1605 1423 1660 1486 καὶ

305 1527 337 1582 10
355 1519 638 1604 Χριστιανῦνέν
619 1535 738 1600 ντοίς
765 1512 870 1636 ὀλίγῳ
896 1517 965 1606 πρὸ
988 1517 1134 1601 τούτων,
1163 1511 1212 1600 αός
1232 1524 1289 1588 καί
1310 1515 1391 1599 τοῦς
1412 1511 1537 1588 ἀλλον
1558 1519 1659 1604 εἰση-

355 1621 575 1705 γουμένους
596 1615 695 1688 θεόν
720 1623 777 1688 καί
795 1623 903 1688 τοῦτο
924 1614 1141 1705 πράττοντας
1163 1611 1291 1702 ἀσεβῶς
1313 1610 1576 1704 εύχερέστατα“
1555 1641 1661 1685 υπαν-

357 1721 462 1806 Ιτὴσαι
489 1713 577 1804 πρός
602 1714 645 1786 τά
670 1711 738 1788 ῦπό
762 1721 893 1787 Κέλσου
918 1712 1186 1805 λεγόμενα.καί
1211 1721 1240 1786 εἰ
1265 1714 1310 1805 μὴ
1337 1711 1470 1786 άτοπον
1492 1717 1535 1804 ὴν
1555 1711 1660 1802 ἀφορ-
1677 1723 1730 1778 695

355 1815 419 1906 μὰς
441 1813 570 1887 διδόναι
592 1833 673 1934 τοῖς.
685 1811 941 1904 ἀσθενεστέροις
961 1815 1047 1904 πρός
1067 1814 1265 1905 παραδοχὴν
1285 1811 1451 1904 χειρόνων
1463 1811 1659 1936 δογμάτων,

355 1923 411 1987 καί
433 1911 524 2004 ὴμεῐς
546 1909 589 1986 ἀν
610 1919 717 1986 τοῦτο
739 1911 986 2003 πεποιήκειμεν,
1013 1911 1055 1987 ίν
1077 1919 1263 2005 έλέγξωμεν
1288 1919 1414 2002 ψεῦδος
1436 1913 1476 1986 τό
1498 1920 1574 2002 περί
1596 1919 1659 1984 τοῦ

303 2031 336 2084 16
357 2015 452 2098 τοῦς
473 2011 599 2087 ἀλλον
626 2020 935 2104 εἰσηγουμένους
956 2016 1055 2086 θεὸν
1075 2020 1237 2104 μηδεμίαν
1258 2015 1346 2103 ἔχειν
1366 2009 1555 2102 ἀπολογίαν
1575 2013 1661 2100 πρός

356 2113 399 2187 τά
426 2112 494 2186 ῦπὸ
517 2120 649 2186 Κέλσου
674 2121 867 2204 λελεγμένα·
897 2121 972 2186 νυνί
999 2121 1035 2186 δὲ
1056 2111 1148 2204 ἡμεῖς
1169 2121 1252 2204 φέρε
1272 2121 1349 2202 περί
1372 2119 1446 2183 τῶν
1467 2119 1661 2203 προφητῶν

355 2215 442 2303 πρὸς
465 2231 537 2297 τοῖς
558 2210 724 2302 ἀνωτέρω
747 2219 933 2352 εἰρημένοις
954 2210 1256 2353 ἀπολογησώμεθα.

439 2321 917 2450 111.11Φηρίνοῦν·τάμὲν
945 2327 1022 2403 ῦπό
1050 2359 1120 2420 της
1142 2325 1344 2415 Πυθίας
1322 2359 1342 2418 η
1368 2324 1660 2400 Δωδωνίδων
1639 2357 1658 2418 η

358 2438 538 2520 Κλαρίου
572 2423 592 2518 6
629 2433 670 2500 ἰν
700 2424 998 2518 Βραγχίδαις
978 2458 999 2517 η
1034 2435 1075 2501 ἰν
1100 2425 1349 2550 Ἄμμωνος
1328 2427 1404 2501 υπό
1436 2435 1589 2518 μυρίων
1619 2457 1661 2501 τε

305 2542 340 2597 20
358 2527 495 2604 ἄλλων
520 2523 766 2616 θεοπρόπων
790 2535 1074 2619 προειρημένα,
1101 2523 1163 2616 ἀφ’
1187 2519 1242 2600 ὧν
1270 2535 1460 2611 ίπιεικῶς
1485 2535 1589 2601 πᾶσα
1615 2535 1659 2618 γὴ

357 2637 606 2721 κατῳκίσθη,
626 2657 754 2700 ταυτα
775 2636 846 2716 μὲ
864 2634 895 2717 <έ
903 2625 1089 2716 >ουδενί
1108 2629 1213 2720 λογω
1233 2637 1432 2700 τίθενται
1456 2658 1503 2700 τα
1493 2624 1607 2699 δί
1585 2657 1660 2701 υπο

358 2739 440 2804 τῶν
475 2733 517 2800 ἐν
546 2723 710 2800 Ἰουδαία
747 2734 803 2818 τῷ
839 2732 1005 2800 ἐκείνων
1041 2728 1180 2818 τρόπῳ
1216 2720 1467 2818 λεχθέντα”
1447 2755 1468 2816 η
1498 2727 1547 2818 μὴ
1578 2739 1661 2817 λεχ-

357 2833 594 2914 θέντα,καί
625 2821 757 2918 ὥσπερ
787 2829 1027 2899 εἰώθασιν
1012 2857 1072 2900 ετι
1101 2835 1174 2900 νῦν
1203 2831 1240 2899 οἰ
1270 2836 1361 2917 περὶ
1393 2835 1590 2918 Φοινίκην
1620 2857 1662 2900 τε

357 2937 421 3002 καὶ
452 2935 740 3018 Παλαιστίνην,
778 2925 907 3000 ταῦτά
942 2957 984 3018 γε
1020 2928 1233 3016 θαυμαστὰ
1267 2937 1332 2998 καὶ
1372 2921 1661 3018 ἀπαράλλακτα

304 3046 337 3100 25
359 3026 563 3120 ἡγοῦνται.
607 3034 756 3118 λέγωμεν
786 3019 849 3100 οῦν
878 3035 955 3118 περὶ
984 3035 1058 3099 τῶν
1085 3033 1353 3118 κατειλεγμένων
1373 3034 1588 3118 χρηστηρίων
1610 3020 1664 3100 ότι

359 3129 516 3206 δυνατὸν,
535 3135 597 3219 μὲν
628 3125 706 3218 ὴμίν
736 3125 935 3217 συνάγουσιν
964 3122 1032 3200 ἀπὸ
1058 3121 1310 3216 Ἀριστοτέλους
1338 3133 1395 3196 καὶ
1426 3131 1500 3196 των
1526 3126 1570 3198 τά
1600 3131 1664 3197 τοῦ

358 3227 553 3318 Περιπάτου
590 3223 902 3316 φιλοσοφησάντων
933 3223 995 3298 οῦκ
1028 3221 1126 3316 όλίγα
1157 3232 1263 3298 εἰπεῖν
1295 3232 1341 3310 εἰς
1371 3222 1571 3315 ἀνατροπὴν
1602 3231 1664 3296 τοῦ

356 3339 433 3417 περὶ
463 3335 532 3419 τῆς
553 3335 705 3411 Πυθίας
734 3333 790 3398 καί
819 3333 894 3398 τιῦν
922 3333 1057 3399 λοιπῶν
1076 3333 1289 3416 χρηστηρίων
1310 3324 1427 3414 λόγου·
1458 3324 1607 3397 δυνατόν
1629 3332 1664 3396 δὲ

357 3436 412 3500 καὶ
442 3427 484 3500 τά
515 3433 692 3517 λελεγμένα
722 3433 773 3513 τῷ
795 3422 981 3518 Ἐπικούρῳ
1010 3432 1066 3496 καί
1095 3444 1168 3509 τοίς
1195 3422 1439 3514 ἀσπαζομένοις
1466 3421 1574 3498 αὐτοῦ
1601 3425 1664 3498 τόν

444 3615 462 3671 8
481 3615 545 3684 Vgl.
564 3614 636 3668 oben
649 3613 687 3668 VI
704 3613 746 3682 81,
758 3613 784 3668 8.
798 3615 848 3668 152
860 3613 886 3667 Ζ.
899 3616 940 3668 17.
958 3643 991 3652 -
1010 3613 1049 3670 16
1066 3613 1130 3682 Vgl.
1143 3612 1214 3668 oben
1231 3611 1270 3665 VI
1288 3613 1328 3666 72.
1348 3613 1388 3666 73.
1407 3613 1447 3665 74.
1466 3613 1506 3668 75.
1526 3612 1611 3666 78-
1626 3613 1661 3669 17

357 3701 420 3770 Vgl.
433 3699 505 3756 oben
521 3701 534 3753 1
552 3700 661 3755 35-37.
679 3701 720 3754 48.
744 3699 769 3752 11
787 3700 828 3754 28
847 3699 887 3754 29.
906 3700 947 3753 37.
970 3699 1009 3752 ΠΙ
1027 3699 1102 3753 2-4.
1123 3698 1162 3752 VI
1174 3698 1283 3754 19-21.
1295 3726 1329 3736 -
1346 3695 1387 3752 26
1409 3694 1605 3765 181416101,
1623 3696 1663 3750 De

357 3785 460 3838 mundo
484 3783 549 3854 Cap.
567 3783 605 3836 IV
624 3783 688 3852 (vol.
706 3785 718 3836 I
741 3801 766 3853 p.
784 3783 865 3850 3959,
882 3785 983 3852 26ης.
1001 3783 1043 3840 εδ.
1061 3781 1145 3838 Αυεδ.
1163 3781 1229 3852 Reg.
1247 3783 1373 3850 Βοιυεεὴ.
1399 3809 1433 3820 -
1459 3779 1498 3838 27
1528 3779 1590 3850 Vgl.
1608 3780 1662 3834 Eu·

358 3869 457 3933 sebius,
476 3867 571 3939 Praep.
588 3865 693 3936 Evang.
711 3866 750 3920 lv
768 3869 792 3934 2,
809 3868 834 3922 8.
853 3869 893 3922 13.
917 3869 941 3930 3,
961 3871 1000 3922 14.
1019 3897 1053 3908 -
1069 3867 1109 3924 29
1128 3866 1191 3936 Vgl.
1204 3867 1238 3920 Η.
1250 3867 1362 3934 Usener,
1376 3863 1510 3936 Epicurea
1520 3879 1546 3935 p.
1559 3865 1617 3930 261,
1630 3867 1661 3920 21

357 3953 404 4006 Nr.
421 3955 481 4009 395.

728 4067 742 4096 Ι

442 4107 514 4164 4-5
532 4125 577 4161 εει
594 4107 674 4160 Rand
692 4109 742 4162 κελ
760 4109 797 4161 A¹
820 4107 825 4174 Ι
848 4107 868 4162 δ
896 4099 961 4162 οόδὲ
976 4107 1046 4175 μίαν
1062 4111 1088 4162 A
1107 4109 1112 4174 Ι
1139 4109 1153 4164 7
1174 4097 1267 4171 οῦτως
1282 4109 1308 4161 A
1326 4097 1403 4162 οῦτοι
1421 4105 1523 4175 Ausgg.
1542 4105 1547 4174 Ι
1568 4105 1605 4162 11
1623 4099 1665 4160 εδ

356 4189 527 4262 χερέσταταΙ
545 4183 722 4263 εύχερέσταέ
741 4183 777 4245 όν
794 4194 916 4246 νειιααίε
933 4192 978 4245 ioh
997 4193 1003 4260 Ι
1022 4186 1184 4261 ῦπαντῆσαι
1201 4195 1227 4247 A
1248 4185 1411 4260 ἀπαντῆσαι
1429 4190 1527 4244 119977·
1537 4193 1638 4259 Ausgg.

359 4275 399 4334 15
410 4271 480 4346 μὴδὲ
497 4277 602 4345 μίανΑ
618 4279 622 4342 Ι
639 4277 676 4332 18
695 4275 870 4330 Δοιδοινίδοιν
887 4275 1010 4330 schreibo
1026 4275 1072 4330 ioh
1089 4276 1141 4330 mit
1158 4275 1206 4330 Bo.
1224 4275 1321 4344 (Notae
1333 4293 1361 4344 p.
1374 4277 1433 4344 399)
1451 4293 1478 4328 u.
1496 4273 1556 4330 Del.
1575 4275 1596 4342 ΙΙ
1614 4275 1664 4329 695

358 4364 439 4415 Amn.
458 4362 493 4426 ε),
510 4359 566 4430 vgl.
583 4363 669 4415 unten
687 4360 737 4413 Vll
754 4361 779 4426 6,
797 4359 822 4414 S.
835 4361 886 4416 158
902 4360 929 4414 Z.
941 4362 982 4428 25,
1000 4379 1026 4416 u.
1039 4361 1126 4428 1117,
1145 4359 1171 4416 S.
1183 4361 1234 4416 160
1250 4359 1277 4413 Ζ.
1289 4363 1317 4424 2,
1335 4360 1496 4415 Δωδωνίων
1514 4361 1644 4428 AAusgg.
1660 4365 1662 4397 ¹

360 4462 399 4518 19
425 4462 592 4534 βραγχίδαις
608 4461 651 4525 1²²,
669 4461 720 4515 Ηῠ.
738 4479 783 4515 am
801 4459 894 4524 Rand,
911 4461 1022 4531 Sp.Del.
1040 4461 1080 4515 im
1096 4461 1178 4526 Tem
1204 4434 1291 4534 βραὴλ
1312 4461 1360 4532 Ιεο]
1384 4463 1408 4516 A
1432 4463 1436 4530 Ι
1461 4460 1502 4516 26
1522 4447 1572 4530 ὧν]
1595 4480 1619 4514 ω
1637 4460 1665 4513 in

359 4546 502 4601 eorrectur
518 4549 544 4600 A
567 4549 572 4612 Ι
595 4546 634 4602 21
655 4544 717 4616 <έν>
736 4545 801 4614 fuge
818 4545 863 4598 ich
881 4545 939 4611 oin,
961 4547 1017 4615 vgl.
1035 4549 1120 4602 unton
1140 4547 1189 4601 vn
1208 4549 1236 4614 7,
1254 4547 1279 4600 S.
1298 4549 1348 4604 160
1365 4546 1393 4601 Ζ.
1411 4549 1426 4601 1
1450 4545 1455 4614 Ι
1479 4544 1518 4600 26
1542 4542 1666 4615 λέγομεν

358 4631 480 4684 schreibt
497 4630 608 4698 Usener,
626 4629 761 4699 Epicurea
778 4646 803 4700 p.
821 4631 879 4694 261,
898 4629 931 4684 21
947 4633 951 4698 Ι
967 4632 1004 4686 27
1025 4631 1116 4686 hinter
1133 4623 1301 4700 ἀνατροπὴν
1312 4633 1347 4698 -Ι-
1358 4623 1411 4699 τὴν
1428 4629 1488 4684 Del.
