3758 5564
345 489 405 553 380
887 483 1111 540 ονινεαουε

348 649 494 764 ίσταται)
530 641 571 716 τό
602 639 686 716 αῦτό
717 652 805 735 λέγει
838 650 889 735 τῷ
917 653 1103 737 Ματθαίφ,
1135 639 1229 730 ὅστις
1260 643 1322 718 οῦκ
1350 651 1437 720 ἔοικε
1462 651 1578 742 χώραν
1605 661 1649 726 δι·

345 739 442 814 δῦναι
468 748 520 866 τηῦ
538 751 742 864 βουλομένῳ
769 751 992 834 μετανοοῦσιν
1014 739 1176 833 ἀφιέναι
1202 764 1273 829 τοῖς
1287 741 1510 868 ὀφείλουσι
1526 749 1648 876 μόνον,

345 839 504 931 λέγων(
483 841 550 914 υπὸ
582 849 644 915 τοῦ
674 851 830 966 σωτηρος
856 851 1151 968 νενομοθετῆσθαι
1172 845 1214 918 τὸ
1237 843 1321 936 ἡμᾶς
1344 851 1414 920 δεῖν
1440 853 1477 922 ἐν
1457 856 1548 974 666
1570 849 1648 942 εῦχή

344 949 620 1063 προστιθέναιη
621 950 700 1029 ,καί
727 944 798 1034 γὰρ
824 941 938 1016 αῦτσὶ
958 941 1125 1032 ἀφίεμεν
1145 953 1268 1018 παντὶ
1291 941 1504 1070 ὀφείλοντι
1526 946 1627 1040 ημῖν
1629 963 1648 990 ‘

307 1055 324 1109 5
342 1039 470 1125 πάντες
490 1047 607 1131 μέντοι
628 1073 664 1134 γε
678 1049 833 1131 ἐξουσίαν
849 1049 997 1167 (ἔχομεν)
1013 1040 1177 1132 ἀφιέναι
1201 1074 1244 1116 τα
1230 1041 1340 1128 είςι
1320 1053 1405 1137 ημᾶς
1420 1043 1646 1139 ἡμαρτημένα·

343 1135 426 1230 ὅπερ
456 1139 561 1232 δῆλόν
591 1147 683 1214 ἐστιν
710 1145 747 1214 ἐκ
769 1172 806 1215 τε
828 1152 891 1216 τοῦ
911 1141 987 1231 ,οῦς
1012 1150 1076 1214 καὶ
1102 1139 1229 1268 ἡμεῖς
1239 1141 1406 1235 ἀφίεμεν
1431 1165 1517 1232 τοῖς
1539 1144 1645 1270 ὄφει·

341 1238 518 1324 λέταις“
497 1247 631 1365 ημῶν“
652 1251 709 1315 καὶ
729 1247 765 1314 ἐκ
785 1249 878 1328 τοῦ,
880 1252 955 1328 ,καὶ
976 1242 1048 1333 γάρ
1070 1239 1187 1314 αῦτολ
1209 1239 1375 1336 ἀφίεμεν
1395 1254 1518 1320 παντί
1538 1243 1644 1336 ἀφεί-

340 1354 458 1414 λοντι
488 1337 608 1462 ήμῖν.“
651 1337 670 1414 6
700 1347 736 1412 δὲ
756 1340 1030 1480 662660669‘
1009 1343 1077 1415 υπὸ
1105 1350 1169 1416 τοῦ
1194 1340 1300 1434 Ἰησοῦ
1325 1343 1374 1430 ὦς
1400 1350 1432 1417 οί
1457 1341 1645 1420 ἀπόστολοι

270 1437 515 1525 301666163
547 1447 621 1511 τῶν
650 1449 814 1531 καρπῶν“
846 1444 1071 1532 γινώσκεσθαι
1101 1441 1292 1533 δυνάμενος,
1317 1441 1396 1533 Ιιῦς
1417 1444 1576 1568 χωρήσας
1603 1445 1644 1519 τό

288 1556 322 1611 10
339 1547 471 1628 πνεῦμα
497 1541 538 1613 τό
559 1534 658 1659 νῦγιον
679 1549 735 1612 καὶ
757 1539 935 1632 γενόμενος
957 1542 1184 1632 πνευματικὸς
1203 1549 1257 1632 τῷ
1279 1539 1346 1664 666
1368 1551 1433 1616 τοῦ
1452 1545 1644 1636 πνεύματος

338 1637 478 1762 ἀγεσθαι
507 1635 639 1760 τρόπον
664 1644 740 1713 υίοῦ
764 1648 850 1713 θεοῦ
875 1637 928 1730 ἐφ’
952 1641 1095 1714 ἕκαστον
1122 1648 1196 1713 τῶν
1215 1641 1303 1714 κατὰ
1325 1639 1429 1765 26666
1450 1651 1642 1733 πρακτέων,

338 1733 546 1862 ἀφίησιν“
527 1768 549 1808 α
569 1736 670 1812 ἐὰν’
650 1746 728 1828 αφή
751 1736 771 1812 6
792 1743 875 1825 θεὸς
895 1747 950 1812 καί
964 1759 1083 1830 κρατεῖ
1095 1770 1139 1814 τα
1125 1738 1276 1813 ἀνίατα
1290 1748 1366 1814 των
1380 1739 1643 1868 ἁμαρτημάτων,

337 1836 519 1929 ῦπηρετοῦν
541 1831 655 1960 ηῦσπερ
677 1844 709 1911 οί
721 1845 966 1961 προφήταιέν
988 1871 1039 1932 τῳ
1024 1847 1170 1931 ’λέγειν
1192 1836 1233 1912 οῦ
1254 1839 1297 1960 τά
1319 1845 1386 1912 ίδια
1408 1837 1494 1914 ἀλλὰ
1515 1842 1559 1916 τδι
1581 1851 1643 1916 τοῦ

336 1947 435 2011 θείου
455 1935 665 2028 βουλήματος
685 1944 738 2028 τῷ
760 1945 834 2029 θεῷ
857 1934 951 2012 οῦτω
971 1913 1028 2010 καί
1049 1935 1152 2022 αῦτὸς
1174 1946 1226 2030 τῷ
1247 1935 1342 2030 μόνῳ
1359 1945 1545 2028 ἐ”ξσυσίαν
1530 1971 1641 2032 εχοντι

285 2050 318 2106 15
335 2034 498 2126 ἀφιέναι
519 2043 601 2128 θεῷ.

419 2165 447 2226 9.
484 2155 595 2244 ἔχουσι
621 2159 657 2226 δέ
684 2159 721 2226 ἐν
747 2161 799 2245 τῷ
824 2154 912 2227 κατὰ
933 2151 1093 2246 Ἰωάννην
1119 2153 1299 2246 εὐαγγελίῳ
1327 2159 1360 2227 αί
1385 2165 1464 2245 περὶ
1484 2163 1546 2249 τῆς
1568 2164 1641 2230 τῶν

335 2251 541 2374 ἀποστόλων
540 2260 740 2376 γενομένης
761 2250 913 2341 ἀφέσεως
935 2263 1049 2342 φωναὶ
1071 2249 1228 2340 σῦτως·,
1230 2252 1359 2342 ,λάβετε
1379 2264 1510 2348 πνεῦμα
1531 2251 1641 2348 άγιον·

335 2349 377 2425 ἀν
399 2380 508 2424 τινων
529 2350 658 2474 ἀφῆτε
679 2353 749 2436 τάς
770 2349 976 2444 ἀμαρτίας,
1000 2352 1188 2442 ἀφίενται
1214 2351 1343 2439 αῦτοῖς·
1365 2351 1409 2428 ἀν
1435 2385 1543 2429 τινων
1563 2385 1641 2448 κρα

336 2458 428 2543 τήτε,
450 2450 705 2574 κεκράτηνται(
748 2456 776 2524 εί
802 2459 841 2526 δέ
860 2483 912 2537 τις
933 2449 1167 2576 ἀβασανίστως
1187 2453 1386 2545 ἐκλαμβάνει
1407 2463 1525 2542 ταῦτα,
1545 2461 1639 2548 ἐγκα-

283 2564 318 2622 20
334 2561 428 2625 λίσαι
449 2582 500 2635 τις
522 2547 564 2623 ἀν
586 2570 659 2636 τοῖς
673 2547 887 2674 ἀποστόλοις
907 2552 952 2642 μή
968 2559 1070 2626 πᾶσιν
1092 2549 1277 2678 ἀφιεῖσιν,
1301 2559 1355 2626 ἵνα
1368 2561 1472 2628 πᾶσιν
1493 2553 1635 2646 ἀφεθῇ,

334 2649 450 2737 ἀλλά,
452 2661 591 2737 ,“τινων
613 2650 709 2736 ,τὰς
731 2647 952 2774 6uaotl6c“
973 2661 1164 2742 κρατοῦσιν,
1187 2652 1236 2737 ιῦς
1262 2651 1305 2724 δι’
1326 2651 1451 2777 αῦτηῦς
1471 2663 1527 2727 καί
1547 2655 1639 2746 παρὰ

334 2758 408 2842 θεῖς’
442 2762 639 2840 κρατεῖσθαι
673 2747 785 2834 αῦτάς.
833 2749 997 2842 χρήσιμον
1036 2758 1071 2823 δὲ
1101 2750 1359 2843 παράδειγμ’
1339 2754 1408 2827 απδ
1441 2762 1504 2827 τοῦ
1533 2753 1639 2847 νόμου

333 2861 445 2939 λαβεῖν
471 2849 558 2939 πρίς
583 2849 626 2922 τὸ
648 2857 817 2972 νοηθῆναι
839 2849 904 2971 τήν
926 2847 966 2922 δι’
989 2847 1190 2939 ἀνθρώπων
1213 2848 1333 2940 ἄφεσιν
1354 2850 1421 2926 ῦπὸ
1442 2863 1527 2927 θεοῦ
1548 2884 1637 2945 γινο-

332 2957 438 3040 μένην
468 2946 667 3038 ἀνθραίπσις
699 2946 958 3040 ἁμαρτημάτων.
1001 2955 1033 3022 οί
1062 2951 1149 3024 κατὰ
1181 2948 1288 3042 νόμον
1317 2956 1414 3042 ίερεῖς
1444 2953 1636 3028 κωλύονται

280 3061 313 3117 25
330 3057 408 3139 περί
429 3077 538 3121 τινων
558 3043 804 3170 προσφέρειν“
784 3047 1037 3140 αμαρτημάτων
1058 3059 1190 3136 θυσίαν,
1213 3055 1267 3124 ἵνα
1289 3047 1424 3140 ἀφεθῇ
1446 3072 1533 3138 τοῖς,
1560 3063 1636 3145 περὶ

331 3141 383 3222 ὧν
404 3151 437 3222 αί
462 3157 591 3270 θυσίαι,
621 3147 663 3219 τὰ
691 3144 967 3238 πλημμελήματα.
1013 3157 1068 3220 καὶ
1097 3147 1138 3222 οῦ
1166 3148 1207 3241 δή
1234 3180 1302 3272 πηυ
1331 3151 1394 3241 τήν
1422 3161 1500 3242 περί
1529 3183 1636 3227 τινων

330 3243 530 3334 ἐξουσίαν’
510 3277 529 3320 ο
556 3248 660 3338 λερεῦς
686 3242 901 3320 ἀκουσίων”
881 3277 902 3338 η
928 3247 1226 3369 πλημμελημάτων
1253 3245 1431 3338 ἀναφορὰν
1458 3256 1546 3341 ἔχων
1572 3249 1635 3343 ήδη

329 3355 385 3419 καὶ
420 3354 497 3436 περὶ
531 3356 678 3437 μοιχείας
708 3342 728 3439 6
760 3349 912 3418 εκουσίου
942 3345 1053 3436 φόνου
1082 3344 1105 3437 ή
1137 3377 1231 3432 τινος
1261 3345 1368 3420 ἄλλου
1395 3359 1635 3441 χαλεπωτέραν

410 3584 429 3640 4
449 3584 517 3638 Ιωίτ.
536 3587 575 3650 11,
593 3588 617 3639 4.
635 3615 669 3625 -
687 3587 706 3643 6
724 3588 822 3642 Matth.
839 3587 863 3651 6,
882 3587 922 3642 12.
940 3616 974 3626 -
994 3585 1008 3642 ί
1029 3585 1096 3639 Luk.
1111 3589 1151 3653 11,
1164 3589 1189 3641 4.
1206 3617 1240 3628 -
1258 3589 1277 3644 8
1295 3588 1357 3657 Vgl.
1370 3589 1441 3644 oben
1454 3589 1519 3659 Cap.
1532 3589 1596 3644 XIV
1608 3591 1632 3652 6.

327 3669 352 3724 S.
371 3671 421 3724 333
438 3669 465 3723 Ζ.
484 3670 545 3725 141.
564 3700 596 3710 -
614 3671 632 3726 θ
651 3670 714 3739 Vgl.
733 3672 831 3726 Matth.
851 3673 874 3734 7,
894 3674 933 3727 16.
952 3672 986 3727 20
1002 3670 1081 3738 (Luk.
1100 3673 1125 3733 6.
1141 3673 1193 3738 44).
1212 3702 1244 3710 -
1267 3672 1306 3728 16
1324 3672 1632 3742 vgl.11(01.2,14.15.

326 3784 359 3794 -
378 3754 441 3824 vgl.
459 3753 536 3809 ma.
554 3755 578 3816 8.
599 3759 639 3809 14.
664 3756 724 3810 Gal.
742 3759 766 3820 5,
785 3756 826 3810 18.
844 3785 877 3795 -
897 3755 933 3811 17
953 3755 1016 3810 Joh.
1034 3755 1075 3816 20,
1094 3756 1135 3809 22.
1154 3757 1195 3810 23.
1213 3787 1246 3795 -
1265 3757 1303 3812 21
1323 3757 1386 3826 vgl.
1406 3757 1467 3812 Joh.
1486 3759 1526 3824 20,
1545 3760 1586 3814 23.

412 3973 427 4028 1
445 3967 545 4044 χώραν
562 3973 684 4028 schreibe
702 3973 747 4028 ich
765 3973 817 4028 mit
834 3973 918 4028 110πά.
938 3992 963 4028 u.
982 3973 1042 4028 Del.
1060 3975 1082 4043 ΙΙ
1100 3976 1172 4030 9261
1183 3975 1227 4042 1)),
1242 3982 1342 4046 χαῖρον
1359 3976 1409 4031 Ox.
1419 3977 1478 4032 Del.
1496 3977 1535 4030 im
1554 3975 1630 4034 Text.

323 4063 427 4130 χῶραν
448 4057 470 4110 Τ
494 4058 498 4126 Ι
522 4058 540 4114 2
565 4057 655 4112 hinter
672 4052 767 4126 μόνον
784 4061 922 4114 τετωυίεί
939 4059 992 4114 den
1009 4059 1117 4113 Ausfall
1137 4077 1190 4114 von
1209 4061 1273 4128 (καί
1290 4052 1329 4130 μή
1348 4056 1530 4130 ἀποδιδοῦσι)
1548 4061 1630 4131 Angl.

324 4142 381 4211 (boi
399 4141 458 4196 Del.
475 4143 488 4196 I
506 4143 586 4210 9262)
604 4143 676 4197 ohne
695 4143 787 4197 Grund
814 4147 818 4207 Ι
842 4144 861 4200 3
888 4137 921 4198 τά
945 4137 1020 4213 ἡμᾶς
1041 4146 1099 4200 δεῖν
1121 4144 1244 4199 schreibe
1266 4145 1311 4198 ich
1332 4145 1385 4198 mit
1401 4147 1479 4200 Bent.
1498 4144 1553 4212 (bei
1570 4145 1629 4200 Del.

323 4227 336 4279 1
355 4227 405 4282 255
422 4230 502 4280 Anm.
521 4221 608 4294 2616
626 4220 666 4296 μή
685 4229 743 4282 δεῖν
758 4227 886 4297 TAusgg.
903 4229 941 4296 15
961 4221 1091 4298 (ἔχομεν)
1110 4229 1175 4298 stige
1192 4229 1238 4284 ich
1255 4229 1307 4283 mit
1325 4234 1374 4283 Ox.
1393 4229 1477 4284 Lond.
1495 4231 1552 4283 und
1569 4231 1629 4285 Del.

324 4311 345 4379 (Ι
364 4312 414 4366 255
432 4313 512 4365 Anm.
530 4311 560 4379 b)
582 4310 639 4379 ein,
664 4312 719 4380 vgl.
737 4315 822 4366 unten
845 4312 870 4368 Z.
889 4315 922 4366 14
946 4315 950 4381 Ι
975 4314 1014 4370 18
1041 4307 1132 4384 ἀφῆτε
1159 4313 1628 4384 Οι.1)ε1.(125516ω.ο)ΔαςΙ.

322 4397 356 4465 (α.
374 4413 399 4449 ε.
417 4393 472 4464 0.),
495 4389 592 4465 ἀφίετε
613 4395 729 4451 Thond.
739 4396 799 4451 Del.
816 4397 854 4450 im
876 4397 945 4452 Text
969 4400 973 4466 Ι
1000 4398 1038 4454 16
1066 4396 1220 4468 ἐγκαλέσαι
1242 4399 1292 4468 τις)
1316 4396 1470 4468 ἐγκαλέσαι
1493 4403 1630 4455 τετωοίεί

321 4479 403 4548 Angl.
422 4481 457 4547 (a.
473 4497 497 4534 ε.
516 4479 569 4546 0.),
592 4479 627 4534 ob
651 4475 860 4549 έγκαλέσαιτο2
884 4484 888 4550 Ι
912 4482 952 4538 26
976 4476 1011 4538 06
1032 4478 1123 4551 δήπου
1144 4483 1260 4538 TLond.
1284 4477 1405 4539 οῦδέπου
1426 4482 1476 4540 Ox.
1486 4484 1545 4538 Del.
1566 4488 1570 4551 Ι
1589 4485 1626 4540 21

322 4561 454 4629 ἐξουσίαν
479 4563 521 4618 bis
548 4557 627 4634 ἔχων)
656 4560 789 4632 ἐξουσίαν
816 4557 832 4620 6
856 4560 947 4638 ίερεῦς
974 4563 1121 4622 ἀκουσίων
1142 4563 1159 4636 6
1184 4563 1353 4639 (ἑκουσίων)
1376 4563 1628 4638 πλημμελημάτων

321 4640 474 4718 ἀναφορᾶς
490 4641 565 4718 έχων
582 4653 703 4704 vermute
720 4651 765 4704 ich
781 4653 785 4720 Ι
800 4643 859 4721 ἤδη]
880 4644 939 4720 ἔδει
957 4649 1021 4706 lieet
1038 4653 1118 4722 Angl.
1137 4655 1171 4720 (ε.
1190 4669 1214 4707 α.
1233 4653 1274 4723 Ο.)
1292 4652 1439 4723 unrichtig.
