3790 5526
601 448 700 504 μετα
724 447 883 504 moy
904 449 946 507 vl
968 450 1009 503 ιτ.
1027 447 1067 502 ιε
1087 446 1126 502 ιο.
1481 451 1520 514 89

216 615 433 697 δυναμένους,
461 608 504 680 τά
529 609 602 700 ίερά
628 617 703 683 τῶν
727 615 921 700 προφητῶν
945 607 1129 701 γράμματα.
1172 613 1236 698 ἔχει
1259 603 1292 680 δ’
1315 603 1335 697 ῆ
1357 606 1521 680 Πλάτω-

216 737 284 792 νος
309 714 428 796 λέξις,
456 705 498 799 ῆν
526 705 545 782 ό
570 717 698 794 Κέλσος
719 713 870 798 ἐξέθετο,
899 715 1027 782 τοῦτον
1052 709 1117 782 τὸν
1138 706 1282 799 τρόπον·
1312 713 1427 798 ,περί
1450 705 1522 778 τὸν

215 806 383 880 πάντων
415 816 575 892 βασιλέα
603 808 718 882 πάντ’
741 815 838 896 ἐστὶ,
865 815 931 881 καὶ
956 815 1115 881 ἐκείνου
1141 808 1257 880 ἕνεκα
1282 805 1429 892 πάντα,
1455 812 1522 878 καὶ

216 913 351 981 ἐκεῖνο
382 913 515 980 αἴτιον
546 905 737 983 άπάντων
767 915 911 982 καλῶν.
954 907 1145 994 δεύτερον
1175 914 1215 980 δὲ
1244 915 1335 997 περί
1362 907 1411 979 τά
1438 905 1521 980 δεύ-

182 1023 325 1098 οτερα,
355 1015 419 1080 καί
423 1016 594 1128 τρίτον
622 1015 713 1100 περί
743 1009 790 1080 τά
822 1015 947 1100 τρίτα.
993 1005 1014 1127 ῆ
1045 999 1119 1079 οόν
1148 1003 1386 1096 ἀνθρωπίνη
1417 1004 1521 1095 ψυχὴ

215 1113 305 1198 περί
336 1105 437 1179 αὐτὰ
468 1102 649 1198 ὀρέγεται
658 1119 839 1231 μαθεῖν,
870 1128 965 1180 ποῖα
993 1103 1093 1180 άττα
1114 1110 1211 1192 ἐ,στί
1238 1111 1439 1196 βλέπουσα
1467 1111 1522 1188 είς

217 1237 265 1278 τα
287 1235 410 1296 αυτης
432 1231 615 1329 συγγενῆ
643 1199 699 1280 ῶν
725 1206 846 1280 ουδεν
866 1210 1052 1290 ίκανως
1037 1235 1122 1298 εχει
1163 1235 1237 1278 του
1259 1205 1304 1296 δη
1326 1211 1522 1289 βασιλέως

216 1312 306 1397 πέρι
332 1313 396 1377 καὶ
424 1297 479 1377 ῶν
502 1309 630 1392 είπον,
658 1304 776 1380 ούδέν
797 1311 881 1380 ἐστι
903 1314 1127 1380 τοιοῦτονί(
1169 1303 1337 1394 ἐδυνάμην
1359 1311 1394 1376 δέ
1415 1332 1522 1394 παρα-

217 1411 341 1476 θέσθαι
367 1404 411 1477 τὰ
435 1413 513 1496 περί
540 1415 614 1478 τῶν
637 1404 717 1498 παρ’
746 1406 906 1497 Ἑβραίοις
935 1412 1156 1496 καλουμένων
1187 1413 1384 1496 „oeoawlpf
1405 1400 1522 1493 άναγε-

168 1517 201 1572 10
220 1511 420 1595 γραμμένων
449 1510 486 1578 ἐν
517 1515 568 1596 τῷ
590 1501 714 1599 Ἠσαίᾳ,
742 1504 1034 1592 καλυπτόντων,
1036 1505 1089 1593 ,τό
1110 1502 1310 1596 πρόσωπον
1312 1511 1395 1575 (καὶ
1421 1503 1524 1589 ,τούς

219 1602 349 1688 adda&
382 1612 446 1726 τοῆ
477 1612 599 1694 θεοῦ,Ι
626 1613 682 1678 καὶ
714 1606 756 1678 τὰ
776 1615 873 1730 Ηπερὶ
891 1615 964 1678 τῶν
990 1602 1280 1696 ὀνομαζομένων,
1282 1611 1480 1695 ,χερουβίμβ
1502 1598 1523 1675 ά
1542 1623 1594 1678 644

220 1699 442 1794 διέγραψεν
424 1734 443 1776 ο
464 1701 628 1794 Ἰεζεκιῆλ,
656 1714 712 1778 καὶ
742 1714 815 1778 τῶν
845 1703 967 1778 ῶσανεὶ
996 1703 1175 1796 σχημάτων
1204 1700 1333 1789 αύτῶν,
1362 1711 1417 1774 καὶ
1446 1710 1525 1776 τίνα

219 1801 352 1892 τρόπον
377 1798 529 1892 ὀχεῖσθαι
556 1809 686 1893 λέγεται
712 1808 766 1876 ἐπὶ
793 1813 865 1876 τῶν
890 1814 1046 1894 χερσυβὶμ
1074 1800 1093 1876 ὁ
1122 1800 1216 1886 θεός·
1245 1799 1318 1875 ἀλλ’
1341 1807 1411 1874 ἐπεὶ
1433 1800 1527 1874 πάνυ

221 1907 457 1993 κεκρυμμένως
479 1907 608 1993 εἴρηται
630 1902 684 1974 διά
708 1903 788 1987 τούς
809 1900 966 1990 ἀναξίους
986 1911 1041 1978 καὶ
1064 1900 1234 1993 άσέμνους,
1256 1902 1301 1993 μῆ
1322 1908 1526 1991 δυναμένους

170 2022 202 2074 15
219 2009 522 2092 παρακολουθῆσαι
558 2008 758 2095 μεγαλονοίᾳ
792 2009 847 2073 καί
876 2000 1056 2094 σεμνότητι
1086 2011 1278 2090 θεολογίας,
1316 1998 1375 2090 ούχ
1407 1997 1526 2091 ῆγησά·

220 2129 287 2191 μην
319 2109 452 2190 πρέπον
482 2103 567 2172 εἶναι
598 2106 634 2174 έν
664 2108 715 2191 τῷ
745 2098 973 2192 συγγράμματι
1004 2101 1119 2192 τούτῳ
1149 2108 1224 2191 περὶ
1254 2099 1370 2173 αύτῶν
1399 2108 1526 2190 διαλεχ-

220 2207 333 2290 θῆναι.

302 2321 383 2387 ΧίΧ.
418 2312 510 2408 Ἑξῆς
532 2325 567 2390 δέ
589 2315 727 2400 τούτοις
749 2325 851 2407 φησίν
874 2313 1038 2402 όΙίέλσος
1058 2315 1390 2408 παρακούσαντάς
1412 2347 1526 2401 τινας

221 2416 489 2504 Χριστιανοὺς
510 2423 788 2488 Πλατωνικῶν
810 2423 958 2503 λέξεων
980 2415 1114 2505 αύχειν
1135 2417 1210 2489 τὸν
1230 2414 1526 2507 ύπερουράνιον

169 2531 204 2586 20
220 2514 333 2599 θεὸν,
356 2511 762 2604 ύπεραναβαίνοντας
787 2515 860 2587 τόν
882 2513 1085 2590 Ἰουδαίων
1105 2513 1287 2605 ούρανόν.
1331 2522 1367 2588 ἐν
1389 2515 1527 2600 τούτοις

221 2621 256 2686 δὲ
279 2612 320 2687 ού
346 2621 509 2703 διασαφεῖ,
535 2611 685 2705 πότερον
711 2622 767 2686 καὶ
800 2613 872 2686 τόν
902 2611 1102 2687 Ἰουδαίων
1132 2615 1232 2688 θεόν
1260 2614 1526 2704 ύπεραναβαί·

222 2738 362 2786 νουσιν
393 2709 414 2804 ἢ
444 2711 551 2804 μόνον
580 2711 621 2787 όν
653 2710 834 2803 ὀμνύουσιν
864 2711 1044 2802 οὐρανόν.
1087 2722 1164 2805 περὶ
1189 2721 1251 2806 μέν
1277 2709 1342 2788 οὖν
1364 2722 1439 2788 τῶν
1460 2717 1528 2788 ἐτε-

222 2842 285 2904 ρον
314 2818 615 2903 ἐπαγγελλομένων
641 2813 740 2887 θεὸν
766 2813 858 2905 παρὰ
885 2814 958 2887 τόν
983 2822 1038 2888 καί
1060 2813 1128 2888 ύπό
1155 2810 1356 2888 Ἰουδαίων
1381 2840 1526 2903 προσκυ-

222 2912 387 3000 νούμενον
421 2911 463 2984 ού
491 2909 669 3002 πρόκειται
699 2920 761 2985 νῦν
795 2910 873 3038 ῆμῑν
906 2921 1028 3005 λέγειν,
1061 2922 1136 3004 περὶ
1172 2919 1207 2984 δὲ
1238 2914 1371 2986 ἑαυτῶν
1401 2912 1527 2987 άπολο-

171 3038 205 3093 25
221 3024 353 3101 γείσθαι
388 3018 444 3084 καὶ
481 3007 705 3084 δεικνύναι0
687 3043 743 3086 οτι
778 3012 819 3086 ού
853 3013 1014 3087 δύνανται
1044 3018 1077 3084 σί
1107 3042 1177 3101 παρ
1216 3010 1294 3104 ῆμίν
1328 3011 1529 3086 Ιουδαίων

222 3118 398 3202 προφῆται
419 3108 488 3182 άπὸ
517 3109 739 3196 Πλάτωνός
766 3141 800 3184 τι
827 3117 1014 3202 εἰληφέναι·
1043 3113 1261 3203 πρεσβύτεροι
1283 3111 1346 3203 γάρ
1367 3104 1452 3202 ῆσαν
1473 3110 1529 3184 αύ-

224 3218 295 3284 τοῦ.
337 3207 410 3284 οὔτ’
434 3202 497 3282 οὖν
525 3211 589 3302 τῆν
619 3209 813 3298 φάσκουσαν
843 3219 964 3300 λέξιν
993 3219 1108 3300 ,περὶ
1134 3213 1208 3283 τὸν
1233 3241 1402 3284 παντων
1423 3221 1529 3297 βασι

225 3317 291 3382 λέα
324 3305 442 3381 πάντ
467 3315 565 3396 ἐστὶ,
598 3317 663 3383 καὶ
697 3315 855 3382 ἐκείνου
882 3312 996 3384 ἕνεκα
1026 3311 1182 3383 πάντά(
1212 3308 1282 3384 άπὸ
1313 3311 1529 3395 Πλάτωνος

225 3408 417 3501 είλῆφαμεν,
441 3405 527 3482 άλλά
549 3409 685 3482 τούτων
706 3407 914 3499 κρειττόνως
936 3408 1171 3502 είρημένα’
1150 3411 1219 3484 από
1241 3417 1315 3482 τῶν
1336 3419 1530 3501 προφητῶν

173 3536 207 3592 30
224 3507 474 3600 μεμαθήκαμεν,
503 3516 754 3600 σαφηνίσαντος
782 3517 845 3582 τοῦ
866 3511 971 3601 Ἰησοῆ
996 3519 1051 3584 καὶ
1074 3517 1149 3584 τῶν
1169 3516 1339 3601 μαθητῶν
1360 3507 1466 3582 αὐτοῦ
1488 3510 1529 3583 τό

224 3609 376 3700 βούλημα
402 3615 466 3680 τοῦ
494 3613 531 3680 ἐν
558 3629 631 3694 τοῖς
655 3607 851 3701 προφῆταις
877 3609 1067 3700 πνεύματος
1089 3605 1187 3700 (ὅπερ
1210 3607 1271 3683 ούκ
1294 3607 1379 3682 άλλο
1402 3603 1444 3699 ῆν
1466 3617 1528 3682 τοῦ

223 3710 415 3798 πνεύματος
438 3714 503 3780 τοῦ
525 3706 804 3800 Χριστοῦ),σύτε
825 3709 869 3781 τὰ
890 3717 966 3799 περὶ
989 3716 1052 3781 τοῦ
1079 3707 1377 3800 ύπερουρανίου
1402 3707 1531 3782 τόπου

224 3817 365 3900 πρῶτος
393 3805 412 3881 ό
444 3809 634 3897 φιλόσοφος
666 3818 880 3901 παρίστησιν,
911 3807 998 3882 άλλόι
1029 3815 1132 3880 Δαυῒδ
1161 3809 1226 3900 τῆν
1256 3809 1435 3900 βαθύτητα
1466 3815 1529 3882 τοῦ

225 3909 382 4001 πλῆθους
411 3915 486 3981 τῶν
516 3912 553 3979 ἐν
582 3929 654 3994 τοῖς
690 3905 1059 4000 ύπεραναβεβηκόσι
1096 3909 1139 3980 τά
1171 3908 1316 4000 αἰσθητά
1349 3915 1423 3980 τῶν
1453 3916 1530 3999 περὶ

312 4066 329 4122 2
353 4065 446 4130 Plato,
463 4063 550 4136 Epist.
569 4064 595 4118 11
612 4083 638 4135 p.
657 4065 707 4120 312
719 4063 882 4120 ss-313A.
905 4095 938 4104 -
961 4066 980 4122 θ
1002 4064 1066 4134 Vgl.
1086 4065 1139 4119 Jes.
1157 4067 1181 4132 6,
1199 4065 1223 4119 2.
1241 4095 1274 4104 -
1293 4065 1331 4120 11
1351 4063 1412 4133 Vgl.
1432 4063 1530 4118 Ezeeh.

226 4155 250 4218 1,
268 4151 360 4206 5—27.
385 4151 424 4216 10,
444 4149 535 4203 1-21.
553 4179 586 4188 -
604 4149 643 4204 22
662 4150 725 4220 vgl.
738 4151 836 4204 Matth.
852 4155 876 4215 5,
889 4151 931 4206 34.
949 4180 983 4189 -
1001 4150 1040 4206 82
1058 4148 1121 4219 ng
1134 4149 1221 4213 Plato,
1236 4149 1335 4203 Phadr.
1349 4150 1413 4220 Cap.
1427 4148 1530 4204 XXVII

227 4253 251 4306 p.
269 4237 319 4290 247
332 4235 360 4288 C.

311 4361 329 4416 2
348 4355 401 4416 τόν
417 4361 519 4430 (hinter
536 4361 620 4430 περίΙΙ
637 4366 696 4416 τῶν
712 4359 770 4415 Βεί
786 4362 790 4430 Ι
805 4361 823 4416 4
839 4361 931 4416 hinter
948 4353 1123 4426 ἁπάντων-Ι·
1133 4367 1192 4417 τῶν
1208 4361 1289 4416 Plato
1305 4363 1309 4430 Ι
1325 4361 1344 4416 δ
1362 4353 1423 4414 ποῖ’
1434 4356 1529 4424 Plato!

227 4439 299 4501 άττα
318 4446 400 4501 Plato
423 4437 496 4502 άττα
514 4449 645 4514 AAusgg.
669 4445 673 4513 Ι
696 4445 711 4500 7
734 4437 820 4514 αότῆς
841 4445 922 4500 Plato
945 4441 1032 4515 αὐτῆς
1053 4449 1184 4516 AAusgg.
1201 4448 1205 4516 Ι
1224 4447 1241 4502 θ
1260 4444 1386 4517 σεραφῒμ
1404 4444 1530 4498 ΡΜῦθῐῐ·

227 4531 377 4601 Σεραφείμ
386 4529 495 4602 Sp.Del.
506 4527 653 4600 σαραφείμ
662 4528 742 4584 ΑΗδ.
757 4531 762 4597 Ι
779 4530 816 4586 11
828 4529 969 4602 χερουβίμ
981 4530 1107 4584 1>er*
1117 4533 1272 4602 χερουβείμ
1284 4531 1427 4598 ΑΛοερηΙ
1440 4529 1479 4585 18
1490 4545 1532 4598 χε-

227 4613 333 4688 ρουβίμ
345 4615 367 4669 Ρ
376 4616 531 4688 χερουβεὶμ
544 4618 674 4684 AAusgg.
691 4615 695 4682 Ι
712 4613 750 4670 18
762 4610 1014 4686 παρακούσαντοίςΙ
1026 4611 1080 4671 ούσ
1091 4615 1143 4670 auf
1151 4615 1239 4670 Rasur
1247 4618 1272 4669 A
1283 4615 1287 4685 Ι
1299 4615 1336 4672 27
1351 4617 1427 4681 λεξιν
1440 4613 1487 4684 [so]
1500 4614 1533 4667 A.
